{"id":"smogtours-gen1ou-947684","format":"[Gen 1] OU","players":["yimb","Acetylaldehyde"],"log":"|inactive|Battle timer is ON: inactive players will automatically lose when time's up.\n|t:|1781748734\n|gametype|singles\n|player|p1|yimb|doctor|\n|player|p2|Acetylaldehyde|scientist-gen1rb|\n|gen|1\n|tier|[Gen 1] OU\n|rule|Desync Clause Mod: Desyncs changed to move failure.\n|rule|HP Percentage Mod: HP is shown in percentages\n|rule|Endless Battle Clause: Forcing endless battles is banned\n|rule|Sleep Clause Mod: Limit one foe put to sleep\n|rule|Freeze Clause Mod: Limit one foe frozen\n|rule|Species Clause: Limit one of each Pokémon\n|rule|OHKO Clause: OHKO moves are banned\n|rule|Evasion Moves Clause: Evasion moves are banned\n|\n|t:|1781748734\n|teamsize|p1|6\n|teamsize|p2|6\n|start\n|switch|p1a: Alakazam|Alakazam|100/100\n|switch|p2a: Jynx|Jynx|100/100\n|turn|1\n|inactive|Acetylaldehyde also wants the timer to be on.\n|c|☆Acetylaldehyde|glhf\n|c|☆yimb|glhf\n|\n|t:|1781748747\n|move|p1a: Alakazam|Thunder Wave|p2a: Jynx\n|-status|p2a: Jynx|par\n|move|p2a: Jynx|Lovely Kiss|p1a: Alakazam|[miss]\n|-miss|p2a: Jynx\n|\n|upkeep\n|turn|2\n|\n|t:|1781748752\n|move|p1a: Alakazam|Seismic Toss|p2a: Jynx\n|-damage|p2a: Jynx|70/100 par\n|cant|p2a: Jynx|par\n|\n|upkeep\n|turn|3\n|\n|t:|1781748757\n|move|p1a: Alakazam|Seismic Toss|p2a: Jynx\n|-damage|p2a: Jynx|40/100 par\n|move|p2a: Jynx|Lovely Kiss|p1a: Alakazam\n|-status|p1a: Alakazam|slp|[from] move: Lovely Kiss\n|\n|upkeep\n|turn|4\n|\n|t:|1781748769\n|switch|p2a: Tauros|Tauros|100/100\n|cant|p1a: Alakazam|slp\n|\n|upkeep\n|turn|5\n|\n|t:|1781748776\n|switch|p1a: Snorlax|Snorlax|100/100\n|move|p2a: Tauros|Body Slam|p1a: Snorlax\n|-damage|p1a: Snorlax|74/100\n|\n|upkeep\n|turn|6\n|\n|t:|1781748782\n|switch|p2a: Cloyster|Cloyster|100/100\n|move|p1a: Snorlax|Body Slam|p2a: Cloyster\n|-damage|p2a: Cloyster|78/100\n|\n|upkeep\n|turn|7\n|\n|t:|1781748802\n|switch|p1a: Chansey|Chansey|100/100\n|move|p2a: Cloyster|Blizzard|p1a: Chansey\n|-damage|p1a: Chansey|83/100\n|-status|p1a: Chansey|frz\n|\n|upkeep\n|turn|8\n|c|☆Acetylaldehyde|:/\n|inactive|yimb has 270 seconds left.\n|\n|t:|1781748828\n|switch|p2a: Snorlax|Snorlax|100/100\n|switch|p1a: Alakazam|Alakazam|100/100 slp\n|\n|upkeep\n|turn|9\n|inactive|yimb has 270 seconds left.\n|\n|t:|1781748835\n|switch|p1a: Exeggutor|Exeggutor|100/100\n|move|p2a: Snorlax|Body Slam|p1a: Exeggutor\n|-damage|p1a: Exeggutor|73/100\n|\n|upkeep\n|turn|10\n|\n|t:|1781748843\n|switch|p2a: Jynx|Jynx|40/100 par\n|move|p1a: Exeggutor|Psychic|p2a: Jynx\n|-resisted|p2a: Jynx\n|-damage|p2a: Jynx|23/100 par\n|\n|upkeep\n|turn|11\n|\n|t:|1781748853\n|move|p1a: Exeggutor|Psychic|p2a: Jynx\n|-resisted|p2a: Jynx\n|-damage|p2a: Jynx|3/100 par\n|move|p2a: Jynx|Rest|p2a: Jynx\n|-status|p2a: Jynx|slp|[from] move: Rest\n|-heal|p2a: Jynx|100/100 slp|[silent]\n|\n|upkeep\n|turn|12\n|\n|t:|1781748861\n|move|p1a: Exeggutor|Psychic|p2a: Jynx\n|-resisted|p2a: Jynx\n|-damage|p2a: Jynx|82/100 slp\n|cant|p2a: Jynx|slp\n|\n|upkeep\n|turn|13\n|\n|t:|1781748866\n|move|p1a: Exeggutor|Psychic|p2a: Jynx\n|-resisted|p2a: Jynx\n|-damage|p2a: Jynx|62/100 slp\n|-unboost|p2a: Jynx|spa|1\n|-unboost|p2a: Jynx|spd|1\n|-curestatus|p2a: Jynx|slp|[msg]\n|\n|upkeep\n|turn|14\n|\n|t:|1781748872\n|move|p1a: Exeggutor|Sleep Powder|p2a: Jynx|[miss]\n|-miss|p1a: Exeggutor\n|move|p2a: Jynx|Blizzard|p1a: Exeggutor\n|-supereffective|p1a: Exeggutor\n|-damage|p1a: Exeggutor|34/100\n|\n|upkeep\n|turn|15\n|\n|t:|1781748877\n|move|p1a: Exeggutor|Sleep Powder|p2a: Jynx|[miss]\n|-miss|p1a: Exeggutor\n|move|p2a: Jynx|Blizzard|p1a: Exeggutor\n|-supereffective|p1a: Exeggutor\n|-damage|p1a: Exeggutor|0 fnt\n|faint|p1a: Exeggutor\n|\n|t:|1781748883\n|switch|p1a: Zapdos|Zapdos|100/100\n|turn|16\n|\n|t:|1781748893\n|switch|p2a: Chansey|Chansey|100/100\n|move|p1a: Zapdos|Drill Peck|p2a: Chansey\n|-damage|p2a: Chansey|64/100\n|\n|upkeep\n|turn|17\n|\n|t:|1781748899\n|switch|p1a: Snorlax|Snorlax|74/100\n|move|p2a: Chansey|Thunder Wave|p1a: Snorlax\n|-status|p1a: Snorlax|par\n|\n|upkeep\n|turn|18\n|\n|t:|1781748905\n|move|p2a: Chansey|Soft-Boiled|p2a: Chansey\n|-heal|p2a: Chansey|100/100\n|cant|p1a: Snorlax|par\n|\n|upkeep\n|turn|19\n|\n|t:|1781748910\n|move|p2a: Chansey|Ice Beam|p1a: Snorlax\n|-damage|p1a: Snorlax|55/100 par\n|move|p1a: Snorlax|Body Slam|p2a: Chansey\n|-damage|p2a: Chansey|57/100\n|\n|upkeep\n|turn|20\n|\n|t:|1781748916\n|move|p2a: Chansey|Soft-Boiled|p2a: Chansey\n|-heal|p2a: Chansey|100/100\n|move|p1a: Snorlax|Rest|p1a: Snorlax\n|-status|p1a: Snorlax|slp|[from] move: Rest\n|-heal|p1a: Snorlax|100/100 slp|[silent]\n|\n|upkeep\n|turn|21\n|\n|t:|1781748930\n|switch|p2a: Cloyster|Cloyster|78/100\n|cant|p1a: Snorlax|slp\n|\n|upkeep\n|turn|22\n|\n|t:|1781748935\n|move|p2a: Cloyster|Blizzard|p1a: Snorlax\n|-damage|p1a: Snorlax|71/100 slp\n|-curestatus|p1a: Snorlax|slp|[msg]\n|\n|upkeep\n|turn|23\n|\n|t:|1781748940\n|move|p2a: Cloyster|Blizzard|p1a: Snorlax|[miss]\n|-miss|p2a: Cloyster\n|move|p1a: Snorlax|Body Slam|p2a: Cloyster\n|-damage|p2a: Cloyster|55/100\n|-status|p2a: Cloyster|par\n|\n|upkeep\n|turn|24\n|\n|t:|1781748947\n|move|p2a: Cloyster|Explosion|p1a: Snorlax\n|-damage|p1a: Snorlax|1/100\n|faint|p2a: Cloyster\n|\n|t:|1781748956\n|switch|p2a: Tauros|Tauros|100/100\n|turn|25\n|\n|t:|1781748967\n|switch|p1a: Chansey|Chansey|83/100 frz\n|move|p2a: Tauros|Body Slam|p1a: Chansey\n|-damage|p1a: Chansey|43/100 frz\n|\n|upkeep\n|turn|26\n|\n|t:|1781748973\n|move|p2a: Tauros|Body Slam|p1a: Chansey\n|-crit|p1a: Chansey\n|-damage|p1a: Chansey|0 fnt\n|faint|p1a: Chansey\n|\n|t:|1781748975\n|switch|p1a: Zapdos|Zapdos|100/100\n|turn|27\n|\n|t:|1781749002\n|switch|p2a: Chansey|Chansey|100/100\n|move|p1a: Zapdos|Thunder Wave|p2a: Chansey\n|-status|p2a: Chansey|par\n|\n|upkeep\n|turn|28\n|\n|t:|1781749008\n|move|p1a: Zapdos|Drill Peck|p2a: Chansey\n|-damage|p2a: Chansey|66/100 par\n|move|p2a: Chansey|Thunder Wave|p1a: Zapdos\n|-status|p1a: Zapdos|par\n|\n|upkeep\n|turn|29\n|\n|t:|1781749013\n|move|p1a: Zapdos|Agility|p1a: Zapdos\n|-boost|p1a: Zapdos|spe|2\n|cant|p2a: Chansey|par\n|\n|upkeep\n|turn|30\n|\n|t:|1781749020\n|move|p1a: Zapdos|Drill Peck|p2a: Chansey\n|-damage|p2a: Chansey|30/100 par\n|move|p2a: Chansey|Soft-Boiled|p2a: Chansey\n|-heal|p2a: Chansey|80/100 par\n|\n|upkeep\n|turn|31\n|\n|t:|1781749025\n|move|p1a: Zapdos|Drill Peck|p2a: Chansey\n|-damage|p2a: Chansey|46/100 par\n|cant|p2a: Chansey|par\n|\n|upkeep\n|turn|32\n|\n|t:|1781749032\n|move|p1a: Zapdos|Drill Peck|p2a: Chansey\n|-damage|p2a: Chansey|10/100 par\n|move|p2a: Chansey|Soft-Boiled|p2a: Chansey\n|-heal|p2a: Chansey|60/100 par\n|\n|upkeep\n|turn|33\n|\n|t:|1781749037\n|move|p1a: Zapdos|Drill Peck|p2a: Chansey\n|-damage|p2a: Chansey|28/100 par\n|move|p2a: Chansey|Soft-Boiled|p2a: Chansey\n|-heal|p2a: Chansey|78/100 par\n|\n|upkeep\n|turn|34\n|\n|t:|1781749042\n|move|p1a: Zapdos|Drill Peck|p2a: Chansey\n|-damage|p2a: Chansey|43/100 par\n|cant|p2a: Chansey|par\n|\n|upkeep\n|turn|35\n|\n|t:|1781749046\n|move|p1a: Zapdos|Drill Peck|p2a: Chansey\n|-damage|p2a: Chansey|10/100 par\n|move|p2a: Chansey|Ice Beam|p1a: Zapdos\n|-supereffective|p1a: Zapdos\n|-damage|p1a: Zapdos|67/100 par\n|\n|upkeep\n|turn|36\n|\n|t:|1781749052\n|move|p1a: Zapdos|Drill Peck|p2a: Chansey\n|-crit|p2a: Chansey\n|-damage|p2a: Chansey|0 fnt\n|faint|p2a: Chansey\n|\n|t:|1781749063\n|switch|p2a: Snorlax|Snorlax|100/100\n|turn|37\n|\n|t:|1781749068\n|move|p1a: Zapdos|Thunder Wave|p2a: Snorlax\n|-status|p2a: Snorlax|par\n|move|p2a: Snorlax|Body Slam|p1a: Zapdos\n|-damage|p1a: Zapdos|35/100 par\n|\n|upkeep\n|turn|38\n|\n|t:|1781749075\n|cant|p1a: Zapdos|par\n|cant|p2a: Snorlax|par\n|\n|upkeep\n|turn|39\n|\n|t:|1781749079\n|cant|p1a: Zapdos|par\n|cant|p2a: Snorlax|par\n|\n|upkeep\n|turn|40\n|\n|t:|1781749082\n|move|p1a: Zapdos|Thunderbolt|p2a: Snorlax\n|-damage|p2a: Snorlax|68/100 par\n|move|p2a: Snorlax|Body Slam|p1a: Zapdos\n|-damage|p1a: Zapdos|3/100 par\n|\n|upkeep\n|turn|41\n|\n|t:|1781749088\n|move|p1a: Zapdos|Thunderbolt|p2a: Snorlax\n|-crit|p2a: Snorlax\n|-damage|p2a: Snorlax|0 fnt\n|faint|p2a: Snorlax\n|\n|t:|1781749093\n|switch|p2a: Jynx|Jynx|62/100\n|turn|42\n|\n|t:|1781749106\n|cant|p1a: Zapdos|par\n|move|p2a: Jynx|Psychic|p1a: Zapdos\n|-damage|p1a: Zapdos|0 fnt\n|faint|p1a: Zapdos\n|\n|t:|1781749117\n|switch|p1a: Tauros|Tauros|100/100\n|turn|43\n|\n|t:|1781749128\n|move|p1a: Tauros|Hyper Beam|p2a: Jynx\n|-crit|p2a: Jynx\n|-damage|p2a: Jynx|0 fnt\n|faint|p2a: Jynx\n|\n|t:|1781749132\n|switch|p2a: Alakazam|Alakazam|100/100\n|turn|44\n|\n|t:|1781749156\n|switch|p1a: Alakazam|Alakazam|100/100 slp\n|move|p2a: Alakazam|Thunder Wave|p1a: Alakazam\n|-fail|p1a: Alakazam\n|\n|upkeep\n|turn|45\n|\n|t:|1781749161\n|switch|p2a: Tauros|Tauros|100/100\n|cant|p1a: Alakazam|slp\n|\n|upkeep\n|turn|46\n|\n|t:|1781749166\n|switch|p1a: Tauros|Tauros|100/100\n|move|p2a: Tauros|Body Slam|p1a: Tauros\n|-damage|p1a: Tauros|73/100\n|\n|upkeep\n|turn|47\n|\n|t:|1781749171\n|move|p1a: Tauros|Blizzard|p2a: Tauros\n|-crit|p2a: Tauros\n|-damage|p2a: Tauros|52/100\n|move|p2a: Tauros|Body Slam|p1a: Tauros\n|-damage|p1a: Tauros|42/100\n|\n|upkeep\n|turn|48\n|\n|t:|1781749178\n|move|p1a: Tauros|Hyper Beam|p2a: Tauros\n|-damage|p2a: Tauros|0 fnt\n|faint|p2a: Tauros\n|\n|t:|1781749181\n|switch|p2a: Alakazam|Alakazam|100/100\n|turn|49\n|\n|t:|1781749188\n|switch|p1a: Alakazam|Alakazam|100/100 slp\n|move|p2a: Alakazam|Psychic|p1a: Alakazam\n|-resisted|p1a: Alakazam\n|-damage|p1a: Alakazam|85/100 slp\n|\n|upkeep\n|turn|50\n|\n|t:|1781749194\n|move|p2a: Alakazam|Seismic Toss|p1a: Alakazam\n|-damage|p1a: Alakazam|53/100 slp\n|cant|p1a: Alakazam|slp\n|\n|upkeep\n|turn|51\n|\n|t:|1781749199\n|cant|p1a: Alakazam|slp\n|move|p2a: Alakazam|Seismic Toss|p1a: Alakazam\n|-damage|p1a: Alakazam|21/100 slp\n|\n|upkeep\n|turn|52\n|\n|t:|1781749203\n|-curestatus|p1a: Alakazam|slp|[msg]\n|move|p2a: Alakazam|Seismic Toss|p1a: Alakazam\n|-damage|p1a: Alakazam|0 fnt\n|faint|p1a: Alakazam\n|\n|t:|1781749207\n|switch|p1a: Tauros|Tauros|42/100\n|turn|53\n|\n|t:|1781749210\n|move|p2a: Alakazam|Psychic|p1a: Tauros\n|-damage|p1a: Tauros|0 fnt\n|faint|p1a: Tauros\n|\n|t:|1781749212\n|switch|p1a: Snorlax|Snorlax|1/100\n|turn|54\n|c|☆yimb|ggs\n|\n|t:|1781749215\n|move|p2a: Alakazam|Psychic|p1a: Snorlax\n|-damage|p1a: Snorlax|0 fnt\n|faint|p1a: Snorlax\n|\n|win|Acetylaldehyde\n|c|☆Acetylaldehyde|ggs\n|c|☆Acetylaldehyde|sorry for this one\n|c|☆Acetylaldehyde|silly game\n","uploadtime":1781749215,"views":"65","formatid":"gen1ou","rating":null,"private":0,"password":null}