{"id":"smogtours-gen1ou-960454","format":"[Gen 1] OU","players":["SOULWIND","Ulti Bastion"],"log":"|inactive|Battle timer is ON: inactive players will automatically lose when time's up.\n|t:|1785510548\n|gametype|singles\n|player|p1|SOULWIND|#wcop2024spain2|\n|player|p2|Ulti Bastion|#rbyplvisaffronhaymakers|\n|gen|1\n|tier|[Gen 1] OU\n|rule|Desync Clause Mod: Desyncs resolve to link battle behavior from the acting player's perspective.\n|rule|HP Percentage Mod: HP is shown in percentages\n|rule|Endless Battle Clause: Forcing endless battles is banned\n|rule|Sleep Clause Mod: Limit one foe put to sleep\n|rule|Freeze Clause Mod: Limit one foe frozen\n|rule|Species Clause: Limit one of each Pokémon\n|rule|OHKO Clause: OHKO moves are banned\n|rule|Evasion Moves Clause: Evasion moves are banned\n|\n|t:|1785510548\n|teamsize|p1|6\n|teamsize|p2|6\n|start\n|switch|p1a: Tauros|Tauros|100/100\n|switch|p2a: Red Velvet|Jynx|100/100\n|turn|1\n|c|☆SOULWIND|hf\n|c|☆SOULWIND|/log SOULWIND made the replay of this battle unlisted.\n|inactive|Ulti Bastion has 270 seconds left.\n|\n|t:|1785510593\n|move|p1a: Tauros|Body Slam|p2a: Red Velvet\n|-damage|p2a: Red Velvet|52/100\n|move|p2a: Red Velvet|Lovely Kiss|p1a: Tauros\n|-status|p1a: Tauros|slp|[from] move: Lovely Kiss\n|\n|upkeep\n|turn|2\n|c|☆Ulti Bastion|Hf\n|\n|t:|1785510604\n|switch|p1a: Chansey|Chansey|100/100\n|move|p2a: Red Velvet|Blizzard|p1a: Chansey\n|-damage|p1a: Chansey|82/100\n|\n|upkeep\n|turn|3\n|\n|t:|1785510610\n|move|p2a: Red Velvet|Blizzard|p1a: Chansey|[miss]\n|-miss|p2a: Red Velvet\n|move|p1a: Chansey|Thunder Wave|p2a: Red Velvet\n|-status|p2a: Red Velvet|par\n|\n|upkeep\n|turn|4\n|\n|t:|1785510614\n|move|p1a: Chansey|Ice Beam|p2a: Red Velvet\n|-crit|p2a: Red Velvet\n|-resisted|p2a: Red Velvet\n|-damage|p2a: Red Velvet|31/100 par\n|cant|p2a: Red Velvet|par\n|\n|upkeep\n|turn|5\n|\n|t:|1785510619\n|move|p1a: Chansey|Ice Beam|p2a: Red Velvet\n|-resisted|p2a: Red Velvet\n|-damage|p2a: Red Velvet|18/100 par\n|move|p2a: Red Velvet|Rest|p2a: Red Velvet\n|-status|p2a: Red Velvet|slp|[from] move: Rest\n|-heal|p2a: Red Velvet|100/100 slp|[silent]\n|\n|upkeep\n|turn|6\n|\n|t:|1785510624\n|switch|p1a: Snorlax|Snorlax|100/100\n|cant|p2a: Red Velvet|slp\n|\n|upkeep\n|turn|7\n|\n|t:|1785510637\n|switch|p2a: THE COLUSSUS|Snorlax|100/100\n|move|p1a: Snorlax|Body Slam|p2a: THE COLUSSUS\n|-damage|p2a: THE COLUSSUS|72/100\n|\n|upkeep\n|turn|8\n|\n|t:|1785510645\n|move|p2a: THE COLUSSUS|Reflect|p2a: THE COLUSSUS\n|-start|p2a: THE COLUSSUS|Reflect\n|move|p1a: Snorlax|Body Slam|p2a: THE COLUSSUS\n|-damage|p2a: THE COLUSSUS|58/100\n|\n|upkeep\n|turn|9\n|\n|t:|1785510650\n|switch|p1a: Chansey|Chansey|82/100\n|move|p2a: THE COLUSSUS|Ice Beam|p1a: Chansey\n|-damage|p1a: Chansey|74/100\n|\n|upkeep\n|turn|10\n|\n|t:|1785510659\n|switch|p2a: Red Velvet|Jynx|100/100 slp\n|move|p1a: Chansey|Ice Beam|p2a: Red Velvet\n|-resisted|p2a: Red Velvet\n|-damage|p2a: Red Velvet|88/100 slp\n|\n|upkeep\n|turn|11\n|\n|t:|1785510667\n|-curestatus|p2a: Red Velvet|slp|[msg]\n|move|p1a: Chansey|Thunder Wave|p2a: Red Velvet\n|-status|p2a: Red Velvet|par\n|\n|upkeep\n|turn|12\n|\n|t:|1785510676\n|switch|p1a: Starmie|Starmie|100/100\n|cant|p2a: Red Velvet|par\n|\n|upkeep\n|turn|13\n|\n|t:|1785510681\n|switch|p2a: A Padeira|Chansey|100/100\n|move|p1a: Starmie|Thunder Wave|p2a: A Padeira\n|-status|p2a: A Padeira|par\n|\n|upkeep\n|turn|14\n|\n|t:|1785510692\n|switch|p1a: Snorlax|Snorlax|100/100\n|cant|p2a: A Padeira|par\n|\n|upkeep\n|turn|15\n|\n|t:|1785510697\n|move|p1a: Snorlax|Earthquake|p2a: A Padeira\n|-damage|p2a: A Padeira|67/100 par\n|move|p2a: A Padeira|Thunder Wave|p1a: Snorlax\n|-status|p1a: Snorlax|par\n|\n|upkeep\n|turn|16\n|\n|t:|1785510707\n|switch|p2a: THE COLUSSUS|Snorlax|58/100\n|move|p1a: Snorlax|Body Slam|p2a: THE COLUSSUS\n|-damage|p2a: THE COLUSSUS|31/100\n|\n|upkeep\n|turn|17\n|\n|t:|1785510721\n|move|p2a: THE COLUSSUS|Rest|p2a: THE COLUSSUS\n|-status|p2a: THE COLUSSUS|slp|[from] move: Rest\n|-heal|p2a: THE COLUSSUS|100/100 slp|[silent]\n|move|p1a: Snorlax|Body Slam|p2a: THE COLUSSUS\n|-damage|p2a: THE COLUSSUS|74/100 slp\n|\n|upkeep\n|turn|18\n|\n|t:|1785510732\n|switch|p1a: Exeggutor|Exeggutor|100/100\n|cant|p2a: THE COLUSSUS|slp\n|\n|upkeep\n|turn|19\n|\n|t:|1785510739\n|switch|p2a: A Padeira|Chansey|67/100 par\n|move|p1a: Exeggutor|Psychic|p2a: A Padeira\n|-damage|p2a: A Padeira|50/100 par\n|\n|upkeep\n|turn|20\n|\n|t:|1785510746\n|switch|p1a: Snorlax|Snorlax|100/100 par\n|move|p2a: A Padeira|Soft-Boiled|p2a: A Padeira\n|-heal|p2a: A Padeira|99/100 par\n|\n|upkeep\n|turn|21\n|\n|t:|1785510775\n|move|p2a: A Padeira|Ice Beam|p1a: Snorlax\n|-damage|p1a: Snorlax|82/100 par\n|move|p1a: Snorlax|Earthquake|p2a: A Padeira\n|-damage|p2a: A Padeira|69/100 par\n|\n|upkeep\n|turn|22\n|inactive|Ulti Bastion has 270 seconds left.\n|\n|t:|1785510809\n|switch|p2a: THE COLUSSUS|Snorlax|74/100 slp\n|move|p1a: Snorlax|Earthquake|p2a: THE COLUSSUS\n|-damage|p2a: THE COLUSSUS|52/100 slp\n|\n|upkeep\n|turn|23\n|\n|t:|1785510817\n|-curestatus|p2a: THE COLUSSUS|slp|[msg]\n|move|p1a: Snorlax|Body Slam|p2a: THE COLUSSUS\n|-damage|p2a: THE COLUSSUS|24/100\n|\n|upkeep\n|turn|24\n|inactive|Ulti Bastion has 270 seconds left.\n|\n|t:|1785510826\n|switch|p1a: Exeggutor|Exeggutor|100/100\n|move|p2a: THE COLUSSUS|Rest|p2a: THE COLUSSUS\n|-status|p2a: THE COLUSSUS|slp|[from] move: Rest\n|-heal|p2a: THE COLUSSUS|100/100 slp|[silent]\n|\n|upkeep\n|turn|25\n|\n|t:|1785510833\n|move|p1a: Exeggutor|Psychic|p2a: THE COLUSSUS\n|-damage|p2a: THE COLUSSUS|70/100 slp\n|-unboost|p2a: THE COLUSSUS|spa|1\n|-unboost|p2a: THE COLUSSUS|spd|1\n|cant|p2a: THE COLUSSUS|slp\n|\n|upkeep\n|turn|26\n|\n|t:|1785510842\n|switch|p2a: Red Velvet|Jynx|88/100 par\n|move|p1a: Exeggutor|Psychic|p2a: Red Velvet\n|-resisted|p2a: Red Velvet\n|-damage|p2a: Red Velvet|68/100 par\n|\n|upkeep\n|turn|27\n|\n|t:|1785510851\n|switch|p1a: Starmie|Starmie|100/100\n|switch|p2a: THE COLUSSUS|Snorlax|70/100 slp\n|\n|upkeep\n|turn|28\n|\n|t:|1785510862\n|switch|p2a: A Padeira|Chansey|69/100 par\n|move|p1a: Starmie|Surf|p2a: A Padeira\n|-damage|p2a: A Padeira|55/100 par\n|\n|upkeep\n|turn|29\n|\n|t:|1785510870\n|switch|p1a: Snorlax|Snorlax|82/100 par\n|move|p2a: A Padeira|Thunderbolt|p1a: Snorlax\n|-damage|p1a: Snorlax|61/100 par\n|\n|upkeep\n|turn|30\n|inactive|Ulti Bastion has 270 seconds left.\n|\n|t:|1785510921\n|switch|p2a: The Bronco|Rhydon|100/100\n|cant|p1a: Snorlax|par\n|\n|upkeep\n|turn|31\n|\n|t:|1785510928\n|switch|p1a: Exeggutor|Exeggutor|100/100\n|move|p2a: The Bronco|Rock Slide|p1a: Exeggutor\n|-damage|p1a: Exeggutor|73/100\n|\n|upkeep\n|turn|32\n|inactive|Ulti Bastion has 240 seconds left.\n|\n|t:|1785510962\n|switch|p2a: A Padeira|Chansey|55/100 par\n|move|p1a: Exeggutor|Psychic|p2a: A Padeira\n|-damage|p2a: A Padeira|37/100 par\n|-unboost|p2a: A Padeira|spa|1\n|-unboost|p2a: A Padeira|spd|1\n|\n|upkeep\n|turn|33\n|inactive|Ulti Bastion has 240 seconds left.\n|\n|t:|1785510985\n|switch|p2a: Red Velvet|Jynx|68/100 par\n|move|p1a: Exeggutor|Psychic|p2a: Red Velvet\n|-resisted|p2a: Red Velvet\n|-damage|p2a: Red Velvet|49/100 par\n|\n|upkeep\n|turn|34\n|\n|t:|1785510993\n|move|p1a: Exeggutor|Psychic|p2a: Red Velvet\n|-resisted|p2a: Red Velvet\n|-damage|p2a: Red Velvet|31/100 par\n|move|p2a: Red Velvet|Blizzard|p1a: Exeggutor\n|-supereffective|p1a: Exeggutor\n|-damage|p1a: Exeggutor|10/100\n|\n|upkeep\n|turn|35\n|inactive|Ulti Bastion has 210 seconds left.\n|\n|t:|1785511044\n|switch|p1a: Starmie|Starmie|100/100\n|move|p2a: Red Velvet|Rest|p2a: Red Velvet\n|-status|p2a: Red Velvet|slp|[from] move: Rest\n|-heal|p2a: Red Velvet|100/100 slp|[silent]\n|\n|upkeep\n|turn|36\n|inactive|Ulti Bastion has 180 seconds left.\n|inactive|Ulti Bastion has 150 seconds left.\n|inactive|Ulti Bastion has 120 seconds left.\n|\n|t:|1785511134\n|move|p1a: Starmie|Surf|p2a: Red Velvet\n|-damage|p2a: Red Velvet|64/100 slp\n|cant|p2a: Red Velvet|slp\n|\n|upkeep\n|turn|37\n|inactive|Ulti Bastion has 120 seconds left.\n|inactive|Ulti Bastion has 90 seconds left.\n|inactive|Ulti Bastion has 60 seconds left.\n|\n|t:|1785511205\n|switch|p2a: Mistery|Starmie|100/100\n|move|p1a: Starmie|Surf|p2a: Mistery\n|-resisted|p2a: Mistery\n|-damage|p2a: Mistery|83/100\n|\n|upkeep\n|turn|38\n|inactive|Ulti Bastion has 60 seconds left.\n|\n|t:|1785511212\n|move|p2a: Mistery|Thunder Wave|p1a: Starmie\n|-status|p1a: Starmie|par\n|cant|p1a: Starmie|par\n|\n|upkeep\n|turn|39\n|inactive|Ulti Bastion has 60 seconds left.\n|\n|t:|1785511222\n|move|p2a: Mistery|Thunderbolt|p1a: Starmie\n|-supereffective|p1a: Starmie\n|-damage|p1a: Starmie|57/100 par\n|move|p1a: Starmie|Thunderbolt|p2a: Mistery\n|-supereffective|p2a: Mistery\n|-damage|p2a: Mistery|37/100\n|\n|upkeep\n|turn|40\n|inactive|Ulti Bastion has 60 seconds left.\n|\n|t:|1785511241\n|move|p2a: Mistery|Thunderbolt|p1a: Starmie\n|-supereffective|p1a: Starmie\n|-damage|p1a: Starmie|8/100 par\n|move|p1a: Starmie|Thunder Wave|p2a: Mistery\n|-status|p2a: Mistery|par\n|\n|upkeep\n|turn|41\n|inactive|Ulti Bastion has 60 seconds left.\n|\n|t:|1785511248\n|move|p2a: Mistery|Recover|p2a: Mistery\n|-heal|p2a: Mistery|87/100 par\n|move|p1a: Starmie|Recover|p1a: Starmie\n|-heal|p1a: Starmie|58/100 par\n|\n|upkeep\n|turn|42\n|\n|t:|1785511253\n|switch|p2a: A Padeira|Chansey|37/100 par\n|move|p1a: Starmie|Recover|p1a: Starmie\n|-heal|p1a: Starmie|100/100 par\n|\n|upkeep\n|turn|43\n|\n|t:|1785511257\n|switch|p1a: Snorlax|Snorlax|61/100 par\n|cant|p2a: A Padeira|par\n|\n|upkeep\n|turn|44\n|\n|t:|1785511262\n|move|p2a: A Padeira|Soft-Boiled|p2a: A Padeira\n|-heal|p2a: A Padeira|87/100 par\n|move|p1a: Snorlax|Reflect|p1a: Snorlax\n|-start|p1a: Snorlax|Reflect\n|\n|upkeep\n|turn|45\n|inactive|Ulti Bastion has 90 seconds left.\n|\n|t:|1785511278\n|switch|p2a: THE COLUSSUS|Snorlax|70/100 slp\n|move|p1a: Snorlax|Body Slam|p2a: THE COLUSSUS\n|-damage|p2a: THE COLUSSUS|45/100 slp\n|\n|upkeep\n|turn|46\n|\n|t:|1785511284\n|-curestatus|p2a: THE COLUSSUS|slp|[msg]\n|move|p1a: Snorlax|Body Slam|p2a: THE COLUSSUS\n|-damage|p2a: THE COLUSSUS|19/100\n|\n|upkeep\n|turn|47\n|\n|t:|1785511292\n|move|p2a: THE COLUSSUS|Rest|p2a: THE COLUSSUS\n|-status|p2a: THE COLUSSUS|slp|[from] move: Rest\n|-heal|p2a: THE COLUSSUS|100/100 slp|[silent]\n|move|p1a: Snorlax|Rest|p1a: Snorlax\n|-status|p1a: Snorlax|slp|[from] move: Rest\n|-heal|p1a: Snorlax|100/100 slp|[silent]\n|\n|upkeep\n|turn|48\n|\n|t:|1785511298\n|cant|p2a: THE COLUSSUS|slp\n|cant|p1a: Snorlax|slp\n|\n|upkeep\n|turn|49\n|\n|t:|1785511300\n|-curestatus|p2a: THE COLUSSUS|slp|[msg]\n|-curestatus|p1a: Snorlax|slp|[msg]\n|\n|upkeep\n|turn|50\n|\n|t:|1785511304\n|switch|p1a: Starmie|Starmie|100/100 par\n|move|p2a: THE COLUSSUS|Reflect|p2a: THE COLUSSUS\n|-start|p2a: THE COLUSSUS|Reflect\n|\n|upkeep\n|turn|51\n|\n|t:|1785511309\n|switch|p2a: A Padeira|Chansey|87/100 par\n|move|p1a: Starmie|Thunder Wave|p2a: A Padeira\n|-fail|p2a: A Padeira|par\n|\n|upkeep\n|turn|52\n|inactive|Ulti Bastion has 120 seconds left.\n|\n|t:|1785511353\n|switch|p1a: Snorlax|Snorlax|100/100\n|move|p2a: A Padeira|Ice Beam|p1a: Snorlax\n|-damage|p1a: Snorlax|81/100\n|\n|upkeep\n|turn|53\n|inactive|Ulti Bastion has 90 seconds left.\n|\n|t:|1785511379\n|switch|p2a: THE COLUSSUS|Snorlax|100/100\n|move|p1a: Snorlax|Body Slam|p2a: THE COLUSSUS\n|-crit|p2a: THE COLUSSUS\n|-damage|p2a: THE COLUSSUS|50/100\n|\n|upkeep\n|turn|54\n|\n|t:|1785511386\n|switch|p1a: Chansey|Chansey|74/100\n|move|p2a: THE COLUSSUS|Reflect|p2a: THE COLUSSUS\n|-start|p2a: THE COLUSSUS|Reflect\n|\n|upkeep\n|turn|55\n|inactive|Ulti Bastion has 90 seconds left.\n|\n|t:|1785511411\n|move|p1a: Chansey|Ice Beam|p2a: THE COLUSSUS\n|-damage|p2a: THE COLUSSUS|29/100\n|move|p2a: THE COLUSSUS|Rest|p2a: THE COLUSSUS\n|-status|p2a: THE COLUSSUS|slp|[from] move: Rest\n|-heal|p2a: THE COLUSSUS|100/100 slp|[silent]\n|\n|upkeep\n|turn|56\n|\n|t:|1785511418\n|move|p1a: Chansey|Ice Beam|p2a: THE COLUSSUS\n|-crit|p2a: THE COLUSSUS\n|-damage|p2a: THE COLUSSUS|64/100 slp\n|cant|p2a: THE COLUSSUS|slp\n|\n|upkeep\n|turn|57\n|\n|t:|1785511421\n|move|p1a: Chansey|Soft-Boiled|p1a: Chansey\n|-heal|p1a: Chansey|100/100\n|-curestatus|p2a: THE COLUSSUS|slp|[msg]\n|\n|upkeep\n|turn|58\n|\n|t:|1785511424\n|switch|p2a: A Padeira|Chansey|87/100 par\n|move|p1a: Chansey|Thunder Wave|p2a: A Padeira\n|-fail|p2a: A Padeira|par\n|\n|upkeep\n|turn|59\n|\n|t:|1785511433\n|switch|p1a: Snorlax|Snorlax|81/100\n|move|p2a: A Padeira|Ice Beam|p1a: Snorlax\n|-damage|p1a: Snorlax|62/100\n|\n|upkeep\n|turn|60\n|\n|t:|1785511448\n|move|p1a: Snorlax|Body Slam|p2a: A Padeira\n|-damage|p2a: A Padeira|43/100 par\n|move|p2a: A Padeira|Thunder Wave|p1a: Snorlax\n|-status|p1a: Snorlax|par\n|\n|upkeep\n|turn|61\n|\n|t:|1785511463\n|move|p2a: A Padeira|Soft-Boiled|p2a: A Padeira\n|-heal|p2a: A Padeira|93/100 par\n|move|p1a: Snorlax|Body Slam|p2a: A Padeira\n|-damage|p2a: A Padeira|49/100 par\n|\n|upkeep\n|turn|62\n|\n|t:|1785511469\n|switch|p2a: THE COLUSSUS|Snorlax|64/100\n|move|p1a: Snorlax|Body Slam|p2a: THE COLUSSUS\n|-damage|p2a: THE COLUSSUS|37/100\n|\n|upkeep\n|turn|63\n|\n|t:|1785511484\n|move|p2a: THE COLUSSUS|Reflect|p2a: THE COLUSSUS\n|-start|p2a: THE COLUSSUS|Reflect\n|move|p1a: Snorlax|Reflect|p1a: Snorlax\n|-start|p1a: Snorlax|Reflect\n|\n|upkeep\n|turn|64\n|\n|t:|1785511491\n|move|p2a: THE COLUSSUS|Rest|p2a: THE COLUSSUS\n|-status|p2a: THE COLUSSUS|slp|[from] move: Rest\n|-heal|p2a: THE COLUSSUS|100/100 slp|[silent]\n|move|p1a: Snorlax|Rest|p1a: Snorlax\n|-status|p1a: Snorlax|slp|[from] move: Rest\n|-heal|p1a: Snorlax|100/100 slp|[silent]\n|\n|upkeep\n|turn|65\n|\n|t:|1785511493\n|cant|p2a: THE COLUSSUS|slp\n|cant|p1a: Snorlax|slp\n|\n|upkeep\n|turn|66\n|\n|t:|1785511496\n|-curestatus|p2a: THE COLUSSUS|slp|[msg]\n|-curestatus|p1a: Snorlax|slp|[msg]\n|\n|upkeep\n|turn|67\n|\n|t:|1785511500\n|switch|p1a: Chansey|Chansey|100/100\n|move|p2a: THE COLUSSUS|Body Slam|p1a: Chansey\n|-damage|p1a: Chansey|61/100\n|\n|upkeep\n|turn|68\n|\n|t:|1785511506\n|move|p1a: Chansey|Soft-Boiled|p1a: Chansey\n|-heal|p1a: Chansey|100/100\n|move|p2a: THE COLUSSUS|Ice Beam|p1a: Chansey\n|-damage|p1a: Chansey|93/100\n|\n|upkeep\n|turn|69\n|\n|t:|1785511514\n|switch|p2a: A Padeira|Chansey|49/100 par\n|move|p1a: Chansey|Ice Beam|p2a: A Padeira\n|-damage|p2a: A Padeira|37/100 par\n|\n|upkeep\n|turn|70\n|\n|t:|1785511521\n|switch|p1a: Snorlax|Snorlax|100/100\n|cant|p2a: A Padeira|par\n|\n|upkeep\n|turn|71\n|\n|t:|1785511526\n|switch|p2a: THE COLUSSUS|Snorlax|100/100\n|move|p1a: Snorlax|Body Slam|p2a: THE COLUSSUS\n|-damage|p2a: THE COLUSSUS|74/100\n|\n|upkeep\n|turn|72\n|\n|t:|1785511530\n|switch|p1a: Chansey|Chansey|93/100\n|move|p2a: THE COLUSSUS|Reflect|p2a: THE COLUSSUS\n|-start|p2a: THE COLUSSUS|Reflect\n|\n|upkeep\n|turn|73\n|\n|t:|1785511536\n|move|p1a: Chansey|Ice Beam|p2a: THE COLUSSUS\n|-damage|p2a: THE COLUSSUS|54/100\n|move|p2a: THE COLUSSUS|Ice Beam|p1a: Chansey\n|-damage|p1a: Chansey|84/100\n|\n|upkeep\n|turn|74\n|\n|t:|1785511544\n|move|p1a: Chansey|Ice Beam|p2a: THE COLUSSUS\n|-damage|p2a: THE COLUSSUS|33/100\n|move|p2a: THE COLUSSUS|Rest|p2a: THE COLUSSUS\n|-status|p2a: THE COLUSSUS|slp|[from] move: Rest\n|-heal|p2a: THE COLUSSUS|100/100 slp|[silent]\n|\n|upkeep\n|turn|75\n|\n|t:|1785511549\n|switch|p1a: Exeggutor|Exeggutor|10/100\n|cant|p2a: THE COLUSSUS|slp\n|\n|upkeep\n|turn|76\n|inactive|Ulti Bastion has 210 seconds left.\n|\n|t:|1785511577\n|move|p1a: Exeggutor|Psychic|p2a: THE COLUSSUS\n|-damage|p2a: THE COLUSSUS|68/100 slp\n|-curestatus|p2a: THE COLUSSUS|slp|[msg]\n|\n|upkeep\n|turn|77\n|\n|t:|1785511583\n|switch|p2a: Red Velvet|Jynx|64/100 slp\n|move|p1a: Exeggutor|Sleep Powder|p2a: Red Velvet|[miss]\n|-miss|p1a: Exeggutor\n|\n|upkeep\n|turn|78\n|\n|t:|1785511597\n|switch|p2a: A Padeira|Chansey|37/100 par\n|move|p1a: Exeggutor|Sleep Powder|p2a: A Padeira\n|-fail|p2a: A Padeira\n|\n|upkeep\n|turn|79\n|\n|t:|1785511614\n|switch|p1a: Snorlax|Snorlax|100/100\n|switch|p2a: Red Velvet|Jynx|64/100 slp\n|\n|upkeep\n|turn|80\n|\n|t:|1785511619\n|switch|p2a: THE COLUSSUS|Snorlax|68/100\n|move|p1a: Snorlax|Body Slam|p2a: THE COLUSSUS\n|-damage|p2a: THE COLUSSUS|43/100\n|\n|upkeep\n|turn|81\n|\n|t:|1785511629\n|switch|p1a: Starmie|Starmie|100/100 par\n|move|p2a: THE COLUSSUS|Rest|p2a: THE COLUSSUS\n|-status|p2a: THE COLUSSUS|slp|[from] move: Rest\n|-heal|p2a: THE COLUSSUS|100/100 slp|[silent]\n|\n|upkeep\n|turn|82\n|inactive|Ulti Bastion has 210 seconds left.\n|\n|t:|1785511638\n|cant|p2a: THE COLUSSUS|slp\n|move|p1a: Starmie|Surf|p2a: THE COLUSSUS\n|-crit|p2a: THE COLUSSUS\n|-damage|p2a: THE COLUSSUS|51/100 slp\n|\n|upkeep\n|turn|83\n|\n|t:|1785511644\n|-curestatus|p2a: THE COLUSSUS|slp|[msg]\n|move|p1a: Starmie|Surf|p2a: THE COLUSSUS\n|-damage|p2a: THE COLUSSUS|23/100\n|\n|upkeep\n|turn|84\n|\n|t:|1785511655\n|move|p2a: THE COLUSSUS|Rest|p2a: THE COLUSSUS\n|-status|p2a: THE COLUSSUS|slp|[from] move: Rest\n|-heal|p2a: THE COLUSSUS|100/100 slp|[silent]\n|move|p1a: Starmie|Surf|p2a: THE COLUSSUS\n|-damage|p2a: THE COLUSSUS|74/100 slp\n|\n|upkeep\n|turn|85\n|\n|t:|1785511662\n|switch|p2a: A Padeira|Chansey|37/100 par\n|move|p1a: Starmie|Surf|p2a: A Padeira\n|-damage|p2a: A Padeira|22/100 par\n|\n|upkeep\n|turn|86\n|\n|t:|1785511666\n|switch|p1a: Snorlax|Snorlax|100/100\n|cant|p2a: A Padeira|par\n|\n|upkeep\n|turn|87\n|\n|t:|1785511677\n|switch|p2a: Mistery|Starmie|87/100 par\n|move|p1a: Snorlax|Body Slam|p2a: Mistery\n|-damage|p2a: Mistery|47/100 par\n|\n|upkeep\n|turn|88\n|\n|t:|1785511681\n|move|p1a: Snorlax|Body Slam|p2a: Mistery\n|-damage|p2a: Mistery|8/100 par\n|cant|p2a: Mistery|par\n|\n|upkeep\n|turn|89\n|inactive|Ulti Bastion has 240 seconds left.\n|\n|t:|1785511699\n|move|p1a: Snorlax|Earthquake|p2a: Mistery\n|-damage|p2a: Mistery|0 fnt\n|faint|p2a: Mistery\n|\n|t:|1785511702\n|switch|p2a: The Bronco|Rhydon|100/100\n|turn|90\n|\n|t:|1785511706\n|move|p2a: The Bronco|Earthquake|p1a: Snorlax\n|-damage|p1a: Snorlax|68/100\n|move|p1a: Snorlax|Reflect|p1a: Snorlax\n|-start|p1a: Snorlax|Reflect\n|\n|upkeep\n|turn|91\n|\n|t:|1785511714\n|move|p2a: The Bronco|Earthquake|p1a: Snorlax\n|-damage|p1a: Snorlax|50/100\n|move|p1a: Snorlax|Earthquake|p2a: The Bronco\n|-crit|p2a: The Bronco\n|-supereffective|p2a: The Bronco\n|-damage|p2a: The Bronco|25/100\n|\n|upkeep\n|turn|92\n|inactive|Ulti Bastion has 240 seconds left.\n|inactive|Ulti Bastion has 210 seconds left.\n|\n|t:|1785511775\n|switch|p2a: Red Velvet|Jynx|64/100 slp\n|move|p1a: Snorlax|Earthquake|p2a: Red Velvet\n|-damage|p2a: Red Velvet|23/100 slp\n|\n|upkeep\n|turn|93\n|\n|t:|1785511779\n|-curestatus|p2a: Red Velvet|slp|[msg]\n|move|p1a: Snorlax|Earthquake|p2a: Red Velvet\n|-damage|p2a: Red Velvet|0 fnt\n|faint|p2a: Red Velvet\n|\n|t:|1785511782\n|switch|p2a: THE COLUSSUS|Snorlax|74/100 slp\n|turn|94\n|\n|t:|1785511786\n|cant|p2a: THE COLUSSUS|slp\n|move|p1a: Snorlax|Body Slam|p2a: THE COLUSSUS\n|-crit|p2a: THE COLUSSUS\n|-damage|p2a: THE COLUSSUS|26/100 slp\n|\n|upkeep\n|turn|95\n|\n|t:|1785511802\n|switch|p2a: The Bronco|Rhydon|25/100\n|move|p1a: Snorlax|Body Slam|p2a: The Bronco\n|-resisted|p2a: The Bronco\n|-damage|p2a: The Bronco|13/100\n|\n|upkeep\n|turn|96\n|\n|t:|1785511806\n|move|p2a: The Bronco|Earthquake|p1a: Snorlax\n|-damage|p1a: Snorlax|31/100\n|move|p1a: Snorlax|Earthquake|p2a: The Bronco\n|-supereffective|p2a: The Bronco\n|-damage|p2a: The Bronco|0 fnt\n|faint|p2a: The Bronco\n|\n|t:|1785511810\n|switch|p2a: Almighty Bull|Tauros|100/100\n|turn|97\n|\n|t:|1785511815\n|move|p2a: Almighty Bull|Blizzard|p1a: Snorlax\n|-damage|p1a: Snorlax|13/100\n|move|p1a: Snorlax|Body Slam|p2a: Almighty Bull\n|-damage|p2a: Almighty Bull|71/100\n|\n|upkeep\n|turn|98\n|\n|t:|1785511820\n|move|p2a: Almighty Bull|Body Slam|p1a: Snorlax\n|-damage|p1a: Snorlax|0 fnt\n|faint|p1a: Snorlax\n|\n|t:|1785511829\n|switch|p1a: Chansey|Chansey|84/100\n|turn|99\n|\n|t:|1785511847\n|move|p2a: Almighty Bull|Body Slam|p1a: Chansey\n|-damage|p1a: Chansey|47/100\n|move|p1a: Chansey|Ice Beam|p2a: Almighty Bull\n|-damage|p2a: Almighty Bull|42/100\n|\n|upkeep\n|turn|100\n|\n|t:|1785511859\n|switch|p1a: Starmie|Starmie|100/100 par\n|move|p2a: Almighty Bull|Body Slam|p1a: Starmie\n|-damage|p1a: Starmie|66/100 par\n|\n|upkeep\n|turn|101\n|\n|t:|1785511873\n|move|p2a: Almighty Bull|Thunderbolt|p1a: Starmie\n|-supereffective|p1a: Starmie\n|-damage|p1a: Starmie|27/100 par\n|move|p1a: Starmie|Thunder Wave|p2a: Almighty Bull\n|-status|p2a: Almighty Bull|par\n|\n|upkeep\n|turn|102\n|\n|t:|1785511893\n|move|p1a: Starmie|Surf|p2a: Almighty Bull\n|-damage|p2a: Almighty Bull|3/100 par\n|cant|p2a: Almighty Bull|par\n|\n|upkeep\n|turn|103\n|\n|t:|1785511901\n|switch|p1a: Exeggutor|Exeggutor|10/100\n|move|p2a: Almighty Bull|Body Slam|p1a: Exeggutor\n|-damage|p1a: Exeggutor|0 fnt\n|faint|p1a: Exeggutor\n|\n|t:|1785511905\n|switch|p1a: Zapdos|Zapdos|100/100\n|turn|104\n|\n|t:|1785511911\n|move|p1a: Zapdos|Drill Peck|p2a: Almighty Bull\n|-damage|p2a: Almighty Bull|0 fnt\n|faint|p2a: Almighty Bull\n|-message|Ulti Bastion forfeited.\n|\n|win|SOULWIND\n","uploadtime":1785511915,"views":"59","formatid":"gen1ou","rating":null,"private":2,"password":null}