{"id":"smogtours-gen1ou-816612","format":"[Gen 1] OU","players":["nicole7735","genesis7"],"log":"|inactive|Battle timer is ON: inactive players will automatically lose when time's up.\n|t:|1737944004\n|gametype|singles\n|player|p1|nicole7735|lady-gen4|\n|player|p2|genesis7|#ssdleviathans|\n|teamsize|p1|6\n|teamsize|p2|6\n|gen|1\n|tier|[Gen 1] OU\n|rule|Desync Clause Mod: Desyncs changed to move failure.\n|rule|Sleep Clause Mod: Limit one foe put to sleep\n|rule|Freeze Clause Mod: Limit one foe frozen\n|rule|Species Clause: Limit one of each Pokémon\n|rule|OHKO Clause: OHKO moves are banned\n|rule|Evasion Moves Clause: Evasion moves are banned\n|rule|Endless Battle Clause: Forcing endless battles is banned\n|rule|HP Percentage Mod: HP is shown in percentages\n|\n|t:|1737944004\n|start\n|switch|p1a: Starmie|Starmie|100/100\n|switch|p2a: Starmie|Starmie|100/100\n|turn|1\n|c|☆genesis7|glhf\n|rated|Smogon Premier League\n|c|☆nicole7735|hf\n|inactive|genesis7 has 270 seconds left.\n|\n|t:|1737944054\n|switch|p1a: Chansey|Chansey|100/100\n|move|p2a: Starmie|Thunderbolt|p1a: Chansey\n|-crit|p1a: Chansey\n|-damage|p1a: Chansey|79/100\n|\n|upkeep\n|turn|2\n|\n|t:|1737944063\n|move|p2a: Starmie|Thunder Wave|p1a: Chansey\n|-status|p1a: Chansey|par\n|move|p1a: Chansey|Sing|p2a: Starmie|[miss]\n|-miss|p1a: Chansey\n|\n|upkeep\n|turn|3\n|\n|t:|1737944071\n|move|p2a: Starmie|Psychic|p1a: Chansey\n|-damage|p1a: Chansey|65/100 par\n|cant|p1a: Chansey|par\n|\n|upkeep\n|turn|4\n|\n|t:|1737944075\n|move|p2a: Starmie|Psychic|p1a: Chansey\n|-damage|p1a: Chansey|49/100 par\n|-unboost|p1a: Chansey|spa|1\n|-unboost|p1a: Chansey|spd|1\n|move|p1a: Chansey|Soft-Boiled|p1a: Chansey\n|-heal|p1a: Chansey|99/100 par\n|\n|upkeep\n|turn|5\n|\n|t:|1737944083\n|move|p2a: Starmie|Psychic|p1a: Chansey\n|-crit|p1a: Chansey\n|-damage|p1a: Chansey|72/100 par\n|-unboost|p1a: Chansey|spa|1\n|-unboost|p1a: Chansey|spd|1\n|move|p1a: Chansey|Sing|p2a: Starmie\n|-status|p2a: Starmie|slp|[from] move: Sing\n|\n|upkeep\n|turn|6\n|inactive|nicole7735 has 270 seconds left.\n|\n|t:|1737944126\n|switch|p2a: Snorlax|Snorlax|100/100\n|move|p1a: Chansey|Thunder Wave|p2a: Snorlax\n|-status|p2a: Snorlax|par\n|\n|upkeep\n|turn|7\n|\n|t:|1737944144\n|switch|p1a: Snorlax|Snorlax|100/100\n|move|p2a: Snorlax|Reflect|p2a: Snorlax\n|-start|p2a: Snorlax|Reflect\n|\n|upkeep\n|turn|8\n|\n|t:|1737944150\n|move|p1a: Snorlax|Reflect|p1a: Snorlax\n|-start|p1a: Snorlax|Reflect\n|cant|p2a: Snorlax|par\n|\n|upkeep\n|turn|9\n|\n|t:|1737944153\n|move|p1a: Snorlax|Body Slam|p2a: Snorlax\n|-damage|p2a: Snorlax|87/100 par\n|move|p2a: Snorlax|Ice Beam|p1a: Snorlax\n|-damage|p1a: Snorlax|87/100\n|\n|upkeep\n|turn|10\n|\n|t:|1737944159\n|switch|p1a: Starmie|Starmie|100/100\n|move|p2a: Snorlax|Body Slam|p1a: Starmie\n|-damage|p1a: Starmie|65/100\n|-status|p1a: Starmie|par\n|\n|upkeep\n|turn|11\n|\n|t:|1737944166\n|move|p1a: Starmie|Recover|p1a: Starmie\n|-heal|p1a: Starmie|100/100 par\n|move|p2a: Snorlax|Body Slam|p1a: Starmie\n|-damage|p1a: Starmie|64/100 par\n|\n|upkeep\n|turn|12\n|\n|t:|1737944170\n|move|p1a: Starmie|Recover|p1a: Starmie\n|-heal|p1a: Starmie|100/100 par\n|move|p2a: Snorlax|Body Slam|p1a: Starmie\n|-damage|p1a: Starmie|64/100 par\n|\n|upkeep\n|turn|13\n|\n|t:|1737944174\n|cant|p1a: Starmie|par\n|move|p2a: Snorlax|Body Slam|p1a: Starmie\n|-damage|p1a: Starmie|29/100 par\n|\n|upkeep\n|turn|14\n|\n|t:|1737944179\n|move|p1a: Starmie|Recover|p1a: Starmie\n|-heal|p1a: Starmie|79/100 par\n|move|p2a: Snorlax|Body Slam|p1a: Starmie\n|-damage|p1a: Starmie|39/100 par\n|\n|upkeep\n|turn|15\n|\n|t:|1737944184\n|move|p1a: Starmie|Recover|p1a: Starmie\n|-heal|p1a: Starmie|88/100 par\n|move|p2a: Snorlax|Body Slam|p1a: Starmie\n|-damage|p1a: Starmie|51/100 par\n|\n|upkeep\n|turn|16\n|\n|t:|1737944188\n|move|p1a: Starmie|Recover|p1a: Starmie\n|-heal|p1a: Starmie|100/100 par\n|move|p2a: Snorlax|Body Slam|p1a: Starmie\n|-damage|p1a: Starmie|61/100 par\n|\n|upkeep\n|turn|17\n|\n|t:|1737944193\n|cant|p1a: Starmie|par\n|move|p2a: Snorlax|Body Slam|p1a: Starmie\n|-damage|p1a: Starmie|22/100 par\n|\n|upkeep\n|turn|18\n|\n|t:|1737944196\n|cant|p1a: Starmie|par\n|move|p2a: Snorlax|Body Slam|p1a: Starmie\n|-damage|p1a: Starmie|0 fnt\n|faint|p1a: Starmie\n|\n|t:|1737944216\n|switch|p1a: Exeggutor|Exeggutor|100/100\n|turn|19\n|\n|t:|1737944230\n|switch|p2a: Starmie|Starmie|100/100 slp\n|move|p1a: Exeggutor|Psychic|p2a: Starmie\n|-resisted|p2a: Starmie\n|-damage|p2a: Starmie|81/100 slp\n|-unboost|p2a: Starmie|spa|1\n|-unboost|p2a: Starmie|spd|1\n|\n|upkeep\n|turn|20\n|\n|t:|1737944239\n|switch|p2a: Chansey|Chansey|100/100\n|move|p1a: Exeggutor|Stun Spore|p2a: Chansey\n|-status|p2a: Chansey|par\n|\n|upkeep\n|turn|21\n|\n|t:|1737944252\n|switch|p1a: Chansey|Chansey|72/100 par\n|cant|p2a: Chansey|par\n|\n|upkeep\n|turn|22\n|\n|t:|1737944272\n|cant|p1a: Chansey|par\n|cant|p2a: Chansey|par\n|\n|upkeep\n|turn|23\n|\n|t:|1737944278\n|switch|p2a: Snorlax|Snorlax|87/100 par\n|move|p1a: Chansey|Seismic Toss|p2a: Snorlax\n|-damage|p2a: Snorlax|68/100 par\n|\n|upkeep\n|turn|24\n|\n|t:|1737944299\n|switch|p1a: Snorlax|Snorlax|87/100\n|move|p2a: Snorlax|Body Slam|p1a: Snorlax\n|-damage|p1a: Snorlax|62/100\n|\n|upkeep\n|turn|25\n|\n|t:|1737944317\n|move|p1a: Snorlax|Body Slam|p2a: Snorlax\n|-damage|p2a: Snorlax|40/100 par\n|move|p2a: Snorlax|Reflect|p2a: Snorlax\n|-start|p2a: Snorlax|Reflect\n|\n|upkeep\n|turn|26\n|\n|t:|1737944322\n|switch|p1a: Exeggutor|Exeggutor|100/100\n|move|p2a: Snorlax|Rest|p2a: Snorlax\n|-status|p2a: Snorlax|slp|[from] move: Rest\n|-heal|p2a: Snorlax|100/100 slp|[silent]\n|\n|upkeep\n|turn|27\n|\n|t:|1737944328\n|move|p1a: Exeggutor|Psychic|p2a: Snorlax\n|-crit|p2a: Snorlax\n|-damage|p2a: Snorlax|40/100 slp\n|cant|p2a: Snorlax|slp\n|\n|upkeep\n|turn|28\n|\n|t:|1737944351\n|switch|p1a: Snorlax|Snorlax|62/100\n|switch|p2a: Chansey|Chansey|100/100 par\n|\n|upkeep\n|turn|29\n|inactive|genesis7 has 270 seconds left.\n|inactive|genesis7 has 240 seconds left.\n|\n|t:|1737944418\n|move|p1a: Snorlax|Body Slam|p2a: Chansey\n|-damage|p2a: Chansey|57/100 par\n|move|p2a: Chansey|Thunder Wave|p1a: Snorlax\n|-status|p1a: Snorlax|par\n|\n|upkeep\n|turn|30\n|inactive|genesis7 has 240 seconds left.\n|\n|t:|1737944429\n|cant|p2a: Chansey|par\n|move|p1a: Snorlax|Body Slam|p2a: Chansey\n|-damage|p2a: Chansey|14/100 par\n|\n|upkeep\n|turn|31\n|inactive|genesis7 has 240 seconds left.\n|\n|t:|1737944442\n|move|p2a: Chansey|Soft-Boiled|p2a: Chansey\n|-heal|p2a: Chansey|64/100 par\n|move|p1a: Snorlax|Body Slam|p2a: Chansey\n|-damage|p2a: Chansey|20/100 par\n|\n|upkeep\n|turn|32\n|\n|t:|1737944446\n|move|p2a: Chansey|Soft-Boiled|p2a: Chansey\n|-heal|p2a: Chansey|70/100 par\n|move|p1a: Snorlax|Body Slam|p2a: Chansey\n|-damage|p2a: Chansey|26/100 par\n|\n|upkeep\n|turn|33\n|\n|t:|1737944451\n|move|p2a: Chansey|Soft-Boiled|p2a: Chansey\n|-heal|p2a: Chansey|76/100 par\n|move|p1a: Snorlax|Body Slam|p2a: Chansey\n|-crit|p2a: Chansey\n|-damage|p2a: Chansey|1/100 par\n|\n|upkeep\n|turn|34\n|\n|t:|1737944457\n|move|p2a: Chansey|Soft-Boiled|p2a: Chansey\n|-heal|p2a: Chansey|51/100 par\n|cant|p1a: Snorlax|par\n|\n|upkeep\n|turn|35\n|\n|t:|1737944466\n|move|p2a: Chansey|Soft-Boiled|p2a: Chansey\n|-heal|p2a: Chansey|100/100 par\n|move|p1a: Snorlax|Body Slam|p2a: Chansey\n|-damage|p2a: Chansey|59/100 par\n|\n|upkeep\n|turn|36\n|\n|t:|1737944470\n|cant|p2a: Chansey|par\n|move|p1a: Snorlax|Body Slam|p2a: Chansey\n|-damage|p2a: Chansey|14/100 par\n|\n|upkeep\n|turn|37\n|\n|t:|1737944474\n|move|p2a: Chansey|Soft-Boiled|p2a: Chansey\n|-heal|p2a: Chansey|64/100 par\n|move|p1a: Snorlax|Body Slam|p2a: Chansey\n|-damage|p2a: Chansey|20/100 par\n|\n|upkeep\n|turn|38\n|\n|t:|1737944478\n|move|p2a: Chansey|Soft-Boiled|p2a: Chansey\n|-heal|p2a: Chansey|70/100 par\n|move|p1a: Snorlax|Body Slam|p2a: Chansey\n|-damage|p2a: Chansey|30/100 par\n|\n|upkeep\n|turn|39\n|\n|t:|1737944484\n|cant|p2a: Chansey|par\n|move|p1a: Snorlax|Body Slam|p2a: Chansey\n|-damage|p2a: Chansey|0 fnt\n|faint|p2a: Chansey\n|\n|t:|1737944496\n|switch|p2a: Rhydon|Rhydon|100/100\n|turn|40\n|\n|t:|1737944523\n|switch|p1a: Exeggutor|Exeggutor|100/100\n|move|p2a: Rhydon|Body Slam|p1a: Exeggutor\n|-damage|p1a: Exeggutor|77/100\n|\n|upkeep\n|turn|41\n|\n|t:|1737944534\n|switch|p2a: Starmie|Starmie|81/100 slp\n|move|p1a: Exeggutor|Stun Spore|p2a: Starmie\n|-fail|p2a: Starmie\n|\n|upkeep\n|turn|42\n|\n|t:|1737944538\n|switch|p1a: Tauros|Tauros|100/100\n|cant|p2a: Starmie|slp\n|\n|upkeep\n|turn|43\n|\n|t:|1737944546\n|-curestatus|p2a: Starmie|slp|[msg]\n|move|p1a: Tauros|Body Slam|p2a: Starmie\n|-damage|p2a: Starmie|49/100\n|\n|upkeep\n|turn|44\n|\n|t:|1737944564\n|switch|p1a: Chansey|Chansey|72/100 par\n|move|p2a: Starmie|Recover|p2a: Starmie\n|-heal|p2a: Starmie|99/100\n|\n|upkeep\n|turn|45\n|\n|t:|1737944586\n|move|p2a: Starmie|Psychic|p1a: Chansey\n|-crit|p1a: Chansey\n|-damage|p1a: Chansey|42/100 par\n|move|p1a: Chansey|Sing|p2a: Starmie\n|-status|p2a: Starmie|slp|[from] move: Sing\n|\n|upkeep\n|turn|46\n|\n|t:|1737944601\n|switch|p2a: Rhydon|Rhydon|100/100\n|move|p1a: Chansey|Soft-Boiled|p1a: Chansey\n|-heal|p1a: Chansey|92/100 par\n|\n|upkeep\n|turn|47\n|\n|t:|1737944608\n|move|p2a: Rhydon|Body Slam|p1a: Chansey\n|-damage|p1a: Chansey|62/100 par\n|cant|p1a: Chansey|par\n|\n|upkeep\n|turn|48\n|\n|t:|1737944615\n|switch|p1a: Exeggutor|Exeggutor|77/100\n|move|p2a: Rhydon|Body Slam|p1a: Exeggutor\n|-damage|p1a: Exeggutor|53/100\n|\n|upkeep\n|turn|49\n|\n|t:|1737944623\n|switch|p2a: Starmie|Starmie|99/100 slp\n|move|p1a: Exeggutor|Psychic|p2a: Starmie\n|-resisted|p2a: Starmie\n|-damage|p2a: Starmie|79/100 slp\n|\n|upkeep\n|turn|50\n|\n|t:|1737944627\n|cant|p2a: Starmie|slp\n|move|p1a: Exeggutor|Stun Spore|p2a: Starmie\n|-fail|p2a: Starmie\n|\n|upkeep\n|turn|51\n|inactive|genesis7 has 270 seconds left.\n|\n|t:|1737944664\n|cant|p2a: Starmie|slp\n|move|p1a: Exeggutor|Stun Spore|p2a: Starmie\n|-fail|p2a: Starmie\n|\n|upkeep\n|turn|52\n|inactive|genesis7 has 270 seconds left.\n|\n|t:|1737944670\n|switch|p1a: Tauros|Tauros|100/100\n|cant|p2a: Starmie|slp\n|\n|upkeep\n|turn|53\n|\n|t:|1737944674\n|cant|p2a: Starmie|slp\n|move|p1a: Tauros|Body Slam|p2a: Starmie\n|-crit|p2a: Starmie\n|-damage|p2a: Starmie|10/100 slp\n|\n|upkeep\n|turn|54\n|\n|t:|1737944682\n|switch|p2a: Snorlax|Snorlax|40/100 slp\n|move|p1a: Tauros|Body Slam|p2a: Snorlax\n|-crit|p2a: Snorlax\n|-damage|p2a: Snorlax|0 fnt\n|faint|p2a: Snorlax\n|inactive|genesis7 has 270 seconds left.\n|\n|t:|1737944705\n|switch|p2a: Victreebel|Victreebel|100/100\n|turn|55\n|inactive|nicole7735 has 270 seconds left.\n|\n|t:|1737944742\n|move|p1a: Tauros|Body Slam|p2a: Victreebel\n|-damage|p2a: Victreebel|67/100\n|move|p2a: Victreebel|Sleep Powder|p1a: Tauros\n|-status|p1a: Tauros|slp|[from] move: Sleep Powder\n|\n|upkeep\n|turn|56\n|inactive|nicole7735 has 270 seconds left.\n|inactive|genesis7 has 270 seconds left.\n|\n|t:|1737944761\n|switch|p1a: Chansey|Chansey|62/100 par\n|move|p2a: Victreebel|Razor Leaf|p1a: Chansey\n|-crit|p1a: Chansey\n|-damage|p1a: Chansey|44/100 par\n|\n|upkeep\n|turn|57\n|inactive|genesis7 has 270 seconds left.\n|inactive|nicole7735 has 270 seconds left.\n|\n|t:|1737944782\n|move|p2a: Victreebel|Hyper Beam|p1a: Chansey\n|-damage|p1a: Chansey|0 fnt\n|faint|p1a: Chansey\n|inactive|nicole7735 has 270 seconds left.\n|\n|t:|1737944811\n|switch|p1a: Exeggutor|Exeggutor|53/100\n|turn|58\n|inactive|genesis7 has 270 seconds left.\n|inactive|genesis7 has 240 seconds left.\n|\n|t:|1737944864\n|move|p2a: Victreebel|Wrap|p1a: Exeggutor\n|-damage|p1a: Exeggutor|49/100\n|cant|p1a: Exeggutor|partiallytrapped\n|\n|upkeep\n|turn|59\n|\n|t:|1737944884\n|switch|p1a: Tauros|Tauros|100/100 slp\n|move|p2a: Victreebel|Wrap|p1a: Tauros\n|-damage|p1a: Tauros|97/100 slp\n|\n|upkeep\n|turn|60\n|inactive|genesis7 has 240 seconds left.\n|\n|t:|1737944893\n|switch|p2a: Tauros|Tauros|100/100\n|cant|p1a: Tauros|slp\n|\n|upkeep\n|turn|61\n|inactive|nicole7735 has 240 seconds left.\n|inactive|nicole7735 has 210 seconds left.\n|inactive|nicole7735 has 180 seconds left.\n|\n|t:|1737945011\n|switch|p1a: Rhydon|Rhydon|100/100\n|move|p2a: Tauros|Body Slam|p1a: Rhydon\n|-resisted|p1a: Rhydon\n|-damage|p1a: Rhydon|90/100\n|-status|p1a: Rhydon|par\n|\n|upkeep\n|turn|62\n|\n|t:|1737945026\n|move|p2a: Tauros|Blizzard|p1a: Rhydon\n|-supereffective|p1a: Rhydon\n|-damage|p1a: Rhydon|30/100 par\n|move|p1a: Rhydon|Earthquake|p2a: Tauros\n|-crit|p2a: Tauros\n|-damage|p2a: Tauros|24/100\n|\n|upkeep\n|turn|63\n|\n|t:|1737945049\n|move|p2a: Tauros|Earthquake|p1a: Rhydon\n|-supereffective|p1a: Rhydon\n|-damage|p1a: Rhydon|0 fnt\n|faint|p1a: Rhydon\n|\n|t:|1737945050\n|switch|p1a: Snorlax|Snorlax|62/100 par\n|turn|64\n|\n|t:|1737945057\n|switch|p2a: Rhydon|Rhydon|100/100\n|move|p1a: Snorlax|Body Slam|p2a: Rhydon\n|-resisted|p2a: Rhydon\n|-damage|p2a: Rhydon|88/100\n|\n|upkeep\n|turn|65\n|inactive|genesis7 has 240 seconds left.\n|inactive|nicole7735 has 150 seconds left.\n|\n|t:|1737945092\n|switch|p1a: Exeggutor|Exeggutor|49/100\n|move|p2a: Rhydon|Earthquake|p1a: Exeggutor\n|-resisted|p1a: Exeggutor\n|-damage|p1a: Exeggutor|29/100\n|\n|upkeep\n|turn|66\n|inactive|genesis7 has 240 seconds left.\n|inactive|nicole7735 has 150 seconds left.\n|\n|t:|1737945111\n|switch|p2a: Starmie|Starmie|10/100 slp\n|move|p1a: Exeggutor|Rest|p1a: Exeggutor\n|-status|p1a: Exeggutor|slp|[from] move: Rest\n|-heal|p1a: Exeggutor|100/100 slp|[silent]\n|\n|upkeep\n|turn|67\n|\n|t:|1737945117\n|switch|p2a: Tauros|Tauros|24/100\n|cant|p1a: Exeggutor|slp\n|\n|upkeep\n|turn|68\n|inactive|genesis7 has 240 seconds left.\n|\n|t:|1737945132\n|move|p2a: Tauros|Body Slam|p1a: Exeggutor\n|-damage|p1a: Exeggutor|74/100 slp\n|-curestatus|p1a: Exeggutor|slp|[msg]\n|\n|upkeep\n|turn|69\n|\n|t:|1737945146\n|switch|p2a: Starmie|Starmie|10/100 slp\n|move|p1a: Exeggutor|Psychic|p2a: Starmie\n|-resisted|p2a: Starmie\n|-damage|p2a: Starmie|0 fnt\n|faint|p2a: Starmie\n|\n|t:|1737945153\n|switch|p2a: Victreebel|Victreebel|67/100\n|turn|70\n|inactive|nicole7735 has 180 seconds left.\n|\n|t:|1737945176\n|move|p2a: Victreebel|Wrap|p1a: Exeggutor\n|-crit|p1a: Exeggutor\n|-damage|p1a: Exeggutor|67/100\n|cant|p1a: Exeggutor|partiallytrapped\n|\n|upkeep\n|turn|71\n|inactive|genesis7 has 210 seconds left.\n|inactive|nicole7735 has 150 seconds left.\n|inactive|genesis7 has 180 seconds left.\n|\n|t:|1737945243\n|switch|p2a: Tauros|Tauros|24/100\n|switch|p1a: Tauros|Tauros|97/100 slp\n|\n|upkeep\n|turn|72\n|inactive|nicole7735 has 120 seconds left.\n|inactive|nicole7735 has 90 seconds left.\n|\n|t:|1737945308\n|switch|p1a: Snorlax|Snorlax|62/100 par\n|move|p2a: Tauros|Body Slam|p1a: Snorlax\n|-damage|p1a: Snorlax|40/100 par\n|\n|upkeep\n|turn|73\n|inactive|nicole7735 has 90 seconds left.\n|inactive|genesis7 has 180 seconds left.\n|\n|t:|1737945330\n|move|p2a: Tauros|Hyper Beam|p1a: Snorlax\n|-damage|p1a: Snorlax|0 fnt\n|faint|p1a: Snorlax\n|\n|t:|1737945332\n|switch|p1a: Exeggutor|Exeggutor|67/100\n|turn|74\n|inactive|genesis7 has 180 seconds left.\n|inactive|genesis7 has 150 seconds left.\n|\n|t:|1737945383\n|move|p2a: Tauros|Hyper Beam|p1a: Exeggutor\n|-damage|p1a: Exeggutor|21/100\n|-mustrecharge|p2a: Tauros\n|move|p1a: Exeggutor|Psychic|p2a: Tauros\n|-damage|p2a: Tauros|0 fnt\n|faint|p2a: Tauros\n|\n|t:|1737945387\n|switch|p2a: Victreebel|Victreebel|67/100\n|turn|75\n|inactive|genesis7 has 150 seconds left.\n|inactive|nicole7735 has 90 seconds left.\n|\n|t:|1737945424\n|switch|p1a: Tauros|Tauros|97/100 slp\n|move|p2a: Victreebel|Hyper Beam|p1a: Tauros\n|-damage|p1a: Tauros|60/100 slp\n|-mustrecharge|p2a: Victreebel\n|\n|upkeep\n|turn|76\n|\n|t:|1737945430\n|cant|p1a: Tauros|slp\n|cant|p2a: Victreebel|recharge\n|\n|upkeep\n|turn|77\n|\n|t:|1737945433\n|-curestatus|p1a: Tauros|slp|[msg]\n|move|p2a: Victreebel|Razor Leaf|p1a: Tauros\n|-crit|p1a: Tauros\n|-damage|p1a: Tauros|15/100\n|\n|upkeep\n|turn|78\n|inactive|genesis7 has 150 seconds left.\n|inactive|nicole7735 has 90 seconds left.\n|inactive|genesis7 has 120 seconds left.\n|inactive|nicole7735 has 60 seconds left.\n|inactive|genesis7 has 90 seconds left.\n|\n|t:|1737945532\n|move|p1a: Tauros|Body Slam|p2a: Victreebel\n|-crit|p2a: Victreebel\n|-damage|p2a: Victreebel|0 fnt\n|faint|p2a: Victreebel\n|\n|t:|1737945535\n|switch|p2a: Rhydon|Rhydon|88/100\n|turn|79\n|\n|t:|1737945539\n|move|p1a: Tauros|Earthquake|p2a: Rhydon\n|-supereffective|p2a: Rhydon\n|-damage|p2a: Rhydon|52/100\n|move|p2a: Rhydon|Body Slam|p1a: Tauros\n|-damage|p1a: Tauros|0 fnt\n|faint|p1a: Tauros\n|\n|t:|1737945552\n|switch|p1a: Exeggutor|Exeggutor|21/100\n|turn|80\n|\n|t:|1737945558\n|move|p1a: Exeggutor|Sleep Powder|p2a: Rhydon\n|-status|p2a: Rhydon|slp|[from] move: Sleep Powder\n|cant|p2a: Rhydon|slp\n|\n|upkeep\n|turn|81\n|\n|t:|1737945560\n|move|p1a: Exeggutor|Psychic|p2a: Rhydon\n|-damage|p2a: Rhydon|7/100 slp\n|-unboost|p2a: Rhydon|spa|1\n|-unboost|p2a: Rhydon|spd|1\n|-curestatus|p2a: Rhydon|slp|[msg]\n|\n|upkeep\n|turn|82\n|\n|t:|1737945562\n|move|p1a: Exeggutor|Psychic|p2a: Rhydon\n|-damage|p2a: Rhydon|0 fnt\n|faint|p2a: Rhydon\n|\n|win|nicole7735\n|c|☆nicole7735|ggs\n|c|☆genesis7|ggs\n|player|p2|\n","uploadtime":1737945562,"views":"1951","formatid":"gen1ou","rating":null,"private":0,"password":null}