{"id":"smogtours-gen1ou-816148","format":"[Gen 1] OU","players":["Kaz","Sceptross"],"log":"|inactive|Battle timer is ON: inactive players will automatically lose when time's up.\n|t:|1737901713\n|gametype|singles\n|player|p1|Kaz|#splxviclassiest2|\n|player|p2|Sceptross|norman|\n|teamsize|p1|6\n|teamsize|p2|6\n|gen|1\n|tier|[Gen 1] OU\n|rule|Desync Clause Mod: Desyncs changed to move failure.\n|rule|Sleep Clause Mod: Limit one foe put to sleep\n|rule|Freeze Clause Mod: Limit one foe frozen\n|rule|Species Clause: Limit one of each Pokémon\n|rule|OHKO Clause: OHKO moves are banned\n|rule|Evasion Moves Clause: Evasion moves are banned\n|rule|Endless Battle Clause: Forcing endless battles is banned\n|rule|HP Percentage Mod: HP is shown in percentages\n|\n|t:|1737901713\n|start\n|switch|p1a: Gengar|Gengar|100/100\n|switch|p2a: Jynx|Jynx|100/100\n|turn|1\n|rated|Smogon Premier League\n|c|☆Sceptross|gl hf\n|c|☆Kaz|glhf\n|inactive|Sceptross has 270 seconds left.\n|inactive|Kaz has 270 seconds left.\n|\n|t:|1737901778\n|move|p1a: Gengar|Hypnosis|p2a: Jynx|[miss]\n|-miss|p1a: Gengar\n|move|p2a: Jynx|Lovely Kiss|p1a: Gengar\n|-status|p1a: Gengar|slp|[from] move: Lovely Kiss\n|\n|upkeep\n|turn|2\n|\n|t:|1737901800\n|switch|p1a: Jynx|Jynx|100/100\n|move|p2a: Jynx|Blizzard|p1a: Jynx\n|-resisted|p1a: Jynx\n|-damage|p1a: Jynx|79/100\n|\n|upkeep\n|turn|3\n|\n|t:|1737901810\n|move|p1a: Jynx|Body Slam|p2a: Jynx\n|-damage|p2a: Jynx|79/100\n|-status|p2a: Jynx|par\n|cant|p2a: Jynx|par\n|\n|upkeep\n|turn|4\n|\n|t:|1737901821\n|move|p1a: Jynx|Blizzard|p2a: Jynx\n|-resisted|p2a: Jynx\n|-damage|p2a: Jynx|57/100 par\n|cant|p2a: Jynx|par\n|\n|upkeep\n|turn|5\n|\n|t:|1737901832\n|move|p1a: Jynx|Blizzard|p2a: Jynx\n|-resisted|p2a: Jynx\n|-damage|p2a: Jynx|35/100 par\n|move|p2a: Jynx|Rest|p2a: Jynx\n|-status|p2a: Jynx|slp|[from] move: Rest\n|-heal|p2a: Jynx|100/100 slp|[silent]\n|\n|upkeep\n|turn|6\n|inactive|Sceptross has 270 seconds left.\n|\n|t:|1737901863\n|switch|p2a: Chansey|Chansey|100/100\n|move|p1a: Jynx|Body Slam|p2a: Chansey\n|-damage|p2a: Chansey|82/100\n|\n|upkeep\n|turn|7\n|inactive|Sceptross has 270 seconds left.\n|\n|t:|1737901900\n|switch|p2a: Jynx|Jynx|100/100 slp\n|move|p1a: Jynx|Lovely Kiss|p2a: Jynx\n|-fail|p2a: Jynx|slp\n|\n|upkeep\n|turn|8\n|\n|t:|1737901904\n|move|p1a: Jynx|Body Slam|p2a: Jynx\n|-damage|p2a: Jynx|75/100 slp\n|cant|p2a: Jynx|slp\n|\n|upkeep\n|turn|9\n|\n|t:|1737901910\n|-curestatus|p2a: Jynx|slp|[msg]\n|move|p1a: Jynx|Body Slam|p2a: Jynx\n|-damage|p2a: Jynx|53/100\n|\n|upkeep\n|turn|10\n|\n|t:|1737901915\n|move|p2a: Jynx|Psychic|p1a: Jynx\n|-crit|p1a: Jynx\n|-resisted|p1a: Jynx\n|-damage|p1a: Jynx|49/100\n|-unboost|p1a: Jynx|spa|1\n|-unboost|p1a: Jynx|spd|1\n|move|p1a: Jynx|Body Slam|p2a: Jynx\n|-crit|p2a: Jynx\n|-damage|p2a: Jynx|9/100\n|\n|upkeep\n|turn|11\n|inactive|Sceptross has 270 seconds left.\n|\n|t:|1737901933\n|switch|p2a: Starmie|Starmie|100/100\n|move|p1a: Jynx|Body Slam|p2a: Starmie\n|-damage|p2a: Starmie|86/100\n|\n|upkeep\n|turn|12\n|inactive|Sceptross has 270 seconds left.\n|\n|t:|1737901961\n|switch|p2a: Jynx|Jynx|9/100\n|switch|p1a: Gengar|Gengar|100/100 slp\n|\n|upkeep\n|turn|13\n|inactive|Sceptross has 270 seconds left.\n|inactive|Sceptross has 240 seconds left.\n|\n|t:|1737902017\n|switch|p1a: Jynx|Jynx|49/100\n|switch|p2a: Starmie|Starmie|86/100\n|\n|upkeep\n|turn|14\n|\n|t:|1737902034\n|switch|p2a: Jynx|Jynx|9/100\n|move|p1a: Jynx|Blizzard|p2a: Jynx\n|-resisted|p2a: Jynx\n|-damage|p2a: Jynx|0 fnt\n|faint|p2a: Jynx\n|\n|t:|1737902037\n|switch|p2a: Tauros|Tauros|100/100\n|turn|15\n|\n|t:|1737902046\n|switch|p1a: Gengar|Gengar|100/100 slp\n|move|p2a: Tauros|Body Slam|p1a: Gengar\n|-immune|p1a: Gengar\n|\n|upkeep\n|turn|16\n|\n|t:|1737902051\n|switch|p1a: Exeggutor|Exeggutor|100/100\n|move|p2a: Tauros|Body Slam|p1a: Exeggutor\n|-crit|p1a: Exeggutor\n|-damage|p1a: Exeggutor|44/100\n|\n|upkeep\n|turn|17\n|inactive|Sceptross has 240 seconds left.\n|inactive|Kaz has 270 seconds left.\n|\n|t:|1737902111\n|switch|p1a: Starmie|Starmie|100/100\n|move|p2a: Tauros|Body Slam|p1a: Starmie\n|-damage|p1a: Starmie|66/100\n|\n|upkeep\n|turn|18\n|\n|t:|1737902119\n|move|p1a: Starmie|Recover|p1a: Starmie\n|-heal|p1a: Starmie|100/100\n|move|p2a: Tauros|Body Slam|p1a: Starmie\n|-crit|p1a: Starmie\n|-damage|p1a: Starmie|37/100\n|\n|upkeep\n|turn|19\n|\n|t:|1737902126\n|move|p1a: Starmie|Thunder Wave|p2a: Tauros\n|-status|p2a: Tauros|par\n|move|p2a: Tauros|Body Slam|p1a: Starmie\n|-damage|p1a: Starmie|5/100\n|\n|upkeep\n|turn|20\n|inactive|Kaz has 270 seconds left.\n|\n|t:|1737902150\n|switch|p1a: Gengar|Gengar|100/100 slp\n|cant|p2a: Tauros|par\n|\n|upkeep\n|turn|21\n|\n|t:|1737902160\n|switch|p1a: Exeggutor|Exeggutor|44/100\n|move|p2a: Tauros|Hyper Beam|p1a: Exeggutor\n|-damage|p1a: Exeggutor|0 fnt\n|faint|p1a: Exeggutor\n|inactive|Kaz has 270 seconds left.\n|\n|t:|1737902170\n|switch|p1a: Tauros|Tauros|100/100\n|turn|22\n|inactive|Sceptross has 240 seconds left.\n|inactive|Sceptross has 210 seconds left.\n|inactive|Sceptross has 180 seconds left.\n|inactive|Sceptross has 150 seconds left.\n|inactive|Sceptross has 120 seconds left.\n|\n|t:|1737902296\n|move|p1a: Tauros|Body Slam|p2a: Tauros\n|-damage|p2a: Tauros|71/100 par\n|move|p2a: Tauros|Body Slam|p1a: Tauros\n|-damage|p1a: Tauros|69/100\n|\n|upkeep\n|turn|23\n|inactive|Sceptross has 120 seconds left.\n|\n|t:|1737902309\n|move|p1a: Tauros|Body Slam|p2a: Tauros\n|-damage|p2a: Tauros|43/100 par\n|cant|p2a: Tauros|par\n|\n|upkeep\n|turn|24\n|inactive|Sceptross has 120 seconds left.\n|\n|t:|1737902325\n|move|p1a: Tauros|Body Slam|p2a: Tauros\n|-crit|p2a: Tauros\n|-damage|p2a: Tauros|0 fnt\n|faint|p2a: Tauros\n|\n|t:|1737902332\n|switch|p2a: Starmie|Starmie|86/100\n|turn|25\n|inactive|Sceptross has 120 seconds left.\n|c|+Tree69420|damn rly nobody watching a spl game\n|c|+ALlCE|shut up\n|c|+Vileman|someone ban the kindergarten kid \n|inactive|Kaz has 270 seconds left.\n|c|+Tree69420|wtf whatd i do\n|c|+Charmflash|yall are being mad aggro lmao\n|inactive|Kaz has 240 seconds left.\n|raw|<div class=\"broadcast-red\"><strong>Moderated chat was set to ☆!</strong><br />Only users of rank ☆ and higher can talk.</div>\n|c|%Tuthur|/log Tree69420 was muted by Tuthur for 7 minutes.\n|inactive|Kaz has 210 seconds left.\n|\n|t:|1737902445\n|switch|p1a: Jynx|Jynx|49/100\n|move|p2a: Starmie|Thunder Wave|p1a: Jynx\n|-status|p1a: Jynx|par\n|\n|upkeep\n|turn|26\n|inactive|Sceptross has 120 seconds left.\n|\n|t:|1737902463\n|switch|p2a: Snorlax|Snorlax|100/100\n|cant|p1a: Jynx|par\n|\n|upkeep\n|turn|27\n|inactive|Sceptross has 120 seconds left.\n|\n|t:|1737902471\n|switch|p1a: Gengar|Gengar|100/100 slp\n|move|p2a: Snorlax|Body Slam|p1a: Gengar\n|-immune|p1a: Gengar\n|\n|upkeep\n|turn|28\n|inactive|Kaz has 210 seconds left.\n|inactive|Sceptross has 120 seconds left.\n|\n|t:|1737902485\n|switch|p2a: Starmie|Starmie|86/100\n|cant|p1a: Gengar|slp\n|\n|upkeep\n|turn|29\n|\n|t:|1737902489\n|switch|p1a: Jynx|Jynx|49/100 par\n|move|p2a: Starmie|Psychic|p1a: Jynx\n|-resisted|p1a: Jynx\n|-damage|p1a: Jynx|33/100 par\n|\n|upkeep\n|turn|30\n|\n|t:|1737902491\n|move|p2a: Starmie|Psychic|p1a: Jynx\n|-resisted|p1a: Jynx\n|-damage|p1a: Jynx|16/100 par\n|-unboost|p1a: Jynx|spa|1\n|-unboost|p1a: Jynx|spd|1\n|move|p1a: Jynx|Rest|p1a: Jynx\n|-status|p1a: Jynx|slp|[from] move: Rest\n|-heal|p1a: Jynx|100/100 slp|[silent]\n|\n|upkeep\n|turn|31\n|\n|t:|1737902499\n|switch|p2a: Zapdos|Zapdos|100/100\n|cant|p1a: Jynx|slp\n|\n|upkeep\n|turn|32\n|inactive|Kaz has 240 seconds left.\n|inactive|Kaz has 210 seconds left.\n|\n|t:|1737902538\n|switch|p1a: Starmie|Starmie|5/100\n|move|p2a: Zapdos|Thunderbolt|p1a: Starmie\n|-supereffective|p1a: Starmie\n|-damage|p1a: Starmie|0 fnt\n|faint|p1a: Starmie\n|inactive|Kaz has 210 seconds left.\n|\n|t:|1737902561\n|switch|p1a: Snorlax|Snorlax|100/100\n|turn|33\n|inactive|Sceptross has 150 seconds left.\n|inactive|Sceptross has 120 seconds left.\n|\n|t:|1737902615\n|switch|p2a: Snorlax|Snorlax|100/100\n|move|p1a: Snorlax|Body Slam|p2a: Snorlax\n|-damage|p2a: Snorlax|74/100\n|\n|upkeep\n|turn|34\n|inactive|Kaz has 210 seconds left.\n|inactive|Sceptross has 120 seconds left.\n|\n|t:|1737902640\n|switch|p1a: Gengar|Gengar|100/100 slp\n|move|p2a: Snorlax|Ice Beam|p1a: Gengar\n|-damage|p1a: Gengar|85/100 slp\n|\n|upkeep\n|turn|35\n|\n|t:|1737902646\n|switch|p2a: Zapdos|Zapdos|100/100\n|cant|p1a: Gengar|slp\n|\n|upkeep\n|turn|36\n|\n|t:|1737902653\n|cant|p1a: Gengar|slp\n|move|p2a: Zapdos|Thunderbolt|p1a: Gengar\n|-damage|p1a: Gengar|49/100 slp\n|\n|upkeep\n|turn|37\n|inactive|Kaz has 210 seconds left.\n|\n|t:|1737902661\n|cant|p1a: Gengar|slp\n|move|p2a: Zapdos|Drill Peck|p1a: Gengar\n|-damage|p1a: Gengar|11/100 slp\n|\n|upkeep\n|turn|38\n|\n|t:|1737902670\n|cant|p1a: Gengar|slp\n|move|p2a: Zapdos|Thunderbolt|p1a: Gengar\n|-damage|p1a: Gengar|0 fnt\n|faint|p1a: Gengar\n|inactive|Kaz has 210 seconds left.\n|\n|t:|1737902687\n|switch|p1a: Snorlax|Snorlax|100/100\n|turn|39\n|inactive|Sceptross has 150 seconds left.\n|inactive|Sceptross has 120 seconds left.\n|inactive|Sceptross has 90 seconds left.\n|inactive|Sceptross has 60 seconds left.\n|\n|t:|1737902813\n|move|p2a: Zapdos|Thunder Wave|p1a: Snorlax\n|-status|p1a: Snorlax|par\n|move|p1a: Snorlax|Body Slam|p2a: Zapdos\n|-damage|p2a: Zapdos|69/100\n|\n|upkeep\n|turn|40\n|\n|t:|1737902824\n|move|p2a: Zapdos|Thunderbolt|p1a: Snorlax\n|-damage|p1a: Snorlax|69/100 par\n|move|p1a: Snorlax|Body Slam|p2a: Zapdos\n|-damage|p2a: Zapdos|36/100\n|-status|p2a: Zapdos|par\n|\n|upkeep\n|turn|41\n|\n|t:|1737902831\n|move|p2a: Zapdos|Thunderbolt|p1a: Snorlax\n|-damage|p1a: Snorlax|37/100 par\n|move|p1a: Snorlax|Hyper Beam|p2a: Zapdos|[miss]\n|-miss|p1a: Snorlax\n|\n|upkeep\n|turn|42\n|inactive|Sceptross has 60 seconds left.\n|\n|t:|1737902838\n|cant|p2a: Zapdos|par\n|move|p1a: Snorlax|Hyper Beam|p2a: Zapdos\n|-damage|p2a: Zapdos|0 fnt\n|faint|p2a: Zapdos\n|inactive|Sceptross has 60 seconds left.\n|\n|t:|1737902843\n|switch|p2a: Snorlax|Snorlax|74/100\n|turn|43\n|inactive|Kaz has 240 seconds left.\n|\n|t:|1737902856\n|move|p2a: Snorlax|Reflect|p2a: Snorlax\n|-start|p2a: Snorlax|Reflect\n|move|p1a: Snorlax|Body Slam|p2a: Snorlax\n|-damage|p2a: Snorlax|60/100\n|\n|upkeep\n|turn|44\n|\n|t:|1737902861\n|move|p2a: Snorlax|Ice Beam|p1a: Snorlax\n|-damage|p1a: Snorlax|23/100 par\n|move|p1a: Snorlax|Self-Destruct|p2a: Snorlax\n|-damage|p2a: Snorlax|21/100\n|faint|p1a: Snorlax\n|\n|t:|1737902870\n|switch|p1a: Tauros|Tauros|69/100\n|turn|45\n|inactive|Kaz has 240 seconds left.\n|inactive|Sceptross has 60 seconds left.\n|inactive|Kaz has 210 seconds left.\n|inactive|Sceptross has 30 seconds left.\n|\n|t:|1737902945\n|move|p1a: Tauros|Body Slam|p2a: Snorlax\n|-damage|p2a: Snorlax|8/100\n|move|p2a: Snorlax|Rest|p2a: Snorlax\n|-status|p2a: Snorlax|slp|[from] move: Rest\n|-heal|p2a: Snorlax|100/100 slp|[silent]\n|\n|upkeep\n|turn|46\n|inactive|Sceptross has 30 seconds left.\n|\n|t:|1737902953\n|switch|p1a: Jynx|Jynx|100/100 slp\n|cant|p2a: Snorlax|slp\n|\n|upkeep\n|turn|47\n|\n|t:|1737902958\n|switch|p2a: Starmie|Starmie|86/100\n|-curestatus|p1a: Jynx|slp|[msg]\n|\n|upkeep\n|turn|48\n|\n|t:|1737902962\n|move|p2a: Starmie|Thunder Wave|p1a: Jynx\n|-status|p1a: Jynx|par\n|move|p1a: Jynx|Lovely Kiss|p2a: Starmie\n|-status|p2a: Starmie|slp|[from] move: Lovely Kiss\n|\n|upkeep\n|turn|49\n|\n|t:|1737902974\n|switch|p2a: Chansey|Chansey|82/100\n|cant|p1a: Jynx|par\n|\n|upkeep\n|turn|50\n|\n|t:|1737902986\n|switch|p2a: Starmie|Starmie|86/100 slp\n|move|p1a: Jynx|Blizzard|p2a: Starmie\n|-resisted|p2a: Starmie\n|-damage|p2a: Starmie|65/100 slp\n|\n|upkeep\n|turn|51\n|inactive|Kaz has 240 seconds left.\n|\n|t:|1737903001\n|switch|p2a: Chansey|Chansey|82/100\n|cant|p1a: Jynx|par\n|\n|upkeep\n|turn|52\n|\n|t:|1737903007\n|move|p2a: Chansey|Thunderbolt|p1a: Jynx\n|-damage|p1a: Jynx|76/100 par\n|move|p1a: Jynx|Body Slam|p2a: Chansey\n|-damage|p2a: Chansey|66/100\n|\n|upkeep\n|turn|53\n|\n|t:|1737903015\n|move|p2a: Chansey|Soft-Boiled|p2a: Chansey\n|-heal|p2a: Chansey|100/100\n|move|p1a: Jynx|Blizzard|p2a: Chansey\n|-damage|p2a: Chansey|83/100\n|\n|upkeep\n|turn|54\n|\n|t:|1737903020\n|move|p2a: Chansey|Thunderbolt|p1a: Jynx\n|-damage|p1a: Jynx|50/100 par\n|cant|p1a: Jynx|par\n|\n|upkeep\n|turn|55\n|inactive|Kaz has 270 seconds left.\n|\n|t:|1737903031\n|move|p2a: Chansey|Thunderbolt|p1a: Jynx\n|-damage|p1a: Jynx|28/100 par\n|move|p1a: Jynx|Blizzard|p2a: Chansey\n|-crit|p2a: Chansey\n|-damage|p2a: Chansey|49/100\n|\n|upkeep\n|turn|56\n|\n|t:|1737903036\n|move|p2a: Chansey|Soft-Boiled|p2a: Chansey\n|-heal|p2a: Chansey|99/100\n|move|p1a: Jynx|Rest|p1a: Jynx\n|-status|p1a: Jynx|slp|[from] move: Rest\n|-heal|p1a: Jynx|100/100 slp|[silent]\n|\n|upkeep\n|turn|57\n|\n|t:|1737903042\n|switch|p2a: Snorlax|Snorlax|100/100 slp\n|cant|p1a: Jynx|slp\n|\n|upkeep\n|turn|58\n|\n|t:|1737903046\n|switch|p1a: Tauros|Tauros|69/100\n|-curestatus|p2a: Snorlax|slp|[msg]\n|\n|upkeep\n|turn|59\n|\n|t:|1737903059\n|move|p1a: Tauros|Blizzard|p2a: Snorlax\n|-damage|p2a: Snorlax|83/100\n|move|p2a: Snorlax|Reflect|p2a: Snorlax\n|-start|p2a: Snorlax|Reflect\n|\n|upkeep\n|turn|60\n|\n|t:|1737903062\n|move|p1a: Tauros|Blizzard|p2a: Snorlax\n|-crit|p2a: Snorlax\n|-damage|p2a: Snorlax|46/100\n|move|p2a: Snorlax|Body Slam|p1a: Tauros\n|-damage|p1a: Tauros|38/100\n|\n|upkeep\n|turn|61\n|inactive|Sceptross has 120 seconds left.\n|\n|t:|1737903082\n|move|p1a: Tauros|Body Slam|p2a: Snorlax\n|-damage|p2a: Snorlax|32/100\n|move|p2a: Snorlax|Rest|p2a: Snorlax\n|-status|p2a: Snorlax|slp|[from] move: Rest\n|-heal|p2a: Snorlax|100/100 slp|[silent]\n|\n|upkeep\n|turn|62\n|\n|t:|1737903085\n|move|p1a: Tauros|Body Slam|p2a: Snorlax\n|-damage|p2a: Snorlax|87/100 slp\n|cant|p2a: Snorlax|slp\n|\n|upkeep\n|turn|63\n|\n|t:|1737903087\n|move|p1a: Tauros|Body Slam|p2a: Snorlax\n|-damage|p2a: Snorlax|75/100 slp\n|-curestatus|p2a: Snorlax|slp|[msg]\n|\n|upkeep\n|turn|64\n|\n|t:|1737903089\n|move|p1a: Tauros|Blizzard|p2a: Snorlax\n|-crit|p2a: Snorlax\n|-damage|p2a: Snorlax|36/100\n|-status|p2a: Snorlax|frz\n|cant|p2a: Snorlax|frz\n|\n|upkeep\n|turn|65\n|\n|t:|1737903100\n|move|p1a: Tauros|Body Slam|p2a: Snorlax\n|-crit|p2a: Snorlax\n|-damage|p2a: Snorlax|0 fnt\n|faint|p2a: Snorlax\n|\n|t:|1737903105\n|switch|p2a: Chansey|Chansey|99/100\n|turn|66\n|inactive|Sceptross has 150 seconds left.\n|\n|t:|1737903137\n|switch|p1a: Jynx|Jynx|100/100 slp\n|move|p2a: Chansey|Thunder Wave|p1a: Jynx\n|-fail|p1a: Jynx\n|\n|upkeep\n|turn|67\n|\n|t:|1737903142\n|-curestatus|p1a: Jynx|slp|[msg]\n|move|p2a: Chansey|Thunder Wave|p1a: Jynx\n|-status|p1a: Jynx|par\n|\n|upkeep\n|turn|68\n|\n|t:|1737903146\n|move|p2a: Chansey|Thunderbolt|p1a: Jynx\n|-damage|p1a: Jynx|77/100 par\n|move|p1a: Jynx|Blizzard|p2a: Chansey|[miss]\n|-miss|p1a: Jynx\n|\n|upkeep\n|turn|69\n|\n|t:|1737903150\n|move|p2a: Chansey|Thunderbolt|p1a: Jynx\n|-damage|p1a: Jynx|54/100 par\n|move|p1a: Jynx|Rest|p1a: Jynx\n|-status|p1a: Jynx|slp|[from] move: Rest\n|-heal|p1a: Jynx|100/100 slp|[silent]\n|\n|upkeep\n|turn|70\n|\n|t:|1737903159\n|move|p2a: Chansey|Thunderbolt|p1a: Jynx\n|-damage|p1a: Jynx|76/100 slp\n|cant|p1a: Jynx|slp\n|\n|upkeep\n|turn|71\n|\n|t:|1737903163\n|move|p2a: Chansey|Ice Beam|p1a: Jynx\n|-resisted|p1a: Jynx\n|-damage|p1a: Jynx|65/100 slp\n|-curestatus|p1a: Jynx|slp|[msg]\n|\n|upkeep\n|turn|72\n|\n|t:|1737903167\n|move|p2a: Chansey|Thunder Wave|p1a: Jynx\n|-status|p1a: Jynx|par\n|move|p1a: Jynx|Blizzard|p2a: Chansey\n|-damage|p2a: Chansey|81/100\n|\n|upkeep\n|turn|73\n|\n|t:|1737903175\n|move|p2a: Chansey|Ice Beam|p1a: Jynx\n|-resisted|p1a: Jynx\n|-damage|p1a: Jynx|53/100 par\n|move|p1a: Jynx|Rest|p1a: Jynx\n|-status|p1a: Jynx|slp|[from] move: Rest\n|-heal|p1a: Jynx|100/100 slp|[silent]\n|\n|upkeep\n|turn|74\n|inactive|Sceptross has 180 seconds left.\n|inactive|Sceptross has 150 seconds left.\n|\n|t:|1737903237\n|move|p2a: Chansey|Thunderbolt|p1a: Jynx\n|-damage|p1a: Jynx|76/100 slp\n|cant|p1a: Jynx|slp\n|\n|upkeep\n|turn|75\n|inactive|Sceptross has 150 seconds left.\n|\n|t:|1737903242\n|move|p2a: Chansey|Thunderbolt|p1a: Jynx\n|-damage|p1a: Jynx|51/100 slp\n|-curestatus|p1a: Jynx|slp|[msg]\n|\n|upkeep\n|turn|76\n|\n|t:|1737903249\n|move|p2a: Chansey|Thunderbolt|p1a: Jynx\n|-damage|p1a: Jynx|25/100\n|move|p1a: Jynx|Rest|p1a: Jynx\n|-status|p1a: Jynx|slp|[from] move: Rest\n|-heal|p1a: Jynx|100/100 slp|[silent]\n|\n|upkeep\n|turn|77\n|inactive|Sceptross has 150 seconds left.\n|\n|t:|1737903283\n|move|p2a: Chansey|Thunder Wave|p1a: Jynx\n|-fail|p1a: Jynx\n|cant|p1a: Jynx|slp\n|\n|upkeep\n|turn|78\n|\n|t:|1737903286\n|move|p2a: Chansey|Thunder Wave|p1a: Jynx\n|-fail|p1a: Jynx\n|-curestatus|p1a: Jynx|slp|[msg]\n|\n|upkeep\n|turn|79\n|inactive|Sceptross has 150 seconds left.\n|\n|t:|1737903292\n|move|p2a: Chansey|Ice Beam|p1a: Jynx\n|-resisted|p1a: Jynx\n|-damage|p1a: Jynx|89/100\n|move|p1a: Jynx|Body Slam|p2a: Chansey\n|-crit|p2a: Chansey\n|-damage|p2a: Chansey|46/100\n|\n|upkeep\n|turn|80\n|\n|t:|1737903301\n|move|p2a: Chansey|Soft-Boiled|p2a: Chansey\n|-heal|p2a: Chansey|96/100\n|move|p1a: Jynx|Body Slam|p2a: Chansey\n|-crit|p2a: Chansey\n|-damage|p2a: Chansey|62/100\n|\n|upkeep\n|turn|81\n|inactive|Sceptross has 150 seconds left.\n|\n|t:|1737903344\n|move|p2a: Chansey|Soft-Boiled|p2a: Chansey\n|-heal|p2a: Chansey|100/100\n|move|p1a: Jynx|Body Slam|p2a: Chansey\n|-damage|p2a: Chansey|82/100\n|\n|upkeep\n|turn|82\n|\n|t:|1737903357\n|move|p2a: Chansey|Thunder Wave|p1a: Jynx\n|-status|p1a: Jynx|par\n|move|p1a: Jynx|Body Slam|p2a: Chansey\n|-damage|p2a: Chansey|64/100\n|\n|upkeep\n|turn|83\n|\n|t:|1737903362\n|move|p2a: Chansey|Soft-Boiled|p2a: Chansey\n|-heal|p2a: Chansey|100/100\n|move|p1a: Jynx|Rest|p1a: Jynx\n|-status|p1a: Jynx|slp|[from] move: Rest\n|-heal|p1a: Jynx|100/100 slp|[silent]\n|\n|upkeep\n|turn|84\n|\n|t:|1737903371\n|move|p2a: Chansey|Thunder Wave|p1a: Jynx\n|-fail|p1a: Jynx\n|cant|p1a: Jynx|slp\n|\n|upkeep\n|turn|85\n|\n|t:|1737903374\n|move|p2a: Chansey|Thunder Wave|p1a: Jynx\n|-fail|p1a: Jynx\n|-curestatus|p1a: Jynx|slp|[msg]\n|\n|upkeep\n|turn|86\n|inactive|Sceptross has 150 seconds left.\n|\n|t:|1737903386\n|move|p2a: Chansey|Thunder Wave|p1a: Jynx\n|-status|p1a: Jynx|par\n|move|p1a: Jynx|Body Slam|p2a: Chansey\n|-damage|p2a: Chansey|83/100\n|\n|upkeep\n|turn|87\n|\n|t:|1737903395\n|move|p2a: Chansey|Thunder Wave|p1a: Jynx\n|-fail|p1a: Jynx|par\n|cant|p1a: Jynx|par\n|\n|upkeep\n|turn|88\n|\n|t:|1737903399\n|move|p2a: Chansey|Thunder Wave|p1a: Jynx\n|-fail|p1a: Jynx|par\n|move|p1a: Jynx|Lovely Kiss|p2a: Chansey\n|-message|Sleep Clause Mod activated.\n|-hint|Sleep Clause Mod prevents players from putting more than one of their opponent's Pokémon to sleep at a time\n|\n|upkeep\n|turn|89\n|\n|t:|1737903406\n|move|p2a: Chansey|Thunder Wave|p1a: Jynx\n|-fail|p1a: Jynx|par\n|cant|p1a: Jynx|par\n|\n|upkeep\n|turn|90\n|inactive|Sceptross has 180 seconds left.\n|\n|t:|1737903412\n|move|p2a: Chansey|Thunderbolt|p1a: Jynx\n|-damage|p1a: Jynx|77/100 par\n|cant|p1a: Jynx|par\n|\n|upkeep\n|turn|91\n|\n|t:|1737903415\n|move|p2a: Chansey|Thunder Wave|p1a: Jynx\n|-fail|p1a: Jynx|par\n|move|p1a: Jynx|Rest|p1a: Jynx\n|-status|p1a: Jynx|slp|[from] move: Rest\n|-heal|p1a: Jynx|100/100 slp|[silent]\n|\n|upkeep\n|turn|92\n|\n|t:|1737903423\n|move|p2a: Chansey|Thunder Wave|p1a: Jynx\n|-fail|p1a: Jynx\n|cant|p1a: Jynx|slp\n|\n|upkeep\n|turn|93\n|\n|t:|1737903440\n|move|p2a: Chansey|Thunder Wave|p1a: Jynx\n|-fail|p1a: Jynx\n|-curestatus|p1a: Jynx|slp|[msg]\n|\n|upkeep\n|turn|94\n|\n|t:|1737903448\n|move|p2a: Chansey|Thunder Wave|p1a: Jynx\n|-status|p1a: Jynx|par\n|move|p1a: Jynx|Body Slam|p2a: Chansey\n|-crit|p2a: Chansey\n|-damage|p2a: Chansey|49/100\n|\n|upkeep\n|turn|95\n|\n|t:|1737903469\n|move|p2a: Chansey|Soft-Boiled|p2a: Chansey\n|-heal|p2a: Chansey|99/100\n|move|p1a: Jynx|Lovely Kiss|p2a: Chansey\n|-message|Sleep Clause Mod activated.\n|-hint|Sleep Clause Mod prevents players from putting more than one of their opponent's Pokémon to sleep at a time\n|\n|upkeep\n|turn|96\n|inactive|Sceptross has 210 seconds left.\n|inactive|Kaz has 270 seconds left.\n|\n|t:|1737903503\n|move|p2a: Chansey|Thunderbolt|p1a: Jynx\n|-damage|p1a: Jynx|76/100 par\n|move|p1a: Jynx|Body Slam|p2a: Chansey\n|-damage|p2a: Chansey|81/100\n|\n|upkeep\n|turn|97\n|\n|t:|1737903507\n|move|p2a: Chansey|Thunderbolt|p1a: Jynx\n|-damage|p1a: Jynx|54/100 par\n|move|p1a: Jynx|Lovely Kiss|p2a: Chansey\n|-message|Sleep Clause Mod activated.\n|-hint|Sleep Clause Mod prevents players from putting more than one of their opponent's Pokémon to sleep at a time\n|\n|upkeep\n|turn|98\n|\n|t:|1737903510\n|move|p2a: Chansey|Thunderbolt|p1a: Jynx\n|-damage|p1a: Jynx|30/100 par\n|cant|p1a: Jynx|par\n|\n|upkeep\n|turn|99\n|\n|t:|1737903514\n|move|p2a: Chansey|Thunderbolt|p1a: Jynx\n|-crit|p1a: Jynx\n|-damage|p1a: Jynx|0 fnt\n|faint|p1a: Jynx\n|\n|t:|1737903518\n|switch|p1a: Tauros|Tauros|38/100\n|turn|100\n|\n|t:|1737903525\n|move|p1a: Tauros|Body Slam|p2a: Chansey\n|-damage|p2a: Chansey|42/100\n|move|p2a: Chansey|Thunder Wave|p1a: Tauros\n|-status|p1a: Tauros|par\n|\n|upkeep\n|turn|101\n|\n|t:|1737903532\n|move|p2a: Chansey|Soft-Boiled|p2a: Chansey\n|-heal|p2a: Chansey|92/100\n|move|p1a: Tauros|Rest|p1a: Tauros\n|-status|p1a: Tauros|slp|[from] move: Rest\n|-heal|p1a: Tauros|100/100 slp|[silent]\n|\n|upkeep\n|turn|102\n|inactive|Sceptross has 240 seconds left.\n|c|☆Sceptross|yeah I had a feeling that was it\n|\n|t:|1737903558\n|move|p2a: Chansey|Thunderbolt|p1a: Tauros\n|-damage|p1a: Tauros|74/100 slp\n|cant|p1a: Tauros|slp\n|\n|upkeep\n|turn|103\n|\n|t:|1737903560\n|move|p2a: Chansey|Thunderbolt|p1a: Tauros\n|-damage|p1a: Tauros|45/100 slp\n|-curestatus|p1a: Tauros|slp|[msg]\n|\n|upkeep\n|turn|104\n|\n|t:|1737903565\n|move|p2a: Chansey|Ice Beam|p1a: Tauros\n|-damage|p1a: Tauros|19/100\n|move|p1a: Tauros|Rest|p1a: Tauros\n|-status|p1a: Tauros|slp|[from] move: Rest\n|-heal|p1a: Tauros|100/100 slp|[silent]\n|\n|upkeep\n|turn|105\n|inactive|Sceptross has 240 seconds left.\n|\n|t:|1737903592\n|move|p2a: Chansey|Thunderbolt|p1a: Tauros\n|-damage|p1a: Tauros|73/100 slp\n|cant|p1a: Tauros|slp\n|\n|upkeep\n|turn|106\n|\n|t:|1737903596\n|move|p2a: Chansey|Thunderbolt|p1a: Tauros\n|-damage|p1a: Tauros|45/100 slp\n|-curestatus|p1a: Tauros|slp|[msg]\n|\n|upkeep\n|turn|107\n|\n|t:|1737903600\n|move|p2a: Chansey|Ice Beam|p1a: Tauros\n|-damage|p1a: Tauros|16/100\n|move|p1a: Tauros|Rest|p1a: Tauros\n|-status|p1a: Tauros|slp|[from] move: Rest\n|-heal|p1a: Tauros|100/100 slp|[silent]\n|\n|upkeep\n|turn|108\n|\n|t:|1737903606\n|move|p2a: Chansey|Thunderbolt|p1a: Tauros\n|-damage|p1a: Tauros|75/100 slp\n|cant|p1a: Tauros|slp\n|\n|upkeep\n|turn|109\n|\n|t:|1737903608\n|move|p2a: Chansey|Thunderbolt|p1a: Tauros\n|-damage|p1a: Tauros|47/100 slp\n|-curestatus|p1a: Tauros|slp|[msg]\n|\n|upkeep\n|turn|110\n|\n|t:|1737903614\n|move|p2a: Chansey|Ice Beam|p1a: Tauros\n|-damage|p1a: Tauros|18/100\n|move|p1a: Tauros|Rest|p1a: Tauros\n|-status|p1a: Tauros|slp|[from] move: Rest\n|-heal|p1a: Tauros|100/100 slp|[silent]\n|\n|upkeep\n|turn|111\n|\n|t:|1737903622\n|move|p2a: Chansey|Thunderbolt|p1a: Tauros\n|-damage|p1a: Tauros|71/100 slp\n|cant|p1a: Tauros|slp\n|\n|upkeep\n|turn|112\n|\n|t:|1737903627\n|move|p2a: Chansey|Thunderbolt|p1a: Tauros\n|-damage|p1a: Tauros|44/100 slp\n|-curestatus|p1a: Tauros|slp|[msg]\n|\n|upkeep\n|turn|113\n|\n|t:|1737903631\n|move|p2a: Chansey|Ice Beam|p1a: Tauros\n|-damage|p1a: Tauros|14/100\n|move|p1a: Tauros|Rest|p1a: Tauros\n|-status|p1a: Tauros|slp|[from] move: Rest\n|-heal|p1a: Tauros|100/100 slp|[silent]\n|\n|upkeep\n|turn|114\n|\n|t:|1737903644\n|move|p2a: Chansey|Thunderbolt|p1a: Tauros\n|-damage|p1a: Tauros|73/100 slp\n|cant|p1a: Tauros|slp\n|\n|upkeep\n|turn|115\n|\n|t:|1737903647\n|move|p2a: Chansey|Thunderbolt|p1a: Tauros\n|-damage|p1a: Tauros|43/100 slp\n|-curestatus|p1a: Tauros|slp|[msg]\n|\n|upkeep\n|turn|116\n|\n|t:|1737903652\n|move|p2a: Chansey|Ice Beam|p1a: Tauros\n|-damage|p1a: Tauros|16/100\n|move|p1a: Tauros|Rest|p1a: Tauros\n|-status|p1a: Tauros|slp|[from] move: Rest\n|-heal|p1a: Tauros|100/100 slp|[silent]\n|\n|upkeep\n|turn|117\n|inactive|Sceptross has 270 seconds left.\n|\n|t:|1737903701\n|move|p2a: Chansey|Ice Beam|p1a: Tauros\n|-damage|p1a: Tauros|72/100 slp\n|cant|p1a: Tauros|slp\n|\n|upkeep\n|turn|118\n|\n|t:|1737903704\n|move|p2a: Chansey|Ice Beam|p1a: Tauros\n|-damage|p1a: Tauros|46/100 slp\n|-curestatus|p1a: Tauros|slp|[msg]\n|\n|upkeep\n|turn|119\n|\n|t:|1737903709\n|move|p2a: Chansey|Ice Beam|p1a: Tauros\n|-damage|p1a: Tauros|19/100\n|move|p1a: Tauros|Rest|p1a: Tauros\n|-status|p1a: Tauros|slp|[from] move: Rest\n|-heal|p1a: Tauros|100/100 slp|[silent]\n|\n|upkeep\n|turn|120\n|inactive|Sceptross has 270 seconds left.\n|inactive|Sceptross has 240 seconds left.\n|\n|t:|1737903780\n|move|p2a: Chansey|Ice Beam|p1a: Tauros\n|-crit|p1a: Tauros\n|-damage|p1a: Tauros|50/100 slp\n|cant|p1a: Tauros|slp\n|\n|upkeep\n|turn|121\n|\n|t:|1737903785\n|move|p2a: Chansey|Ice Beam|p1a: Tauros\n|-damage|p1a: Tauros|22/100 slp\n|-curestatus|p1a: Tauros|slp|[msg]\n|\n|upkeep\n|turn|122\n|c|☆Kaz|gg\n|c|☆Sceptross|gg\n|\n|t:|1737903792\n|move|p2a: Chansey|Ice Beam|p1a: Tauros\n|-damage|p1a: Tauros|0 fnt\n|faint|p1a: Tauros\n|\n|win|Sceptross\n|player|p1|\n","uploadtime":1737903792,"views":"2316","formatid":"gen1ou","rating":null,"private":0,"password":null}