{"id":"smogtours-gen1ou-949524","format":"[Gen 1] OU","players":["big will 2024","corvinus II"],"log":"|inactive|Battle timer is ON: inactive players will automatically lose when time's up.\n|t:|1782089944\n|gametype|singles\n|player|p1|big will 2024|morty-gen2|\n|player|p2|corvinus II|skullgrunt|\n|gen|1\n|tier|[Gen 1] OU\n|rule|Desync Clause Mod: Desyncs changed to move failure.\n|rule|HP Percentage Mod: HP is shown in percentages\n|rule|Endless Battle Clause: Forcing endless battles is banned\n|rule|Sleep Clause Mod: Limit one foe put to sleep\n|rule|Freeze Clause Mod: Limit one foe frozen\n|rule|Species Clause: Limit one of each Pokémon\n|rule|OHKO Clause: OHKO moves are banned\n|rule|Evasion Moves Clause: Evasion moves are banned\n|\n|t:|1782089944\n|teamsize|p1|6\n|teamsize|p2|6\n|start\n|switch|p1a: spoonman|Alakazam|100/100\n|switch|p2a: Alakazam|Alakazam|100/100\n|turn|1\n|inactive|big will 2024 also wants the timer to be on.\n|inactive|corvinus II also wants the timer to be on.\n|c|☆big will 2024|hf\n|c|☆corvinus II|glhf\n|inactive|corvinus II has 270 seconds left.\n|\n|t:|1782089976\n|switch|p2a: Chansey|Chansey|100/100\n|move|p1a: spoonman|Thunder Wave|p2a: Chansey\n|-status|p2a: Chansey|par\n|\n|upkeep\n|turn|2\n|\n|t:|1782089996\n|move|p1a: spoonman|Psychic|p2a: Chansey\n|-damage|p2a: Chansey|83/100 par\n|-unboost|p2a: Chansey|spa|1\n|-unboost|p2a: Chansey|spd|1\n|cant|p2a: Chansey|par\n|\n|upkeep\n|turn|3\n|\n|t:|1782090003\n|move|p1a: spoonman|Psychic|p2a: Chansey\n|-damage|p2a: Chansey|53/100 par\n|move|p2a: Chansey|Soft-Boiled|p2a: Chansey\n|-heal|p2a: Chansey|100/100 par\n|\n|upkeep\n|turn|4\n|\n|t:|1782090011\n|move|p1a: spoonman|Psychic|p2a: Chansey\n|-crit|p2a: Chansey\n|-damage|p2a: Chansey|65/100 par\n|cant|p2a: Chansey|par\n|\n|upkeep\n|turn|5\n|\n|t:|1782090025\n|move|p1a: spoonman|Psychic|p2a: Chansey\n|-damage|p2a: Chansey|37/100 par\n|cant|p2a: Chansey|par\n|\n|upkeep\n|turn|6\n|\n|t:|1782090032\n|move|p1a: spoonman|Psychic|p2a: Chansey\n|-damage|p2a: Chansey|8/100 par\n|move|p2a: Chansey|Soft-Boiled|p2a: Chansey\n|-heal|p2a: Chansey|58/100 par\n|\n|upkeep\n|turn|7\n|\n|t:|1782090041\n|switch|p2a: Exeggutor|Exeggutor|100/100\n|move|p1a: spoonman|Psychic|p2a: Exeggutor\n|-resisted|p2a: Exeggutor\n|-damage|p2a: Exeggutor|86/100\n|-unboost|p2a: Exeggutor|spa|1\n|-unboost|p2a: Exeggutor|spd|1\n|\n|upkeep\n|turn|8\n|\n|t:|1782090049\n|switch|p2a: Chansey|Chansey|58/100 par\n|move|p1a: spoonman|Seismic Toss|p2a: Chansey\n|-damage|p2a: Chansey|44/100 par\n|\n|upkeep\n|turn|9\n|\n|t:|1782090051\n|move|p1a: spoonman|Psychic|p2a: Chansey\n|-damage|p2a: Chansey|27/100 par\n|move|p2a: Chansey|Soft-Boiled|p2a: Chansey\n|-heal|p2a: Chansey|76/100 par\n|\n|upkeep\n|turn|10\n|\n|t:|1782090057\n|move|p1a: spoonman|Psychic|p2a: Chansey\n|-damage|p2a: Chansey|59/100 par\n|move|p2a: Chansey|Sing|p1a: spoonman|[miss]\n|-miss|p2a: Chansey\n|\n|upkeep\n|turn|11\n|\n|t:|1782090061\n|move|p1a: spoonman|Psychic|p2a: Chansey\n|-damage|p2a: Chansey|42/100 par\n|move|p2a: Chansey|Soft-Boiled|p2a: Chansey\n|-heal|p2a: Chansey|92/100 par\n|\n|upkeep\n|turn|12\n|\n|t:|1782090065\n|move|p1a: spoonman|Psychic|p2a: Chansey\n|-crit|p2a: Chansey\n|-damage|p2a: Chansey|59/100 par\n|move|p2a: Chansey|Sing|p1a: spoonman|[miss]\n|-miss|p2a: Chansey\n|\n|upkeep\n|turn|13\n|\n|t:|1782090071\n|move|p1a: spoonman|Psychic|p2a: Chansey\n|-crit|p2a: Chansey\n|-damage|p2a: Chansey|26/100 par\n|move|p2a: Chansey|Soft-Boiled|p2a: Chansey\n|-heal|p2a: Chansey|76/100 par\n|\n|upkeep\n|turn|14\n|\n|t:|1782090076\n|move|p1a: spoonman|Psychic|p2a: Chansey\n|-crit|p2a: Chansey\n|-damage|p2a: Chansey|39/100 par\n|move|p2a: Chansey|Sing|p1a: spoonman\n|-status|p1a: spoonman|slp|[from] move: Sing\n|\n|upkeep\n|turn|15\n|\n|t:|1782090084\n|switch|p1a: head down|Rhydon|100/100\n|cant|p2a: Chansey|par\n|\n|upkeep\n|turn|16\n|\n|t:|1782090092\n|switch|p2a: Exeggutor|Exeggutor|86/100\n|move|p1a: head down|Body Slam|p2a: Exeggutor\n|-crit|p2a: Exeggutor\n|-damage|p2a: Exeggutor|42/100\n|\n|upkeep\n|turn|17\n|\n|t:|1782090099\n|switch|p1a: mailman|Exeggutor|100/100\n|move|p2a: Exeggutor|Stun Spore|p1a: mailman|[miss]\n|-miss|p2a: Exeggutor\n|\n|upkeep\n|turn|18\n|\n|t:|1782090116\n|move|p2a: Exeggutor|Rest|p2a: Exeggutor\n|-status|p2a: Exeggutor|slp|[from] move: Rest\n|-heal|p2a: Exeggutor|100/100 slp|[silent]\n|move|p1a: mailman|Psychic|p2a: Exeggutor\n|-resisted|p2a: Exeggutor\n|-damage|p2a: Exeggutor|87/100 slp\n|\n|upkeep\n|turn|19\n|\n|t:|1782090124\n|switch|p1a: let me drown|Cloyster|100/100\n|cant|p2a: Exeggutor|slp\n|\n|upkeep\n|turn|20\n|inactive|corvinus II has 270 seconds left.\n|\n|t:|1782090155\n|switch|p2a: Alakazam|Alakazam|100/100\n|move|p1a: let me drown|Blizzard|p2a: Alakazam\n|-crit|p2a: Alakazam\n|-damage|p2a: Alakazam|39/100\n|-status|p2a: Alakazam|frz\n|\n|upkeep\n|turn|21\n|c|☆corvinus II|damn\n|inactive|corvinus II has 270 seconds left.\n|c|☆big will 2024|mb\n|\n|t:|1782090182\n|switch|p1a: head down|Rhydon|100/100\n|cant|p2a: Alakazam|frz\n|\n|upkeep\n|turn|22\n|\n|t:|1782090186\n|switch|p2a: Exeggutor|Exeggutor|87/100 slp\n|move|p1a: head down|Earthquake|p2a: Exeggutor\n|-resisted|p2a: Exeggutor\n|-damage|p2a: Exeggutor|66/100 slp\n|\n|upkeep\n|turn|23\n|\n|t:|1782090196\n|-curestatus|p2a: Exeggutor|slp|[msg]\n|move|p1a: head down|Body Slam|p2a: Exeggutor\n|-damage|p2a: Exeggutor|45/100\n|-status|p2a: Exeggutor|par\n|\n|upkeep\n|turn|24\n|\n|t:|1782090204\n|switch|p1a: superunknown|Chansey|100/100\n|move|p2a: Exeggutor|Stun Spore|p1a: superunknown\n|-status|p1a: superunknown|par\n|\n|upkeep\n|turn|25\n|\n|t:|1782090216\n|move|p2a: Exeggutor|Rest|p2a: Exeggutor\n|-status|p2a: Exeggutor|slp|[from] move: Rest\n|-heal|p2a: Exeggutor|100/100 slp|[silent]\n|move|p1a: superunknown|Ice Beam|p2a: Exeggutor\n|-supereffective|p2a: Exeggutor\n|-damage|p2a: Exeggutor|69/100 slp\n|\n|upkeep\n|turn|26\n|\n|t:|1782090221\n|switch|p1a: mailman|Exeggutor|100/100\n|cant|p2a: Exeggutor|slp\n|\n|upkeep\n|turn|27\n|\n|t:|1782090237\n|switch|p2a: Chansey|Chansey|39/100 par\n|move|p1a: mailman|Psychic|p2a: Chansey\n|-damage|p2a: Chansey|21/100 par\n|\n|upkeep\n|turn|28\n|\n|t:|1782090240\n|move|p1a: mailman|Hyper Beam|p2a: Chansey|[miss]\n|-miss|p1a: mailman\n|cant|p2a: Chansey|par\n|\n|upkeep\n|turn|29\n|\n|t:|1782090256\n|switch|p2a: Rhydon|Rhydon|100/100\n|move|p1a: mailman|Hyper Beam|p2a: Rhydon\n|-resisted|p2a: Rhydon\n|-damage|p2a: Rhydon|88/100\n|-mustrecharge|p1a: mailman\n|\n|upkeep\n|turn|30\n|\n|t:|1782090262\n|cant|p1a: mailman|recharge\n|move|p2a: Rhydon|Body Slam|p1a: mailman\n|-damage|p1a: mailman|76/100\n|-status|p1a: mailman|par\n|\n|upkeep\n|turn|31\n|\n|t:|1782090276\n|switch|p2a: Alakazam|Alakazam|39/100 frz\n|switch|p1a: let me drown|Cloyster|100/100\n|\n|upkeep\n|turn|32\n|\n|t:|1782090279\n|cant|p2a: Alakazam|frz\n|move|p1a: let me drown|Blizzard|p2a: Alakazam\n|-damage|p2a: Alakazam|6/100 frz\n|\n|upkeep\n|turn|33\n|\n|t:|1782090284\n|cant|p2a: Alakazam|frz\n|move|p1a: let me drown|Blizzard|p2a: Alakazam\n|-damage|p2a: Alakazam|0 fnt\n|faint|p2a: Alakazam\n|inactive|corvinus II has 270 seconds left.\n|\n|t:|1782090324\n|switch|p2a: Chansey|Chansey|21/100 par\n|turn|34\n|inactive|corvinus II has 270 seconds left.\n|\n|t:|1782090374\n|switch|p1a: head down|Rhydon|100/100\n|switch|p2a: Exeggutor|Exeggutor|69/100 slp\n|\n|upkeep\n|turn|35\n|\n|t:|1782090380\n|switch|p1a: spoonman|Alakazam|100/100 slp\n|-curestatus|p2a: Exeggutor|slp|[msg]\n|\n|upkeep\n|turn|36\n|\n|t:|1782090402\n|switch|p2a: Chansey|Chansey|21/100 par\n|cant|p1a: spoonman|slp\n|\n|upkeep\n|turn|37\n|\n|t:|1782090406\n|switch|p1a: head down|Rhydon|100/100\n|move|p2a: Chansey|Soft-Boiled|p2a: Chansey\n|-heal|p2a: Chansey|71/100 par\n|\n|upkeep\n|turn|38\n|\n|t:|1782090410\n|switch|p2a: Exeggutor|Exeggutor|69/100\n|move|p1a: head down|Body Slam|p2a: Exeggutor\n|-damage|p2a: Exeggutor|46/100\n|\n|upkeep\n|turn|39\n|\n|t:|1782090418\n|switch|p1a: mailman|Exeggutor|76/100 par\n|move|p2a: Exeggutor|Psychic|p1a: mailman\n|-resisted|p1a: mailman\n|-damage|p1a: mailman|62/100 par\n|\n|upkeep\n|turn|40\n|inactive|corvinus II has 270 seconds left.\n|\n|t:|1782090458\n|switch|p2a: Chansey|Chansey|71/100 par\n|move|p1a: mailman|Rest|p1a: mailman\n|-status|p1a: mailman|slp|[from] move: Rest\n|-heal|p1a: mailman|100/100 slp|[silent]\n|\n|upkeep\n|turn|41\n|\n|t:|1782090468\n|cant|p1a: mailman|slp\n|move|p2a: Chansey|Seismic Toss|p1a: mailman\n|-damage|p1a: mailman|75/100 slp\n|\n|upkeep\n|turn|42\n|\n|t:|1782090479\n|-curestatus|p1a: mailman|slp|[msg]\n|move|p2a: Chansey|Seismic Toss|p1a: mailman\n|-damage|p1a: mailman|50/100\n|\n|upkeep\n|turn|43\n|\n|t:|1782090486\n|switch|p1a: superunknown|Chansey|100/100 par\n|move|p2a: Chansey|Soft-Boiled|p2a: Chansey\n|-heal|p2a: Chansey|100/100 par\n|\n|upkeep\n|turn|44\n|\n|t:|1782090501\n|move|p2a: Chansey|Seismic Toss|p1a: superunknown\n|-damage|p1a: superunknown|86/100 par\n|cant|p1a: superunknown|par\n|\n|upkeep\n|turn|45\n|\n|t:|1782090516\n|move|p2a: Chansey|Seismic Toss|p1a: superunknown\n|-damage|p1a: superunknown|72/100 par\n|move|p1a: superunknown|Thunderbolt|p2a: Chansey\n|-damage|p2a: Chansey|89/100 par\n|\n|upkeep\n|turn|46\n|\n|t:|1782090520\n|switch|p2a: Snorlax|Snorlax|100/100\n|move|p1a: superunknown|Soft-Boiled|p1a: superunknown\n|-heal|p1a: superunknown|100/100 par\n|\n|upkeep\n|turn|47\n|\n|t:|1782090524\n|switch|p2a: Chansey|Chansey|89/100 par\n|move|p1a: superunknown|Thunder Wave|p2a: Chansey\n|-fail|p2a: Chansey|par\n|\n|upkeep\n|turn|48\n|\n|t:|1782090530\n|move|p2a: Chansey|Seismic Toss|p1a: superunknown\n|-damage|p1a: superunknown|86/100 par\n|move|p1a: superunknown|Thunderbolt|p2a: Chansey\n|-damage|p2a: Chansey|78/100 par\n|\n|upkeep\n|turn|49\n|\n|t:|1782090532\n|move|p2a: Chansey|Soft-Boiled|p2a: Chansey\n|-heal|p2a: Chansey|100/100 par\n|cant|p1a: superunknown|par\n|\n|upkeep\n|turn|50\n|\n|t:|1782090535\n|cant|p2a: Chansey|par\n|move|p1a: superunknown|Thunderbolt|p2a: Chansey\n|-damage|p2a: Chansey|90/100 par\n|\n|upkeep\n|turn|51\n|\n|t:|1782090538\n|cant|p1a: superunknown|par\n|move|p2a: Chansey|Seismic Toss|p1a: superunknown\n|-damage|p1a: superunknown|72/100 par\n|\n|upkeep\n|turn|52\n|\n|t:|1782090542\n|move|p2a: Chansey|Seismic Toss|p1a: superunknown\n|-damage|p1a: superunknown|58/100 par\n|cant|p1a: superunknown|par\n|\n|upkeep\n|turn|53\n|\n|t:|1782090544\n|switch|p2a: Snorlax|Snorlax|100/100\n|move|p1a: superunknown|Ice Beam|p2a: Snorlax\n|-damage|p2a: Snorlax|81/100\n|\n|upkeep\n|turn|54\n|\n|t:|1782090552\n|switch|p1a: let me drown|Cloyster|100/100\n|move|p2a: Snorlax|Body Slam|p1a: let me drown\n|-damage|p1a: let me drown|77/100\n|\n|upkeep\n|turn|55\n|\n|t:|1782090565\n|switch|p1a: head down|Rhydon|100/100\n|switch|p2a: Chansey|Chansey|90/100 par\n|\n|upkeep\n|turn|56\n|\n|t:|1782090569\n|switch|p2a: Exeggutor|Exeggutor|46/100\n|move|p1a: head down|Body Slam|p2a: Exeggutor\n|-damage|p2a: Exeggutor|23/100\n|-status|p2a: Exeggutor|par\n|\n|upkeep\n|turn|57\n|\n|t:|1782090576\n|move|p1a: head down|Body Slam|p2a: Exeggutor\n|-damage|p2a: Exeggutor|2/100 par\n|move|p2a: Exeggutor|Rest|p2a: Exeggutor\n|-status|p2a: Exeggutor|slp|[from] move: Rest\n|-heal|p2a: Exeggutor|100/100 slp|[silent]\n|\n|upkeep\n|turn|58\n|\n|t:|1782090589\n|switch|p1a: let me drown|Cloyster|77/100\n|cant|p2a: Exeggutor|slp\n|\n|upkeep\n|turn|59\n|\n|t:|1782090592\n|switch|p1a: head down|Rhydon|100/100\n|-curestatus|p2a: Exeggutor|slp|[msg]\n|\n|upkeep\n|turn|60\n|\n|t:|1782090610\n|switch|p1a: superunknown|Chansey|58/100 par\n|switch|p2a: Snorlax|Snorlax|81/100\n|\n|upkeep\n|turn|61\n|\n|t:|1782090630\n|switch|p1a: let me drown|Cloyster|77/100\n|move|p2a: Snorlax|Body Slam|p1a: let me drown\n|-damage|p1a: let me drown|52/100\n|\n|upkeep\n|turn|62\n|\n|t:|1782090639\n|switch|p2a: Chansey|Chansey|90/100 par\n|move|p1a: let me drown|Clamp|p2a: Chansey\n|-damage|p2a: Chansey|84/100 par\n|\n|upkeep\n|turn|63\n|\n|t:|1782090668\n|switch|p1a: mailman|Exeggutor|50/100\n|\n|upkeep\n|turn|64\n|inactive|corvinus II has 270 seconds left.\n|\n|t:|1782090722\n|switch|p1a: superunknown|Chansey|58/100 par\n|cant|p2a: Chansey|par\n|\n|upkeep\n|turn|65\n|\n|t:|1782090737\n|switch|p2a: Snorlax|Snorlax|81/100\n|move|p1a: superunknown|Ice Beam|p2a: Snorlax\n|-damage|p2a: Snorlax|63/100\n|\n|upkeep\n|turn|66\n|\n|t:|1782090745\n|switch|p1a: head down|Rhydon|100/100\n|move|p2a: Snorlax|Body Slam|p1a: head down\n|-resisted|p1a: head down\n|-damage|p1a: head down|89/100\n|\n|upkeep\n|turn|67\n|\n|t:|1782090756\n|switch|p1a: superunknown|Chansey|58/100 par\n|switch|p2a: Exeggutor|Exeggutor|100/100\n|\n|upkeep\n|turn|68\n|\n|t:|1782090760\n|move|p2a: Exeggutor|Psychic|p1a: superunknown\n|-damage|p1a: superunknown|41/100 par\n|move|p1a: superunknown|Soft-Boiled|p1a: superunknown\n|-heal|p1a: superunknown|91/100 par\n|\n|upkeep\n|turn|69\n|\n|t:|1782090771\n|switch|p2a: Chansey|Chansey|84/100 par\n|move|p1a: superunknown|Ice Beam|p2a: Chansey\n|-crit|p2a: Chansey\n|-damage|p2a: Chansey|64/100 par\n|\n|upkeep\n|turn|70\n|\n|t:|1782090780\n|switch|p1a: head down|Rhydon|89/100\n|cant|p2a: Chansey|par\n|\n|upkeep\n|turn|71\n|\n|t:|1782090795\n|switch|p2a: Exeggutor|Exeggutor|100/100\n|move|p1a: head down|Earthquake|p2a: Exeggutor\n|-resisted|p2a: Exeggutor\n|-damage|p2a: Exeggutor|82/100\n|\n|upkeep\n|turn|72\n|\n|t:|1782090804\n|switch|p1a: superunknown|Chansey|91/100 par\n|move|p2a: Exeggutor|Psychic|p1a: superunknown\n|-damage|p1a: superunknown|75/100 par\n|\n|upkeep\n|turn|73\n|\n|t:|1782090816\n|switch|p2a: Snorlax|Snorlax|63/100\n|cant|p1a: superunknown|par\n|\n|upkeep\n|turn|74\n|\n|t:|1782090828\n|move|p2a: Snorlax|Body Slam|p1a: superunknown\n|-damage|p1a: superunknown|33/100 par\n|move|p1a: superunknown|Thunder Wave|p2a: Snorlax\n|-status|p2a: Snorlax|par\n|\n|upkeep\n|turn|75\n|\n|t:|1782090836\n|switch|p1a: let me drown|Cloyster|52/100\n|move|p2a: Snorlax|Body Slam|p1a: let me drown\n|-damage|p1a: let me drown|29/100\n|\n|upkeep\n|turn|76\n|\n|t:|1782090864\n|switch|p2a: Chansey|Chansey|64/100 par\n|move|p1a: let me drown|Explosion|p2a: Chansey\n|-damage|p2a: Chansey|0 fnt\n|faint|p2a: Chansey\n|faint|p1a: let me drown\n|inactive|corvinus II has 270 seconds left.\n|inactive|big will 2024 has 270 seconds left.\n|inactive|corvinus II disconnected and has 300 seconds to reconnect!\n|player|p2|\n|inactive|corvinus II reconnected and has 265 seconds left.\n|player|p2|corvinus II|skullgrunt|\n|c|☆corvinus II|yo\n|c|☆corvinus II|ok just making sure im back\n|inactive|corvinus II has 240 seconds left.\n|\n|t:|1782090950\n|switch|p1a: black hole sun|Tauros|100/100\n|switch|p2a: Tauros|Tauros|100/100\n|turn|77\n|\n|t:|1782090974\n|move|p2a: Tauros|Body Slam|p1a: black hole sun\n|-damage|p1a: black hole sun|71/100\n|move|p1a: black hole sun|Body Slam|p2a: Tauros\n|-damage|p2a: Tauros|72/100\n|\n|upkeep\n|turn|78\n|inactive|corvinus II has 210 seconds left.\n|inactive|big will 2024 has 240 seconds left.\n|inactive|corvinus II has 180 seconds left.\n|\n|t:|1782091044\n|switch|p2a: Rhydon|Rhydon|88/100\n|move|p1a: black hole sun|Body Slam|p2a: Rhydon\n|-resisted|p2a: Rhydon\n|-damage|p2a: Rhydon|77/100\n|\n|upkeep\n|turn|79\n|inactive|big will 2024 has 240 seconds left.\n|inactive|big will 2024 has 210 seconds left.\n|inactive|big will 2024 has 180 seconds left.\n|\n|t:|1782091113\n|switch|p1a: mailman|Exeggutor|50/100\n|move|p2a: Rhydon|Earthquake|p1a: mailman\n|-resisted|p1a: mailman\n|-damage|p1a: mailman|30/100\n|\n|upkeep\n|turn|80\n|inactive|big will 2024 has 180 seconds left.\n|\n|t:|1782091127\n|switch|p2a: Exeggutor|Exeggutor|82/100\n|move|p1a: mailman|Psychic|p2a: Exeggutor\n|-resisted|p2a: Exeggutor\n|-damage|p2a: Exeggutor|68/100\n|\n|upkeep\n|turn|81\n|\n|t:|1782091135\n|move|p1a: mailman|Sleep Powder|p2a: Exeggutor\n|-status|p2a: Exeggutor|slp|[from] move: Sleep Powder\n|-curestatus|p2a: Exeggutor|slp|[msg]\n|\n|upkeep\n|turn|82\n|\n|t:|1782091147\n|switch|p2a: Snorlax|Snorlax|63/100 par\n|move|p1a: mailman|Sleep Powder|p2a: Snorlax|[miss]\n|-miss|p1a: mailman\n|\n|upkeep\n|turn|83\n|inactive|corvinus II has 180 seconds left.\n|\n|t:|1782091159\n|move|p1a: mailman|Rest|p1a: mailman\n|-status|p1a: mailman|slp|[from] move: Rest\n|-heal|p1a: mailman|100/100 slp|[silent]\n|move|p2a: Snorlax|Body Slam|p1a: mailman\n|-damage|p1a: mailman|73/100 slp\n|\n|upkeep\n|turn|84\n|inactive|corvinus II has 180 seconds left.\n|\n|t:|1782091170\n|switch|p2a: Tauros|Tauros|72/100\n|cant|p1a: mailman|slp\n|\n|upkeep\n|turn|85\n|inactive|corvinus II has 180 seconds left.\n|\n|t:|1782091198\n|switch|p1a: head down|Rhydon|89/100\n|move|p2a: Tauros|Body Slam|p1a: head down\n|-resisted|p1a: head down\n|-damage|p1a: head down|78/100\n|-status|p1a: head down|par\n|\n|upkeep\n|turn|86\n|inactive|big will 2024 has 180 seconds left.\n|\n|t:|1782091242\n|move|p2a: Tauros|Blizzard|p1a: head down|[miss]\n|-miss|p2a: Tauros\n|move|p1a: head down|Earthquake|p2a: Tauros\n|-damage|p2a: Tauros|30/100\n|\n|upkeep\n|turn|87\n|\n|t:|1782091247\n|switch|p2a: Exeggutor|Exeggutor|68/100\n|move|p1a: head down|Earthquake|p2a: Exeggutor\n|-resisted|p2a: Exeggutor\n|-damage|p2a: Exeggutor|47/100\n|\n|upkeep\n|turn|88\n|\n|t:|1782091258\n|switch|p1a: mailman|Exeggutor|73/100 slp\n|move|p2a: Exeggutor|Psychic|p1a: mailman\n|-resisted|p1a: mailman\n|-damage|p1a: mailman|59/100 slp\n|\n|upkeep\n|turn|89\n|\n|t:|1782091263\n|switch|p2a: Snorlax|Snorlax|63/100 par\n|-curestatus|p1a: mailman|slp|[msg]\n|\n|upkeep\n|turn|90\n|inactive|corvinus II has 180 seconds left.\n|\n|t:|1782091283\n|switch|p1a: head down|Rhydon|78/100 par\n|move|p2a: Snorlax|Self-Destruct|p1a: head down\n|-resisted|p1a: head down\n|-damage|p1a: head down|43/100 par\n|faint|p2a: Snorlax\n|inactive|corvinus II has 180 seconds left.\n|inactive|corvinus II has 150 seconds left.\n|inactive|corvinus II has 120 seconds left.\n|inactive|corvinus II has 90 seconds left.\n|\n|t:|1782091396\n|switch|p2a: Tauros|Tauros|30/100\n|turn|91\n|inactive|big will 2024 has 150 seconds left.\n|\n|t:|1782091429\n|move|p2a: Tauros|Blizzard|p1a: head down\n|-supereffective|p1a: head down\n|-damage|p1a: head down|0 fnt\n|faint|p1a: head down\n|\n|t:|1782091432\n|switch|p1a: mailman|Exeggutor|59/100\n|turn|92\n|inactive|corvinus II has 90 seconds left.\n|\n|t:|1782091464\n|move|p2a: Tauros|Blizzard|p1a: mailman\n|-supereffective|p1a: mailman\n|-damage|p1a: mailman|26/100\n|move|p1a: mailman|Sleep Powder|p2a: Tauros\n|-status|p2a: Tauros|slp|[from] move: Sleep Powder\n|\n|upkeep\n|turn|93\n|\n|t:|1782091475\n|switch|p2a: Exeggutor|Exeggutor|47/100\n|move|p1a: mailman|Psychic|p2a: Exeggutor\n|-resisted|p2a: Exeggutor\n|-damage|p2a: Exeggutor|33/100\n|\n|upkeep\n|turn|94\n|inactive|corvinus II has 60 seconds left.\n|inactive|big will 2024 has 150 seconds left.\n|\n|t:|1782091526\n|switch|p1a: superunknown|Chansey|33/100 par\n|move|p2a: Exeggutor|Rest|p2a: Exeggutor\n|-status|p2a: Exeggutor|slp|[from] move: Rest\n|-heal|p2a: Exeggutor|100/100 slp|[silent]\n|\n|upkeep\n|turn|95\n|inactive|corvinus II has 30 seconds left.\n|inactive|big will 2024 has 150 seconds left.\n|\n|t:|1782091549\n|switch|p2a: Rhydon|Rhydon|77/100\n|move|p1a: superunknown|Ice Beam|p2a: Rhydon\n|-crit|p2a: Rhydon\n|-supereffective|p2a: Rhydon\n|-damage|p2a: Rhydon|0 fnt\n|faint|p2a: Rhydon\n|inactive|corvinus II has 30 seconds left this turn.\n|\n|t:|1782091552\n|switch|p2a: Tauros|Tauros|30/100 slp\n|turn|96\n|inactive|big will 2024 has 150 seconds left.\n|\n|t:|1782091569\n|switch|p1a: black hole sun|Tauros|71/100\n|cant|p2a: Tauros|slp\n|\n|upkeep\n|turn|97\n|\n|t:|1782091575\n|move|p1a: black hole sun|Body Slam|p2a: Tauros\n|-damage|p2a: Tauros|0 fnt\n|faint|p2a: Tauros\n|\n|t:|1782091577\n|switch|p2a: Exeggutor|Exeggutor|100/100 slp\n|turn|98\n|\n|t:|1782091579\n|move|p1a: black hole sun|Body Slam|p2a: Exeggutor\n|-damage|p2a: Exeggutor|72/100 slp\n|cant|p2a: Exeggutor|slp\n|\n|upkeep\n|turn|99\n|\n|t:|1782091582\n|move|p1a: black hole sun|Body Slam|p2a: Exeggutor\n|-damage|p2a: Exeggutor|45/100 slp\n|-curestatus|p2a: Exeggutor|slp|[msg]\n|\n|upkeep\n|turn|100\n|\n|t:|1782091586\n|move|p1a: black hole sun|Hyper Beam|p2a: Exeggutor\n|-damage|p2a: Exeggutor|0 fnt\n|faint|p2a: Exeggutor\n|\n|win|big will 2024\n|c|☆corvinus II|gg\n|c|☆big will 2024|gg\n","uploadtime":1782091586,"views":"53","formatid":"gen1ou","rating":null,"private":0,"password":null}