{"id":"smogtours-gen1ou-902162","format":"[Gen 1] OU","players":["Laroxyl","nicole7735"],"log":"|inactive|Battle timer is ON: inactive players will automatically lose when time's up.\n|t:|1769291700\n|gametype|singles\n|player|p1|Laroxyl|#splxviitigers2|\n|player|p2|nicole7735|#splxviiscooters|\n|gen|1\n|tier|[Gen 1] OU\n|rule|Desync Clause Mod: Desyncs changed to move failure.\n|rule|Sleep Clause Mod: Limit one foe put to sleep\n|rule|Freeze Clause Mod: Limit one foe frozen\n|rule|Species Clause: Limit one of each Pokémon\n|rule|OHKO Clause: OHKO moves are banned\n|rule|Evasion Moves Clause: Evasion moves are banned\n|rule|Endless Battle Clause: Forcing endless battles is banned\n|rule|HP Percentage Mod: HP is shown in percentages\n|\n|t:|1769291700\n|teamsize|p1|6\n|teamsize|p2|6\n|start\n|switch|p1a: Starmie|Starmie|100/100\n|switch|p2a: Alakazam|Alakazam|100/100\n|turn|1\n|c|☆nicole7735|hf\n|c|☆Laroxyl|hf\n|inactive|nicole7735 has 270 seconds left.\n|\n|t:|1769291731\n|switch|p1a: Exeggutor|Exeggutor|100/100\n|move|p2a: Alakazam|Seismic Toss|p1a: Exeggutor\n|-damage|p1a: Exeggutor|75/100\n|\n|upkeep\n|turn|2\n|\n|t:|1769291734\n|move|p2a: Alakazam|Thunder Wave|p1a: Exeggutor\n|-status|p1a: Exeggutor|par\n|move|p1a: Exeggutor|Sleep Powder|p2a: Alakazam\n|-status|p2a: Alakazam|slp|[from] move: Sleep Powder\n|\n|upkeep\n|turn|3\n|\n|t:|1769291763\n|switch|p1a: Tauros|Tauros|100/100\n|cant|p2a: Alakazam|slp\n|\n|upkeep\n|turn|4\n|\n|t:|1769291767\n|switch|p2a: Snorlax|Snorlax|100/100\n|move|p1a: Tauros|Body Slam|p2a: Snorlax\n|-damage|p2a: Snorlax|76/100\n|\n|upkeep\n|turn|5\n|\n|t:|1769291771\n|switch|p1a: Snorlax|Snorlax|100/100\n|move|p2a: Snorlax|Body Slam|p1a: Snorlax\n|-damage|p1a: Snorlax|73/100\n|\n|upkeep\n|turn|6\n|\n|t:|1769291777\n|move|p1a: Snorlax|Reflect|p1a: Snorlax\n|-start|p1a: Snorlax|Reflect\n|move|p2a: Snorlax|Reflect|p2a: Snorlax\n|-start|p2a: Snorlax|Reflect\n|\n|upkeep\n|turn|7\n|\n|t:|1769291781\n|move|p1a: Snorlax|Body Slam|p2a: Snorlax\n|-damage|p2a: Snorlax|63/100\n|move|p2a: Snorlax|Body Slam|p1a: Snorlax\n|-damage|p1a: Snorlax|59/100\n|\n|upkeep\n|turn|8\n|\n|t:|1769291784\n|move|p2a: Snorlax|Rest|p2a: Snorlax\n|-status|p2a: Snorlax|slp|[from] move: Rest\n|-heal|p2a: Snorlax|100/100 slp|[silent]\n|move|p1a: Snorlax|Body Slam|p2a: Snorlax\n|-damage|p2a: Snorlax|87/100 slp\n|\n|upkeep\n|turn|9\n|\n|t:|1769291787\n|cant|p2a: Snorlax|slp\n|move|p1a: Snorlax|Body Slam|p2a: Snorlax\n|-damage|p2a: Snorlax|75/100 slp\n|\n|upkeep\n|turn|10\n|\n|t:|1769291788\n|move|p1a: Snorlax|Body Slam|p2a: Snorlax\n|-damage|p2a: Snorlax|62/100 slp\n|-curestatus|p2a: Snorlax|slp|[msg]\n|\n|upkeep\n|turn|11\n|\n|t:|1769291794\n|move|p1a: Snorlax|Body Slam|p2a: Snorlax\n|-damage|p2a: Snorlax|48/100\n|move|p2a: Snorlax|Rest|p2a: Snorlax\n|-status|p2a: Snorlax|slp|[from] move: Rest\n|-heal|p2a: Snorlax|100/100 slp|[silent]\n|\n|upkeep\n|turn|12\n|\n|t:|1769291799\n|move|p1a: Snorlax|Body Slam|p2a: Snorlax\n|-damage|p2a: Snorlax|87/100 slp\n|cant|p2a: Snorlax|slp\n|\n|upkeep\n|turn|13\n|\n|t:|1769291801\n|move|p1a: Snorlax|Body Slam|p2a: Snorlax\n|-damage|p2a: Snorlax|74/100 slp\n|-curestatus|p2a: Snorlax|slp|[msg]\n|\n|upkeep\n|turn|14\n|\n|t:|1769291803\n|move|p1a: Snorlax|Body Slam|p2a: Snorlax\n|-damage|p2a: Snorlax|61/100\n|move|p2a: Snorlax|Body Slam|p1a: Snorlax\n|-damage|p1a: Snorlax|45/100\n|\n|upkeep\n|turn|15\n|\n|t:|1769291820\n|move|p2a: Snorlax|Rest|p2a: Snorlax\n|-status|p2a: Snorlax|slp|[from] move: Rest\n|-heal|p2a: Snorlax|100/100 slp|[silent]\n|move|p1a: Snorlax|Body Slam|p2a: Snorlax\n|-damage|p2a: Snorlax|87/100 slp\n|\n|upkeep\n|turn|16\n|\n|t:|1769291830\n|move|p1a: Snorlax|Rest|p1a: Snorlax\n|-status|p1a: Snorlax|slp|[from] move: Rest\n|-heal|p1a: Snorlax|100/100 slp|[silent]\n|cant|p2a: Snorlax|slp\n|\n|upkeep\n|turn|17\n|\n|t:|1769291834\n|cant|p1a: Snorlax|slp\n|-curestatus|p2a: Snorlax|slp|[msg]\n|\n|upkeep\n|turn|18\n|\n|t:|1769291836\n|switch|p2a: Exeggutor|Exeggutor|100/100\n|-curestatus|p1a: Snorlax|slp|[msg]\n|\n|upkeep\n|turn|19\n|\n|t:|1769291842\n|switch|p1a: Exeggutor|Exeggutor|75/100 par\n|move|p2a: Exeggutor|Psychic|p1a: Exeggutor\n|-resisted|p1a: Exeggutor\n|-damage|p1a: Exeggutor|61/100 par\n|-unboost|p1a: Exeggutor|spa|1\n|-unboost|p1a: Exeggutor|spd|1\n|\n|upkeep\n|turn|20\n|\n|t:|1769291865\n|move|p2a: Exeggutor|Psychic|p1a: Exeggutor\n|-resisted|p1a: Exeggutor\n|-damage|p1a: Exeggutor|40/100 par\n|cant|p1a: Exeggutor|par\n|\n|upkeep\n|turn|21\n|rated|Smogon Premier League\n|inactive|Laroxyl has 270 seconds left.\n|\n|t:|1769291914\n|move|p2a: Exeggutor|Psychic|p1a: Exeggutor\n|-resisted|p1a: Exeggutor\n|-damage|p1a: Exeggutor|20/100 par\n|move|p1a: Exeggutor|Explosion|p2a: Exeggutor\n|-damage|p2a: Exeggutor|30/100\n|faint|p1a: Exeggutor\n|inactive|Laroxyl has 240 seconds left.\n|\n|t:|1769291944\n|switch|p1a: Starmie|Starmie|100/100\n|turn|22\n|\n|t:|1769291955\n|switch|p2a: Chansey|Chansey|100/100\n|move|p1a: Starmie|Blizzard|p2a: Chansey\n|-damage|p2a: Chansey|89/100\n|\n|upkeep\n|turn|23\n|inactive|Laroxyl has 210 seconds left.\n|\n|t:|1769291981\n|switch|p1a: Chansey|Chansey|100/100\n|move|p2a: Chansey|Sing|p1a: Chansey|[miss]\n|-miss|p2a: Chansey\n|\n|upkeep\n|turn|24\n|inactive|Laroxyl has 210 seconds left.\n|inactive|Laroxyl has 180 seconds left.\n|inactive|Laroxyl has 150 seconds left.\n|\n|t:|1769292056\n|move|p1a: Chansey|Thunder Wave|p2a: Chansey\n|-status|p2a: Chansey|par\n|move|p2a: Chansey|Sing|p1a: Chansey|[miss]\n|-miss|p2a: Chansey\n|\n|upkeep\n|turn|25\n|inactive|Laroxyl has 150 seconds left.\n|\n|t:|1769292075\n|move|p1a: Chansey|Thunderbolt|p2a: Chansey\n|-damage|p2a: Chansey|77/100 par\n|cant|p2a: Chansey|par\n|\n|upkeep\n|turn|26\n|\n|t:|1769292079\n|move|p1a: Chansey|Thunderbolt|p2a: Chansey\n|-damage|p2a: Chansey|67/100 par\n|cant|p2a: Chansey|par\n|\n|upkeep\n|turn|27\n|\n|t:|1769292108\n|move|p1a: Chansey|Thunderbolt|p2a: Chansey\n|-damage|p2a: Chansey|56/100 par\n|cant|p2a: Chansey|par\n|\n|upkeep\n|turn|28\n|inactive|nicole7735 has 270 seconds left.\n|\n|t:|1769292152\n|switch|p1a: Zapdos|Zapdos|100/100\n|move|p2a: Chansey|Sing|p1a: Zapdos|[miss]\n|-miss|p2a: Chansey\n|\n|upkeep\n|turn|29\n|inactive|nicole7735 has 240 seconds left.\n|inactive|nicole7735 has 210 seconds left.\n|inactive|nicole7735 has 180 seconds left.\n|inactive|nicole7735 has 150 seconds left.\n|inactive|nicole7735 has 120 seconds left.\n|inactive|nicole7735 has 90 seconds left.\n|\n|t:|1769292325\n|switch|p2a: Alakazam|Alakazam|100/100 slp\n|move|p1a: Zapdos|Drill Peck|p2a: Alakazam\n|-damage|p2a: Alakazam|59/100 slp\n|\n|upkeep\n|turn|30\n|\n|t:|1769292336\n|cant|p2a: Alakazam|slp\n|move|p1a: Zapdos|Thunderbolt|p2a: Alakazam\n|-crit|p2a: Alakazam\n|-damage|p2a: Alakazam|0 fnt\n|faint|p2a: Alakazam\n|\n|t:|1769292345\n|switch|p2a: Snorlax|Snorlax|87/100\n|turn|31\n|inactive|Laroxyl has 150 seconds left.\n|\n|t:|1769292371\n|switch|p1a: Snorlax|Snorlax|100/100\n|move|p2a: Snorlax|Body Slam|p1a: Snorlax\n|-damage|p1a: Snorlax|75/100\n|\n|upkeep\n|turn|32\n|inactive|Laroxyl has 150 seconds left.\n|inactive|Laroxyl has 120 seconds left.\n|\n|t:|1769292413\n|move|p2a: Snorlax|Body Slam|p1a: Snorlax\n|-damage|p1a: Snorlax|48/100\n|move|p1a: Snorlax|Reflect|p1a: Snorlax\n|-start|p1a: Snorlax|Reflect\n|\n|upkeep\n|turn|33\n|\n|t:|1769292417\n|move|p1a: Snorlax|Body Slam|p2a: Snorlax\n|-damage|p2a: Snorlax|60/100\n|move|p2a: Snorlax|Reflect|p2a: Snorlax\n|-start|p2a: Snorlax|Reflect\n|\n|upkeep\n|turn|34\n|\n|t:|1769292431\n|move|p1a: Snorlax|Rest|p1a: Snorlax\n|-status|p1a: Snorlax|slp|[from] move: Rest\n|-heal|p1a: Snorlax|100/100 slp|[silent]\n|move|p2a: Snorlax|Body Slam|p1a: Snorlax\n|-crit|p1a: Snorlax\n|-damage|p1a: Snorlax|50/100 slp\n|\n|upkeep\n|turn|35\n|inactive|nicole7735 has 120 seconds left.\n|\n|t:|1769292446\n|switch|p2a: Exeggutor|Exeggutor|30/100\n|cant|p1a: Snorlax|slp\n|\n|upkeep\n|turn|36\n|inactive|nicole7735 has 120 seconds left.\n|\n|t:|1769292471\n|move|p2a: Exeggutor|Psychic|p1a: Snorlax\n|-damage|p1a: Snorlax|17/100 slp\n|-curestatus|p1a: Snorlax|slp|[msg]\n|\n|upkeep\n|turn|37\n|inactive|Laroxyl has 120 seconds left.\n|\n|t:|1769292487\n|move|p2a: Exeggutor|Sleep Powder|p1a: Snorlax\n|-status|p1a: Snorlax|slp|[from] move: Sleep Powder\n|-curestatus|p1a: Snorlax|slp|[msg]\n|\n|upkeep\n|turn|38\n|inactive|nicole7735 has 120 seconds left.\n|c|☆Laroxyl|damn\n|inactive|Laroxyl has 120 seconds left.\n|\n|t:|1769292507\n|move|p2a: Exeggutor|Sleep Powder|p1a: Snorlax\n|-status|p1a: Snorlax|slp|[from] move: Sleep Powder\n|cant|p1a: Snorlax|slp\n|\n|upkeep\n|turn|39\n|inactive|Laroxyl has 120 seconds left.\n|inactive|nicole7735 has 120 seconds left.\n|inactive|Laroxyl has 90 seconds left.\n|inactive|nicole7735 has 90 seconds left.\n|inactive|nicole7735 has 60 seconds left.\n|\n|t:|1769292589\n|switch|p2a: Snorlax|Snorlax|60/100\n|switch|p1a: Starmie|Starmie|100/100\n|\n|upkeep\n|turn|40\n|\n|t:|1769292598\n|switch|p2a: Chansey|Chansey|56/100 par\n|move|p1a: Starmie|Psychic|p2a: Chansey\n|-damage|p2a: Chansey|41/100 par\n|\n|upkeep\n|turn|41\n|inactive|Laroxyl has 90 seconds left.\n|inactive|nicole7735 has 60 seconds left.\n|\n|t:|1769292610\n|switch|p1a: Zapdos|Zapdos|100/100\n|move|p2a: Chansey|Thunder Wave|p1a: Zapdos\n|-status|p1a: Zapdos|par\n|\n|upkeep\n|turn|42\n|inactive|nicole7735 has 60 seconds left.\n|\n|t:|1769292645\n|move|p1a: Zapdos|Agility|p1a: Zapdos\n|-boost|p1a: Zapdos|spe|2\n|move|p2a: Chansey|Soft-Boiled|p2a: Chansey\n|-heal|p2a: Chansey|91/100 par\n|\n|upkeep\n|turn|43\n|\n|t:|1769292650\n|move|p1a: Zapdos|Drill Peck|p2a: Chansey\n|-damage|p2a: Chansey|54/100 par\n|move|p2a: Chansey|Seismic Toss|p1a: Zapdos\n|-damage|p1a: Zapdos|74/100 par\n|\n|upkeep\n|turn|44\n|\n|t:|1769292656\n|move|p1a: Zapdos|Drill Peck|p2a: Chansey\n|-crit|p2a: Chansey\n|-damage|p2a: Chansey|0 fnt\n|faint|p2a: Chansey\n|inactive|nicole7735 has 30 seconds left.\n|\n|t:|1769292683\n|switch|p2a: Tauros|Tauros|100/100\n|turn|45\n|inactive|Laroxyl has 120 seconds left.\n|inactive|nicole7735 has 30 seconds left.\n|\n|t:|1769292698\n|move|p1a: Zapdos|Thunder Wave|p2a: Tauros\n|-status|p2a: Tauros|par\n|move|p2a: Tauros|Blizzard|p1a: Zapdos\n|-supereffective|p1a: Zapdos\n|-damage|p1a: Zapdos|39/100 par\n|\n|upkeep\n|turn|46\n|\n|t:|1769292707\n|move|p1a: Zapdos|Thunderbolt|p2a: Tauros\n|-crit|p2a: Tauros\n|-damage|p2a: Tauros|17/100 par\n|move|p2a: Tauros|Hyper Beam|p1a: Zapdos\n|-damage|p1a: Zapdos|0 fnt\n|faint|p1a: Zapdos\n|inactive|Laroxyl has 120 seconds left.\n|inactive|Laroxyl has 90 seconds left.\n|\n|t:|1769292751\n|switch|p1a: Tauros|Tauros|100/100\n|turn|47\n|\n|t:|1769292757\n|move|p1a: Tauros|Body Slam|p2a: Tauros\n|-damage|p2a: Tauros|0 fnt\n|faint|p2a: Tauros\n|\n|t:|1769292759\n|switch|p2a: Starmie|Starmie|100/100\n|turn|48\n|\n|t:|1769292767\n|switch|p1a: Chansey|Chansey|100/100\n|move|p2a: Starmie|Thunder Wave|p1a: Chansey\n|-status|p1a: Chansey|par\n|\n|upkeep\n|turn|49\n|\n|t:|1769292780\n|switch|p2a: Snorlax|Snorlax|60/100\n|cant|p1a: Chansey|par\n|\n|upkeep\n|turn|50\n|\n|t:|1769292796\n|move|p2a: Snorlax|Body Slam|p1a: Chansey\n|-damage|p1a: Chansey|62/100 par\n|cant|p1a: Chansey|par\n|\n|upkeep\n|turn|51\n|\n|t:|1769292819\n|switch|p1a: Tauros|Tauros|100/100\n|move|p2a: Snorlax|Body Slam|p1a: Tauros\n|-crit|p1a: Tauros\n|-damage|p1a: Tauros|38/100\n|\n|upkeep\n|turn|52\n|inactive|nicole7735 has 90 seconds left.\n|inactive|Laroxyl has 90 seconds left.\n|inactive|nicole7735 has 60 seconds left.\n|\n|t:|1769292865\n|move|p1a: Tauros|Body Slam|p2a: Snorlax\n|-damage|p2a: Snorlax|35/100\n|move|p2a: Snorlax|Body Slam|p1a: Tauros\n|-damage|p1a: Tauros|5/100\n|\n|upkeep\n|turn|53\n|\n|t:|1769292872\n|switch|p2a: Starmie|Starmie|100/100\n|move|p1a: Tauros|Body Slam|p2a: Starmie\n|-crit|p2a: Starmie\n|-damage|p2a: Starmie|32/100\n|\n|upkeep\n|turn|54\n|inactive|nicole7735 has 60 seconds left.\n|\n|t:|1769292895\n|switch|p1a: Chansey|Chansey|62/100 par\n|move|p2a: Starmie|Recover|p2a: Starmie\n|-heal|p2a: Starmie|82/100\n|\n|upkeep\n|turn|55\n|inactive|nicole7735 has 60 seconds left.\n|\n|t:|1769292910\n|move|p2a: Starmie|Psychic|p1a: Chansey\n|-damage|p1a: Chansey|47/100 par\n|cant|p1a: Chansey|par\n|\n|upkeep\n|turn|56\n|\n|t:|1769292934\n|switch|p2a: Snorlax|Snorlax|35/100\n|cant|p1a: Chansey|par\n|\n|upkeep\n|turn|57\n|inactive|nicole7735 has 60 seconds left.\n|inactive|Laroxyl has 60 seconds left.\n|\n|t:|1769292957\n|switch|p1a: Snorlax|Snorlax|17/100 slp\n|move|p2a: Snorlax|Rest|p2a: Snorlax\n|-status|p2a: Snorlax|slp|[from] move: Rest\n|-heal|p2a: Snorlax|100/100 slp|[silent]\n|\n|upkeep\n|turn|58\n|inactive|Laroxyl has 60 seconds left.\n|inactive|nicole7735 has 30 seconds left.\n|\n|t:|1769292990\n|switch|p1a: Starmie|Starmie|100/100\n|cant|p2a: Snorlax|slp\n|\n|upkeep\n|turn|59\n|\n|t:|1769292994\n|switch|p2a: Starmie|Starmie|82/100\n|move|p1a: Starmie|Psychic|p2a: Starmie\n|-resisted|p2a: Starmie\n|-damage|p2a: Starmie|64/100\n|\n|upkeep\n|turn|60\n|\n|t:|1769293003\n|switch|p1a: Chansey|Chansey|47/100 par\n|move|p2a: Starmie|Thunder Wave|p1a: Chansey\n|-fail|p1a: Chansey|par\n|\n|upkeep\n|turn|61\n|\n|t:|1769293011\n|switch|p2a: Snorlax|Snorlax|100/100 slp\n|move|p1a: Chansey|Soft-Boiled|p1a: Chansey\n|-heal|p1a: Chansey|97/100 par\n|\n|upkeep\n|turn|62\n|\n|t:|1769293016\n|-curestatus|p2a: Snorlax|slp|[msg]\n|move|p1a: Chansey|Thunder Wave|p2a: Snorlax\n|-status|p2a: Snorlax|par\n|\n|upkeep\n|turn|63\n|\n|t:|1769293029\n|switch|p1a: Starmie|Starmie|100/100\n|move|p2a: Snorlax|Body Slam|p1a: Starmie\n|-damage|p1a: Starmie|61/100\n|\n|upkeep\n|turn|64\n|\n|t:|1769293039\n|switch|p2a: Starmie|Starmie|64/100\n|move|p1a: Starmie|Recover|p1a: Starmie\n|-heal|p1a: Starmie|100/100\n|\n|upkeep\n|turn|65\n|inactive|Laroxyl has 90 seconds left.\n|\n|t:|1769293054\n|switch|p1a: Chansey|Chansey|97/100 par\n|move|p2a: Starmie|Recover|p2a: Starmie\n|-heal|p2a: Starmie|100/100\n|\n|upkeep\n|turn|66\n|inactive|Laroxyl has 90 seconds left.\n|\n|t:|1769293064\n|switch|p2a: Snorlax|Snorlax|100/100 par\n|move|p1a: Chansey|Ice Beam|p2a: Snorlax\n|-damage|p2a: Snorlax|82/100 par\n|\n|upkeep\n|turn|67\n|inactive|Laroxyl has 90 seconds left.\n|\n|t:|1769293074\n|switch|p1a: Starmie|Starmie|100/100\n|move|p2a: Snorlax|Body Slam|p1a: Starmie\n|-damage|p1a: Starmie|64/100\n|\n|upkeep\n|turn|68\n|inactive|Laroxyl has 90 seconds left.\n|\n|t:|1769293103\n|move|p1a: Starmie|Recover|p1a: Starmie\n|-heal|p1a: Starmie|100/100\n|move|p2a: Snorlax|Body Slam|p1a: Starmie\n|-damage|p1a: Starmie|66/100\n|\n|upkeep\n|turn|69\n|inactive|Laroxyl has 90 seconds left.\n|\n|t:|1769293113\n|switch|p2a: Starmie|Starmie|100/100\n|move|p1a: Starmie|Recover|p1a: Starmie\n|-heal|p1a: Starmie|100/100\n|\n|upkeep\n|turn|70\n|\n|t:|1769293122\n|switch|p1a: Chansey|Chansey|97/100 par\n|move|p2a: Starmie|Thunder Wave|p1a: Chansey\n|-fail|p1a: Chansey|par\n|\n|upkeep\n|turn|71\n|inactive|Laroxyl has 90 seconds left.\n|\n|t:|1769293146\n|switch|p2a: Snorlax|Snorlax|82/100 par\n|cant|p1a: Chansey|par\n|\n|upkeep\n|turn|72\n|inactive|Laroxyl has 90 seconds left.\n|\n|t:|1769293154\n|switch|p1a: Starmie|Starmie|100/100\n|move|p2a: Snorlax|Body Slam|p1a: Starmie\n|-damage|p1a: Starmie|62/100\n|\n|upkeep\n|turn|73\n|\n|t:|1769293159\n|switch|p2a: Starmie|Starmie|100/100\n|move|p1a: Starmie|Recover|p1a: Starmie\n|-heal|p1a: Starmie|100/100\n|\n|upkeep\n|turn|74\n|inactive|Laroxyl has 90 seconds left.\n|\n|t:|1769293186\n|switch|p1a: Chansey|Chansey|97/100 par\n|move|p2a: Starmie|Thunder Wave|p1a: Chansey\n|-fail|p1a: Chansey|par\n|\n|upkeep\n|turn|75\n|inactive|Laroxyl has 90 seconds left.\n|\n|t:|1769293207\n|switch|p2a: Snorlax|Snorlax|82/100 par\n|switch|p1a: Starmie|Starmie|100/100\n|\n|upkeep\n|turn|76\n|\n|t:|1769293211\n|switch|p2a: Starmie|Starmie|100/100\n|move|p1a: Starmie|Thunder Wave|p2a: Starmie\n|-status|p2a: Starmie|par\n|\n|upkeep\n|turn|77\n|inactive|Laroxyl has 90 seconds left.\n|\n|t:|1769293221\n|move|p1a: Starmie|Psychic|p2a: Starmie\n|-resisted|p2a: Starmie\n|-damage|p2a: Starmie|84/100 par\n|-unboost|p2a: Starmie|spa|1\n|-unboost|p2a: Starmie|spd|1\n|move|p2a: Starmie|Psychic|p1a: Starmie\n|-resisted|p1a: Starmie\n|-damage|p1a: Starmie|90/100\n|\n|upkeep\n|turn|78\n|inactive|Laroxyl has 90 seconds left.\n|\n|t:|1769293226\n|switch|p1a: Chansey|Chansey|97/100 par\n|cant|p2a: Starmie|par\n|\n|upkeep\n|turn|79\n|inactive|Laroxyl has 90 seconds left.\n|\n|t:|1769293250\n|switch|p1a: Starmie|Starmie|90/100\n|switch|p2a: Snorlax|Snorlax|82/100 par\n|\n|upkeep\n|turn|80\n|\n|t:|1769293255\n|switch|p2a: Starmie|Starmie|84/100 par\n|move|p1a: Starmie|Psychic|p2a: Starmie\n|-resisted|p2a: Starmie\n|-damage|p2a: Starmie|67/100 par\n|\n|upkeep\n|turn|81\n|inactive|Laroxyl has 90 seconds left.\n|\n|t:|1769293269\n|switch|p1a: Chansey|Chansey|97/100 par\n|move|p2a: Starmie|Recover|p2a: Starmie\n|-heal|p2a: Starmie|100/100 par\n|\n|upkeep\n|turn|82\n|\n|t:|1769293275\n|switch|p2a: Snorlax|Snorlax|82/100 par\n|switch|p1a: Starmie|Starmie|90/100\n|\n|upkeep\n|turn|83\n|\n|t:|1769293280\n|switch|p2a: Starmie|Starmie|100/100 par\n|move|p1a: Starmie|Psychic|p2a: Starmie\n|-resisted|p2a: Starmie\n|-damage|p2a: Starmie|83/100 par\n|-unboost|p2a: Starmie|spa|1\n|-unboost|p2a: Starmie|spd|1\n|\n|upkeep\n|turn|84\n|\n|t:|1769293286\n|switch|p1a: Chansey|Chansey|97/100 par\n|move|p2a: Starmie|Recover|p2a: Starmie\n|-heal|p2a: Starmie|100/100 par\n|\n|upkeep\n|turn|85\n|\n|t:|1769293294\n|switch|p1a: Starmie|Starmie|90/100\n|switch|p2a: Snorlax|Snorlax|82/100 par\n|\n|upkeep\n|turn|86\n|\n|t:|1769293298\n|switch|p2a: Starmie|Starmie|100/100 par\n|move|p1a: Starmie|Psychic|p2a: Starmie\n|-crit|p2a: Starmie\n|-resisted|p2a: Starmie\n|-damage|p2a: Starmie|70/100 par\n|\n|upkeep\n|turn|87\n|\n|t:|1769293301\n|switch|p1a: Chansey|Chansey|97/100 par\n|move|p2a: Starmie|Recover|p2a: Starmie\n|-heal|p2a: Starmie|100/100 par\n|\n|upkeep\n|turn|88\n|\n|t:|1769293309\n|switch|p2a: Snorlax|Snorlax|82/100 par\n|cant|p1a: Chansey|par\n|\n|upkeep\n|turn|89\n|\n|t:|1769293313\n|switch|p1a: Starmie|Starmie|90/100\n|move|p2a: Snorlax|Body Slam|p1a: Starmie\n|-damage|p1a: Starmie|51/100\n|-status|p1a: Starmie|par\n|\n|upkeep\n|turn|90\n|\n|t:|1769293326\n|switch|p2a: Starmie|Starmie|100/100 par\n|cant|p1a: Starmie|par\n|\n|upkeep\n|turn|91\n|inactive|Laroxyl has 150 seconds left.\n|\n|t:|1769293356\n|move|p1a: Starmie|Recover|p1a: Starmie\n|-heal|p1a: Starmie|100/100 par\n|cant|p2a: Starmie|par\n|\n|upkeep\n|turn|92\n|\n|t:|1769293361\n|switch|p1a: Chansey|Chansey|97/100 par\n|move|p2a: Starmie|Thunder Wave|p1a: Chansey\n|-fail|p1a: Chansey|par\n|\n|upkeep\n|turn|93\n|\n|t:|1769293369\n|switch|p2a: Snorlax|Snorlax|82/100 par\n|cant|p1a: Chansey|par\n|\n|upkeep\n|turn|94\n|\n|t:|1769293377\n|switch|p1a: Starmie|Starmie|100/100 par\n|move|p2a: Snorlax|Body Slam|p1a: Starmie\n|-damage|p1a: Starmie|63/100 par\n|\n|upkeep\n|turn|95\n|\n|t:|1769293382\n|switch|p2a: Starmie|Starmie|100/100 par\n|cant|p1a: Starmie|par\n|\n|upkeep\n|turn|96\n|inactive|Laroxyl has 180 seconds left.\n|inactive|Laroxyl has 150 seconds left.\n|\n|t:|1769293445\n|move|p2a: Starmie|Psychic|p1a: Starmie\n|-crit|p1a: Starmie\n|-resisted|p1a: Starmie\n|-damage|p1a: Starmie|34/100 par\n|-unboost|p1a: Starmie|spa|1\n|-unboost|p1a: Starmie|spd|1\n|move|p1a: Starmie|Recover|p1a: Starmie\n|-heal|p1a: Starmie|84/100 par\n|\n|upkeep\n|turn|97\n|\n|t:|1769293460\n|switch|p2a: Exeggutor|Exeggutor|30/100\n|switch|p1a: Chansey|Chansey|97/100 par\n|\n|upkeep\n|turn|98\n|inactive|Laroxyl has 120 seconds left.\n|inactive|nicole7735 has 270 seconds left.\n|inactive|Laroxyl has 90 seconds left.\n|inactive|nicole7735 has 240 seconds left.\n|inactive|Laroxyl has 60 seconds left.\n|inactive|Laroxyl has 30 seconds left.\n|\n|t:|1769293581\n|move|p2a: Exeggutor|Mega Drain|p1a: Chansey\n|-damage|p1a: Chansey|89/100 par\n|-heal|p2a: Exeggutor|37/100|[from] drain|[of] p1a: Chansey\n|move|p1a: Chansey|Ice Beam|p2a: Exeggutor\n|-crit|p2a: Exeggutor\n|-supereffective|p2a: Exeggutor\n|-damage|p2a: Exeggutor|0 fnt\n|faint|p2a: Exeggutor\n|\n|t:|1769293606\n|switch|p2a: Snorlax|Snorlax|82/100 par\n|turn|99\n|inactive|Laroxyl has 30 seconds left.\n|\n|t:|1769293622\n|switch|p1a: Snorlax|Snorlax|17/100 slp\n|move|p2a: Snorlax|Body Slam|p1a: Snorlax\n|-damage|p1a: Snorlax|0 fnt\n|faint|p1a: Snorlax\n|\n|t:|1769293625\n|switch|p1a: Starmie|Starmie|84/100 par\n|turn|100\n|\n|t:|1769293631\n|switch|p2a: Starmie|Starmie|100/100 par\n|move|p1a: Starmie|Recover|p1a: Starmie\n|-heal|p1a: Starmie|100/100 par\n|\n|upkeep\n|turn|101\n|\n|t:|1769293637\n|switch|p1a: Chansey|Chansey|89/100 par\n|move|p2a: Starmie|Psychic|p1a: Chansey\n|-crit|p1a: Chansey\n|-damage|p1a: Chansey|59/100 par\n|\n|upkeep\n|turn|102\n|inactive|Laroxyl has 60 seconds left.\n|\n|t:|1769293642\n|move|p2a: Starmie|Psychic|p1a: Chansey\n|-damage|p1a: Chansey|45/100 par\n|-unboost|p1a: Chansey|spa|1\n|-unboost|p1a: Chansey|spd|1\n|move|p1a: Chansey|Soft-Boiled|p1a: Chansey\n|-heal|p1a: Chansey|95/100 par\n|\n|upkeep\n|turn|103\n|\n|t:|1769293652\n|move|p2a: Starmie|Psychic|p1a: Chansey\n|-damage|p1a: Chansey|74/100 par\n|cant|p1a: Chansey|par\n|\n|upkeep\n|turn|104\n|\n|t:|1769293659\n|move|p2a: Starmie|Psychic|p1a: Chansey\n|-crit|p1a: Chansey\n|-damage|p1a: Chansey|46/100 par\n|-unboost|p1a: Chansey|spa|1\n|-unboost|p1a: Chansey|spd|1\n|move|p1a: Chansey|Soft-Boiled|p1a: Chansey\n|-heal|p1a: Chansey|96/100 par\n|\n|upkeep\n|turn|105\n|\n|t:|1769293669\n|switch|p1a: Starmie|Starmie|100/100 par\n|move|p2a: Starmie|Psychic|p1a: Starmie\n|-resisted|p1a: Starmie\n|-damage|p1a: Starmie|83/100 par\n|\n|upkeep\n|turn|106\n|\n|t:|1769293678\n|move|p2a: Starmie|Psychic|p1a: Starmie\n|-crit|p1a: Starmie\n|-resisted|p1a: Starmie\n|-damage|p1a: Starmie|52/100 par\n|cant|p1a: Starmie|par\n|\n|upkeep\n|turn|107\n|\n|t:|1769293683\n|cant|p1a: Starmie|par\n|move|p2a: Starmie|Psychic|p1a: Starmie\n|-resisted|p1a: Starmie\n|-damage|p1a: Starmie|35/100 par\n|\n|upkeep\n|turn|108\n|\n|t:|1769293686\n|move|p1a: Starmie|Recover|p1a: Starmie\n|-heal|p1a: Starmie|85/100 par\n|cant|p2a: Starmie|par\n|\n|upkeep\n|turn|109\n|\n|t:|1769293700\n|move|p1a: Starmie|Recover|p1a: Starmie\n|-heal|p1a: Starmie|100/100 par\n|move|p2a: Starmie|Psychic|p1a: Starmie\n|-resisted|p1a: Starmie\n|-damage|p1a: Starmie|85/100 par\n|\n|upkeep\n|turn|110\n|c|☆nicole7735|gg\n|-message|nicole7735 forfeited.\n|\n|win|Laroxyl\n|c|☆Laroxyl|gg\n","uploadtime":1769293707,"views":"1101","formatid":"gen1ou","rating":null,"private":0,"password":null}