{"id":"smogtours-gen1ou-946382","format":"[Gen 1] OU","players":["Acetylaldehyde","magical_weeb"],"log":"|inactive|Battle timer is ON: inactive players will automatically lose when time's up.\n|t:|1781389763\n|gametype|singles\n|player|p1|Acetylaldehyde|scientist-gen1rb|\n|player|p2|magical_weeb|idol|\n|gen|1\n|tier|[Gen 1] OU\n|rule|Desync Clause Mod: Desyncs changed to move failure.\n|rule|HP Percentage Mod: HP is shown in percentages\n|rule|Endless Battle Clause: Forcing endless battles is banned\n|rule|Sleep Clause Mod: Limit one foe put to sleep\n|rule|Freeze Clause Mod: Limit one foe frozen\n|rule|Species Clause: Limit one of each Pokémon\n|rule|OHKO Clause: OHKO moves are banned\n|rule|Evasion Moves Clause: Evasion moves are banned\n|\n|t:|1781389763\n|teamsize|p1|6\n|teamsize|p2|6\n|start\n|switch|p1a: Gengar|Gengar|100/100\n|switch|p2a: Zapdos|Zapdos|100/100\n|turn|1\n|inactive|Acetylaldehyde also wants the timer to be on.\n|c|☆Acetylaldehyde|glhf\n|c|☆magical_weeb|hf\n|\n|t:|1781389776\n|move|p1a: Gengar|Hypnosis|p2a: Zapdos\n|-status|p2a: Zapdos|slp|[from] move: Hypnosis\n|cant|p2a: Zapdos|slp\n|\n|upkeep\n|turn|2\n|\n|t:|1781389783\n|move|p1a: Gengar|Night Shade|p2a: Zapdos\n|-damage|p2a: Zapdos|74/100 slp\n|-curestatus|p2a: Zapdos|slp|[msg]\n|\n|upkeep\n|turn|3\n|\n|t:|1781389787\n|move|p1a: Gengar|Hypnosis|p2a: Zapdos\n|-status|p2a: Zapdos|slp|[from] move: Hypnosis\n|cant|p2a: Zapdos|slp\n|\n|upkeep\n|turn|4\n|\n|t:|1781389797\n|switch|p2a: Gengar|Gengar|100/100\n|move|p1a: Gengar|Night Shade|p2a: Gengar\n|-damage|p2a: Gengar|70/100\n|\n|upkeep\n|turn|5\n|\n|t:|1781389804\n|move|p2a: Gengar|Hypnosis|p1a: Gengar|[miss]\n|-miss|p2a: Gengar\n|move|p1a: Gengar|Night Shade|p2a: Gengar\n|-damage|p2a: Gengar|39/100\n|\n|upkeep\n|turn|6\n|\n|t:|1781389809\n|move|p2a: Gengar|Hypnosis|p1a: Gengar|[miss]\n|-miss|p2a: Gengar\n|move|p1a: Gengar|Night Shade|p2a: Gengar\n|-damage|p2a: Gengar|8/100\n|\n|upkeep\n|turn|7\n|\n|t:|1781389821\n|switch|p2a: Exeggutor|Exeggutor|100/100\n|move|p1a: Gengar|Night Shade|p2a: Exeggutor\n|-damage|p2a: Exeggutor|75/100\n|\n|upkeep\n|turn|8\n|\n|t:|1781389826\n|move|p1a: Gengar|Night Shade|p2a: Exeggutor\n|-damage|p2a: Exeggutor|50/100\n|move|p2a: Exeggutor|Sleep Powder|p1a: Gengar\n|-status|p1a: Gengar|slp|[from] move: Sleep Powder\n|\n|upkeep\n|turn|9\n|\n|t:|1781389833\n|switch|p1a: Exeggutor|Exeggutor|100/100\n|move|p2a: Exeggutor|Stun Spore|p1a: Exeggutor\n|-status|p1a: Exeggutor|par\n|\n|upkeep\n|turn|10\n|\n|t:|1781389856\n|move|p2a: Exeggutor|Psychic|p1a: Exeggutor\n|-resisted|p1a: Exeggutor\n|-damage|p1a: Exeggutor|87/100 par\n|cant|p1a: Exeggutor|par\n|\n|upkeep\n|turn|11\n|\n|t:|1781389862\n|move|p2a: Exeggutor|Psychic|p1a: Exeggutor\n|-resisted|p1a: Exeggutor\n|-damage|p1a: Exeggutor|74/100 par\n|cant|p1a: Exeggutor|par\n|\n|upkeep\n|turn|12\n|\n|t:|1781389867\n|move|p2a: Exeggutor|Explosion|p1a: Exeggutor\n|-damage|p1a: Exeggutor|0 fnt\n|faint|p1a: Exeggutor\n|faint|p2a: Exeggutor\n|\n|t:|1781389884\n|switch|p2a: Alakazam|Alakazam|100/100\n|switch|p1a: Alakazam|Alakazam|100/100\n|turn|13\n|\n|t:|1781389890\n|move|p1a: Alakazam|Thunder Wave|p2a: Alakazam\n|-status|p2a: Alakazam|par\n|move|p2a: Alakazam|Thunder Wave|p1a: Alakazam\n|-status|p1a: Alakazam|par\n|\n|upkeep\n|turn|14\n|\n|t:|1781389903\n|cant|p1a: Alakazam|par\n|move|p2a: Alakazam|Seismic Toss|p1a: Alakazam\n|-damage|p1a: Alakazam|69/100 par\n|\n|upkeep\n|turn|15\n|\n|t:|1781389910\n|switch|p2a: Snorlax|Snorlax|100/100\n|switch|p1a: Snorlax|Snorlax|100/100\n|\n|upkeep\n|turn|16\n|\n|t:|1781389916\n|switch|p1a: Cloyster|Cloyster|100/100\n|move|p2a: Snorlax|Reflect|p2a: Snorlax\n|-start|p2a: Snorlax|Reflect\n|\n|upkeep\n|turn|17\n|\n|t:|1781389921\n|move|p1a: Cloyster|Blizzard|p2a: Snorlax\n|-damage|p2a: Snorlax|70/100\n|move|p2a: Snorlax|Body Slam|p1a: Cloyster\n|-damage|p1a: Cloyster|77/100\n|\n|upkeep\n|turn|18\n|\n|t:|1781389927\n|switch|p2a: Alakazam|Alakazam|100/100 par\n|move|p1a: Cloyster|Blizzard|p2a: Alakazam\n|-damage|p2a: Alakazam|70/100 par\n|\n|upkeep\n|turn|19\n|\n|t:|1781389933\n|move|p1a: Cloyster|Clamp|p2a: Alakazam\n|-damage|p2a: Alakazam|59/100 par\n|cant|p2a: Alakazam|partiallytrapped\n|\n|upkeep\n|turn|20\n|\n|t:|1781389937\n|switch|p2a: Zapdos|Zapdos|74/100 slp\n|move|p1a: Cloyster|Clamp|p2a: Zapdos\n|-crit|p2a: Zapdos\n|-damage|p2a: Zapdos|57/100 slp\n|\n|upkeep\n|turn|21\n|\n|t:|1781389945\n|switch|p2a: Alakazam|Alakazam|59/100 par\n|move|p1a: Cloyster|Clamp|p2a: Alakazam\n|-damage|p2a: Alakazam|49/100 par\n|\n|upkeep\n|turn|22\n|\n|t:|1781389951\n|switch|p2a: Zapdos|Zapdos|57/100 slp\n|move|p1a: Cloyster|Clamp|p2a: Zapdos\n|-damage|p2a: Zapdos|48/100 slp\n|\n|upkeep\n|turn|23\n|\n|t:|1781389958\n|switch|p1a: Snorlax|Snorlax|100/100\n|-curestatus|p2a: Zapdos|slp|[msg]\n|\n|upkeep\n|turn|24\n|inactive|magical_weeb has 270 seconds left.\n|\n|t:|1781390000\n|move|p2a: Zapdos|Thunder Wave|p1a: Snorlax\n|-status|p1a: Snorlax|par\n|move|p1a: Snorlax|Hyper Beam|p2a: Zapdos\n|-damage|p2a: Zapdos|0 fnt\n|faint|p2a: Zapdos\n|\n|t:|1781390007\n|switch|p2a: Snorlax|Snorlax|70/100\n|turn|25\n|\n|t:|1781390010\n|move|p2a: Snorlax|Body Slam|p1a: Snorlax\n|-damage|p1a: Snorlax|72/100 par\n|move|p1a: Snorlax|Body Slam|p2a: Snorlax\n|-damage|p2a: Snorlax|44/100\n|\n|upkeep\n|turn|26\n|\n|t:|1781390017\n|switch|p1a: Cloyster|Cloyster|77/100\n|move|p2a: Snorlax|Reflect|p2a: Snorlax\n|-start|p2a: Snorlax|Reflect\n|\n|upkeep\n|turn|27\n|\n|t:|1781390022\n|move|p1a: Cloyster|Blizzard|p2a: Snorlax\n|-damage|p2a: Snorlax|12/100\n|move|p2a: Snorlax|Rest|p2a: Snorlax\n|-status|p2a: Snorlax|slp|[from] move: Rest\n|-heal|p2a: Snorlax|100/100 slp|[silent]\n|\n|upkeep\n|turn|28\n|\n|t:|1781390029\n|move|p1a: Cloyster|Blizzard|p2a: Snorlax\n|-damage|p2a: Snorlax|67/100 slp\n|cant|p2a: Snorlax|slp\n|\n|upkeep\n|turn|29\n|\n|t:|1781390034\n|move|p1a: Cloyster|Blizzard|p2a: Snorlax\n|-damage|p2a: Snorlax|34/100 slp\n|-curestatus|p2a: Snorlax|slp|[msg]\n|\n|upkeep\n|turn|30\n|\n|t:|1781390042\n|move|p1a: Cloyster|Clamp|p2a: Snorlax\n|-crit|p2a: Snorlax\n|-damage|p2a: Snorlax|17/100\n|cant|p2a: Snorlax|partiallytrapped\n|\n|upkeep\n|turn|31\n|\n|t:|1781390050\n|switch|p2a: Alakazam|Alakazam|49/100 par\n|move|p1a: Cloyster|Clamp|p2a: Alakazam|[miss]\n|-miss|p1a: Cloyster\n|\n|upkeep\n|turn|32\n|\n|t:|1781390054\n|move|p1a: Cloyster|Clamp|p2a: Alakazam\n|-crit|p2a: Alakazam\n|-damage|p2a: Alakazam|31/100 par\n|cant|p2a: Alakazam|partiallytrapped\n|\n|upkeep\n|turn|33\n|\n|t:|1781390063\n|switch|p2a: Tauros|Tauros|100/100\n|move|p1a: Cloyster|Clamp|p2a: Tauros\n|-crit|p2a: Tauros\n|-damage|p2a: Tauros|76/100\n|\n|upkeep\n|turn|34\n|\n|t:|1781390072\n|switch|p2a: Alakazam|Alakazam|31/100 par\n|move|p1a: Cloyster|Clamp|p2a: Alakazam\n|-damage|p2a: Alakazam|21/100 par\n|\n|upkeep\n|turn|35\n|\n|t:|1781390080\n|switch|p2a: Tauros|Tauros|76/100\n|move|p1a: Cloyster|Clamp|p2a: Tauros\n|-damage|p2a: Tauros|62/100\n|\n|upkeep\n|turn|36\n|\n|t:|1781390086\n|switch|p2a: Gengar|Gengar|8/100\n|move|p1a: Cloyster|Clamp|p2a: Gengar\n|-damage|p2a: Gengar|0 fnt\n|faint|p2a: Gengar\n|\n|t:|1781390088\n|switch|p2a: Snorlax|Snorlax|17/100\n|turn|37\n|\n|t:|1781390093\n|move|p1a: Cloyster|Blizzard|p2a: Snorlax\n|-damage|p2a: Snorlax|0 fnt\n|faint|p2a: Snorlax\n|\n|t:|1781390098\n|switch|p2a: Alakazam|Alakazam|21/100 par\n|turn|38\n|\n|t:|1781390101\n|move|p1a: Cloyster|Blizzard|p2a: Alakazam\n|-damage|p2a: Alakazam|0 fnt\n|faint|p2a: Alakazam\n|\n|t:|1781390103\n|switch|p2a: Tauros|Tauros|62/100\n|turn|39\n|\n|t:|1781390107\n|move|p2a: Tauros|Body Slam|p1a: Cloyster\n|-damage|p1a: Cloyster|57/100\n|-status|p1a: Cloyster|par\n|cant|p1a: Cloyster|par\n|\n|upkeep\n|turn|40\n|\n|t:|1781390113\n|move|p2a: Tauros|Body Slam|p1a: Cloyster\n|-damage|p1a: Cloyster|34/100 par\n|cant|p1a: Cloyster|par\n|\n|upkeep\n|turn|41\n|\n|t:|1781390134\n|move|p2a: Tauros|Hyper Beam|p1a: Cloyster\n|-damage|p1a: Cloyster|0 fnt\n|faint|p1a: Cloyster\n|\n|t:|1781390139\n|switch|p1a: Snorlax|Snorlax|72/100 par\n|turn|42\n|\n|t:|1781390143\n|move|p2a: Tauros|Body Slam|p1a: Snorlax\n|-damage|p1a: Snorlax|47/100 par\n|cant|p1a: Snorlax|par\n|\n|upkeep\n|turn|43\n|\n|t:|1781390148\n|move|p2a: Tauros|Hyper Beam|p1a: Snorlax\n|-crit|p1a: Snorlax\n|-damage|p1a: Snorlax|0 fnt\n|faint|p1a: Snorlax\n|\n|t:|1781390154\n|switch|p1a: Tauros|Tauros|100/100\n|turn|44\n|\n|t:|1781390157\n|move|p2a: Tauros|Blizzard|p1a: Tauros\n|-crit|p1a: Tauros\n|-damage|p1a: Tauros|51/100\n|move|p1a: Tauros|Body Slam|p2a: Tauros\n|-damage|p2a: Tauros|31/100\n|\n|upkeep\n|turn|45\n|\n|t:|1781390163\n|move|p1a: Tauros|Hyper Beam|p2a: Tauros\n|-crit|p2a: Tauros\n|-damage|p2a: Tauros|0 fnt\n|faint|p2a: Tauros\n|\n|win|Acetylaldehyde\n|c|☆magical_weeb|gg\n|c|☆Acetylaldehyde|ggs \n|c|☆Acetylaldehyde|got scary at the end there\n|c|☆Acetylaldehyde|sry for luck\n|c|☆magical_weeb|It happens, gl with tour\n|c|☆Acetylaldehyde|ty\n|c|☆Acetylaldehyde|thx for adapting with schedule\n|c|☆Acetylaldehyde|sorry about that\n","uploadtime":1781390163,"views":"68","formatid":"gen1ou","rating":null,"private":0,"password":null}