{"id":"smogtours-gen1ou-944956","format":"[Gen 1] OU","players":["longestbanana","gamebooadvanced"],"log":"|inactive|Battle timer is ON: inactive players will automatically lose when time's up.\n|t:|1780956287\n|gametype|singles\n|player|p1|longestbanana|lucas|\n|player|p2|gamebooadvanced|wattson|\n|gen|1\n|tier|[Gen 1] OU\n|rule|Desync Clause Mod: Desyncs changed to move failure.\n|rule|HP Percentage Mod: HP is shown in percentages\n|rule|Endless Battle Clause: Forcing endless battles is banned\n|rule|Sleep Clause Mod: Limit one foe put to sleep\n|rule|Freeze Clause Mod: Limit one foe frozen\n|rule|Species Clause: Limit one of each Pokémon\n|rule|OHKO Clause: OHKO moves are banned\n|rule|Evasion Moves Clause: Evasion moves are banned\n|\n|t:|1780956287\n|teamsize|p1|6\n|teamsize|p2|6\n|start\n|switch|p1a: Zapdos|Zapdos|100/100\n|switch|p2a: Gengar|Gengar|100/100\n|turn|1\n|c|☆gamebooadvanced|glhf\n|c|☆longestbanana|u2\n|\n|t:|1780956312\n|move|p2a: Gengar|Hypnosis|p1a: Zapdos|[miss]\n|-miss|p2a: Gengar\n|move|p1a: Zapdos|Thunder Wave|p2a: Gengar\n|-status|p2a: Gengar|par\n|\n|upkeep\n|turn|2\n|\n|t:|1780956316\n|move|p1a: Zapdos|Drill Peck|p2a: Gengar\n|-crit|p2a: Gengar\n|-damage|p2a: Gengar|27/100 par\n|move|p2a: Gengar|Hypnosis|p1a: Zapdos\n|-status|p1a: Zapdos|slp|[from] move: Hypnosis\n|\n|upkeep\n|turn|3\n|\n|t:|1780956325\n|cant|p1a: Zapdos|slp\n|move|p2a: Gengar|Psychic|p1a: Zapdos\n|-crit|p1a: Zapdos\n|-damage|p1a: Zapdos|66/100 slp\n|-unboost|p1a: Zapdos|spa|1\n|-unboost|p1a: Zapdos|spd|1\n|\n|upkeep\n|turn|4\n|\n|t:|1780956330\n|cant|p1a: Zapdos|slp\n|move|p2a: Gengar|Thunderbolt|p1a: Zapdos\n|-damage|p1a: Zapdos|36/100 slp\n|\n|upkeep\n|turn|5\n|\n|t:|1780956334\n|switch|p1a: Exeggutor|Exeggutor|100/100\n|move|p2a: Gengar|Psychic|p1a: Exeggutor\n|-resisted|p1a: Exeggutor\n|-damage|p1a: Exeggutor|92/100\n|\n|upkeep\n|turn|6\n|inactive|gamebooadvanced has 270 seconds left.\n|\n|t:|1780956381\n|switch|p2a: Exeggutor|Exeggutor|100/100\n|move|p1a: Exeggutor|Sleep Powder|p2a: Exeggutor|[miss]\n|-miss|p1a: Exeggutor\n|\n|upkeep\n|turn|7\n|\n|t:|1780956387\n|move|p1a: Exeggutor|Sleep Powder|p2a: Exeggutor\n|-status|p2a: Exeggutor|slp|[from] move: Sleep Powder\n|-curestatus|p2a: Exeggutor|slp|[msg]\n|\n|upkeep\n|turn|8\n|\n|t:|1780956391\n|move|p2a: Exeggutor|Stun Spore|p1a: Exeggutor\n|-status|p1a: Exeggutor|par\n|cant|p1a: Exeggutor|par\n|\n|upkeep\n|turn|9\n|\n|t:|1780956399\n|move|p2a: Exeggutor|Psychic|p1a: Exeggutor\n|-resisted|p1a: Exeggutor\n|-damage|p1a: Exeggutor|79/100 par\n|move|p1a: Exeggutor|Psychic|p2a: Exeggutor\n|-resisted|p2a: Exeggutor\n|-damage|p2a: Exeggutor|87/100\n|\n|upkeep\n|turn|10\n|\n|t:|1780956408\n|move|p2a: Exeggutor|Psychic|p1a: Exeggutor\n|-resisted|p1a: Exeggutor\n|-damage|p1a: Exeggutor|65/100 par\n|cant|p1a: Exeggutor|par\n|\n|upkeep\n|turn|11\n|\n|t:|1780956417\n|move|p2a: Exeggutor|Psychic|p1a: Exeggutor\n|-resisted|p1a: Exeggutor\n|-damage|p1a: Exeggutor|52/100 par\n|-unboost|p1a: Exeggutor|spa|1\n|-unboost|p1a: Exeggutor|spd|1\n|move|p1a: Exeggutor|Sleep Powder|p2a: Exeggutor\n|-status|p2a: Exeggutor|slp|[from] move: Sleep Powder\n|\n|upkeep\n|turn|12\n|\n|t:|1780956428\n|switch|p1a: Cloyster|Cloyster|100/100\n|cant|p2a: Exeggutor|slp\n|\n|upkeep\n|turn|13\n|\n|t:|1780956435\n|switch|p1a: Snorlax|Snorlax|100/100\n|switch|p2a: Starmie|Starmie|100/100\n|\n|upkeep\n|turn|14\n|\n|t:|1780956442\n|move|p2a: Starmie|Thunder Wave|p1a: Snorlax\n|-status|p1a: Snorlax|par\n|cant|p1a: Snorlax|par\n|\n|upkeep\n|turn|15\n|\n|t:|1780956455\n|switch|p2a: Rhydon|Rhydon|100/100\n|move|p1a: Snorlax|Body Slam|p2a: Rhydon\n|-resisted|p2a: Rhydon\n|-damage|p2a: Rhydon|89/100\n|\n|upkeep\n|turn|16\n|\n|t:|1780956464\n|switch|p1a: Cloyster|Cloyster|100/100\n|move|p2a: Rhydon|Rock Slide|p1a: Cloyster\n|-supereffective|p1a: Cloyster\n|-damage|p1a: Cloyster|51/100\n|\n|upkeep\n|turn|17\n|\n|t:|1780956471\n|switch|p2a: Starmie|Starmie|100/100\n|move|p1a: Cloyster|Blizzard|p2a: Starmie\n|-crit|p2a: Starmie\n|-resisted|p2a: Starmie\n|-damage|p2a: Starmie|63/100\n|\n|upkeep\n|turn|18\n|\n|t:|1780956474\n|move|p2a: Starmie|Recover|p2a: Starmie\n|-heal|p2a: Starmie|100/100\n|move|p1a: Cloyster|Explosion|p2a: Starmie\n|-damage|p2a: Starmie|14/100\n|faint|p1a: Cloyster\n|\n|t:|1780956487\n|switch|p1a: Snorlax|Snorlax|100/100 par\n|turn|19\n|\n|t:|1780956495\n|move|p2a: Starmie|Recover|p2a: Starmie\n|-heal|p2a: Starmie|64/100\n|cant|p1a: Snorlax|par\n|\n|upkeep\n|turn|20\n|\n|t:|1780956500\n|move|p2a: Starmie|Recover|p2a: Starmie\n|-heal|p2a: Starmie|100/100\n|move|p1a: Snorlax|Body Slam|p2a: Starmie\n|-damage|p2a: Starmie|62/100\n|\n|upkeep\n|turn|21\n|\n|t:|1780956506\n|switch|p2a: Rhydon|Rhydon|89/100\n|move|p1a: Snorlax|Body Slam|p2a: Rhydon\n|-resisted|p2a: Rhydon\n|-damage|p2a: Rhydon|78/100\n|\n|upkeep\n|turn|22\n|\n|t:|1780956514\n|move|p2a: Rhydon|Rock Slide|p1a: Snorlax|[miss]\n|-miss|p2a: Rhydon\n|cant|p1a: Snorlax|par\n|\n|upkeep\n|turn|23\n|\n|t:|1780956517\n|move|p2a: Rhydon|Rock Slide|p1a: Snorlax\n|-damage|p1a: Snorlax|75/100 par\n|move|p1a: Snorlax|Earthquake|p2a: Rhydon\n|-supereffective|p2a: Rhydon\n|-damage|p2a: Rhydon|43/100\n|\n|upkeep\n|turn|24\n|\n|t:|1780956523\n|move|p2a: Rhydon|Earthquake|p1a: Snorlax\n|-damage|p1a: Snorlax|42/100 par\n|move|p1a: Snorlax|Earthquake|p2a: Rhydon\n|-supereffective|p2a: Rhydon\n|-damage|p2a: Rhydon|8/100\n|\n|upkeep\n|turn|25\n|\n|t:|1780956536\n|switch|p1a: Zapdos|Zapdos|36/100 slp\n|move|p2a: Rhydon|Earthquake|p1a: Zapdos\n|-immune|p1a: Zapdos\n|\n|upkeep\n|turn|26\n|\n|t:|1780956538\n|-curestatus|p1a: Zapdos|slp|[msg]\n|move|p2a: Rhydon|Rock Slide|p1a: Zapdos\n|-supereffective|p1a: Zapdos\n|-damage|p1a: Zapdos|0 fnt\n|faint|p1a: Zapdos\n|\n|t:|1780956541\n|switch|p1a: Tauros|Tauros|100/100\n|turn|27\n|\n|t:|1780956547\n|move|p1a: Tauros|Body Slam|p2a: Rhydon\n|-crit|p2a: Rhydon\n|-resisted|p2a: Rhydon\n|-damage|p2a: Rhydon|0 fnt\n|faint|p2a: Rhydon\n|inactive|gamebooadvanced has 270 seconds left.\n|\n|t:|1780956585\n|switch|p2a: Tauros|Tauros|100/100\n|turn|28\n|\n|t:|1780956592\n|move|p1a: Tauros|Body Slam|p2a: Tauros\n|-damage|p2a: Tauros|69/100\n|move|p2a: Tauros|Body Slam|p1a: Tauros\n|-damage|p1a: Tauros|72/100\n|\n|upkeep\n|turn|29\n|\n|t:|1780956597\n|move|p2a: Tauros|Body Slam|p1a: Tauros\n|-crit|p1a: Tauros\n|-damage|p1a: Tauros|17/100\n|move|p1a: Tauros|Body Slam|p2a: Tauros\n|-damage|p2a: Tauros|39/100\n|\n|upkeep\n|turn|30\n|\n|t:|1780956605\n|switch|p2a: Gengar|Gengar|27/100 par\n|move|p1a: Tauros|Hyper Beam|p2a: Gengar\n|-immune|p2a: Gengar\n|\n|upkeep\n|turn|31\n|inactive|gamebooadvanced has 270 seconds left.\n|\n|t:|1780956646\n|move|p1a: Tauros|Earthquake|p2a: Gengar\n|-supereffective|p2a: Gengar\n|-damage|p2a: Gengar|0 fnt\n|faint|p2a: Gengar\n|\n|t:|1780956648\n|switch|p2a: Starmie|Starmie|62/100\n|turn|32\n|inactive|longestbanana has 270 seconds left.\n|inactive|longestbanana has 240 seconds left.\n|\n|t:|1780956708\n|switch|p1a: Snorlax|Snorlax|42/100 par\n|move|p2a: Starmie|Surf|p1a: Snorlax\n|-damage|p1a: Snorlax|14/100 par\n|\n|upkeep\n|turn|33\n|inactive|longestbanana has 240 seconds left.\n|\n|t:|1780956722\n|switch|p1a: Exeggutor|Exeggutor|52/100 par\n|move|p2a: Starmie|Surf|p1a: Exeggutor\n|-resisted|p1a: Exeggutor\n|-damage|p1a: Exeggutor|41/100 par\n|\n|upkeep\n|turn|34\n|inactive|longestbanana has 240 seconds left.\n|\n|t:|1780956737\n|switch|p2a: Exeggutor|Exeggutor|87/100 slp\n|cant|p1a: Exeggutor|par\n|\n|upkeep\n|turn|35\n|inactive|longestbanana has 240 seconds left.\n|\n|t:|1780956765\n|switch|p1a: Articuno|Articuno|100/100\n|cant|p2a: Exeggutor|slp\n|\n|upkeep\n|turn|36\n|inactive|longestbanana has 210 seconds left.\n|inactive|gamebooadvanced has 270 seconds left.\n|\n|t:|1780956812\n|switch|p2a: Chansey|Chansey|100/100\n|move|p1a: Articuno|Ice Beam|p2a: Chansey\n|-damage|p2a: Chansey|84/100\n|\n|upkeep\n|turn|37\n|inactive|gamebooadvanced has 270 seconds left.\n|\n|t:|1780956826\n|move|p1a: Articuno|Blizzard|p2a: Chansey\n|-damage|p2a: Chansey|61/100\n|move|p2a: Chansey|Sing|p1a: Articuno\n|-status|p1a: Articuno|slp|[from] move: Sing\n|\n|upkeep\n|turn|38\n|\n|t:|1780956838\n|cant|p1a: Articuno|slp\n|move|p2a: Chansey|Soft-Boiled|p2a: Chansey\n|-heal|p2a: Chansey|100/100\n|\n|upkeep\n|turn|39\n|\n|t:|1780956840\n|cant|p1a: Articuno|slp\n|move|p2a: Chansey|Seismic Toss|p1a: Articuno\n|-damage|p1a: Articuno|74/100 slp\n|\n|upkeep\n|turn|40\n|\n|t:|1780956842\n|cant|p1a: Articuno|slp\n|move|p2a: Chansey|Seismic Toss|p1a: Articuno\n|-damage|p1a: Articuno|48/100 slp\n|\n|upkeep\n|turn|41\n|\n|t:|1780956843\n|-curestatus|p1a: Articuno|slp|[msg]\n|move|p2a: Chansey|Seismic Toss|p1a: Articuno\n|-damage|p1a: Articuno|22/100\n|\n|upkeep\n|turn|42\n|\n|t:|1780956846\n|move|p1a: Articuno|Ice Beam|p2a: Chansey\n|-damage|p2a: Chansey|82/100\n|move|p2a: Chansey|Seismic Toss|p1a: Articuno\n|-damage|p1a: Articuno|0 fnt\n|faint|p1a: Articuno\n|\n|t:|1780956853\n|switch|p1a: Tauros|Tauros|17/100\n|turn|43\n|\n|t:|1780956859\n|move|p1a: Tauros|Hyper Beam|p2a: Chansey\n|-crit|p2a: Chansey\n|-damage|p2a: Chansey|0 fnt\n|faint|p2a: Chansey\n|\n|t:|1780956861\n|switch|p2a: Starmie|Starmie|62/100\n|turn|44\n|\n|t:|1780956864\n|switch|p1a: Exeggutor|Exeggutor|41/100 par\n|move|p2a: Starmie|Surf|p1a: Exeggutor\n|-resisted|p1a: Exeggutor\n|-damage|p1a: Exeggutor|28/100 par\n|\n|upkeep\n|turn|45\n|\n|t:|1780956872\n|switch|p2a: Exeggutor|Exeggutor|87/100 slp\n|switch|p1a: Tauros|Tauros|17/100\n|\n|upkeep\n|turn|46\n|\n|t:|1780956876\n|move|p1a: Tauros|Body Slam|p2a: Exeggutor\n|-crit|p2a: Exeggutor\n|-damage|p2a: Exeggutor|31/100 slp\n|cant|p2a: Exeggutor|slp\n|\n|upkeep\n|turn|47\n|\n|t:|1780956883\n|move|p1a: Tauros|Body Slam|p2a: Exeggutor\n|-damage|p2a: Exeggutor|3/100 slp\n|cant|p2a: Exeggutor|slp\n|\n|upkeep\n|turn|48\n|\n|t:|1780956885\n|move|p1a: Tauros|Body Slam|p2a: Exeggutor\n|-damage|p2a: Exeggutor|0 fnt\n|faint|p2a: Exeggutor\n|\n|t:|1780956887\n|switch|p2a: Starmie|Starmie|62/100\n|turn|49\n|\n|t:|1780956899\n|switch|p1a: Snorlax|Snorlax|14/100 par\n|move|p2a: Starmie|Surf|p1a: Snorlax\n|-damage|p1a: Snorlax|0 fnt\n|faint|p1a: Snorlax\n|\n|t:|1780956901\n|switch|p1a: Exeggutor|Exeggutor|28/100 par\n|turn|50\n|inactive|longestbanana has 270 seconds left.\n|inactive|gamebooadvanced has 270 seconds left.\n|inactive|gamebooadvanced has 240 seconds left.\n|\n|t:|1780956973\n|move|p2a: Starmie|Recover|p2a: Starmie\n|-heal|p2a: Starmie|100/100\n|move|p1a: Exeggutor|Sleep Powder|p2a: Starmie|[miss]\n|-miss|p1a: Exeggutor\n|\n|upkeep\n|turn|51\n|\n|t:|1780956982\n|move|p2a: Starmie|Surf|p1a: Exeggutor\n|-resisted|p1a: Exeggutor\n|-damage|p1a: Exeggutor|16/100 par\n|move|p1a: Exeggutor|Psychic|p2a: Starmie\n|-resisted|p2a: Starmie\n|-damage|p2a: Starmie|81/100\n|\n|upkeep\n|turn|52\n|inactive|gamebooadvanced has 240 seconds left.\n|inactive|longestbanana has 240 seconds left.\n|\n|t:|1780957015\n|move|p2a: Starmie|Recover|p2a: Starmie\n|-heal|p2a: Starmie|100/100\n|move|p1a: Exeggutor|Sleep Powder|p2a: Starmie\n|-status|p2a: Starmie|slp|[from] move: Sleep Powder\n|\n|upkeep\n|turn|53\n|\n|t:|1780957023\n|cant|p2a: Starmie|slp\n|cant|p1a: Exeggutor|par\n|\n|upkeep\n|turn|54\n|\n|t:|1780957028\n|cant|p2a: Starmie|slp\n|move|p1a: Exeggutor|Psychic|p2a: Starmie\n|-resisted|p2a: Starmie\n|-damage|p2a: Starmie|81/100 slp\n|\n|upkeep\n|turn|55\n|\n|t:|1780957031\n|cant|p2a: Starmie|slp\n|cant|p1a: Exeggutor|par\n|\n|upkeep\n|turn|56\n|\n|t:|1780957035\n|cant|p2a: Starmie|slp\n|cant|p1a: Exeggutor|par\n|\n|upkeep\n|turn|57\n|\n|t:|1780957037\n|-curestatus|p2a: Starmie|slp|[msg]\n|move|p1a: Exeggutor|Explosion|p2a: Starmie\n|-damage|p2a: Starmie|0 fnt\n|faint|p2a: Starmie\n|faint|p1a: Exeggutor\n|\n|t:|1780957040\n|switch|p2a: Tauros|Tauros|39/100\n|switch|p1a: Tauros|Tauros|17/100\n|turn|58\n|c|☆longestbanana|please\n|c|☆longestbanana|i love you tauros\n|\n|t:|1780957047\n|move|p1a: Tauros|Hyper Beam|p2a: Tauros\n|-damage|p2a: Tauros|0 fnt\n|faint|p2a: Tauros\n|\n|win|longestbanana\n|c|☆longestbanana|ggs\n|c|☆gamebooadvanced|ggs\n","uploadtime":1780957047,"views":"141","formatid":"gen1ou","rating":null,"private":0,"password":null}