{"id":"smogtours-gen1ou-967431","format":"[Gen 1] OU","players":["Laroxyl","Serpi"],"log":"|inactive|Battle timer is ON: inactive players will automatically lose when time's up.\n|t:|1788105247\n|gametype|singles\n|player|p1|Laroxyl|#wcop2026italy2|\n|player|p2|Serpi|#rbywc2023|\n|gen|1\n|tier|[Gen 1] OU\n|rule|Desync Clause Mod: Desyncs resolve to link battle behavior from the acting player's perspective.\n|rule|HP Percentage Mod: HP is shown in percentages\n|rule|Endless Battle Clause: Forcing endless battles is banned\n|rule|Sleep Clause Mod: Limit one foe put to sleep\n|rule|Freeze Clause Mod: Limit one foe frozen\n|rule|Species Clause: Limit one of each Pokémon\n|rule|OHKO Clause: OHKO moves are banned\n|rule|Evasion Moves Clause: Evasion moves are banned\n|\n|t:|1788105247\n|teamsize|p1|6\n|teamsize|p2|6\n|start\n|switch|p1a: Jynx|Jynx|100/100\n|switch|p2a: Gengar|Gengar|100/100\n|turn|1\n|c|☆Serpi|hf\n|c|☆Laroxyl|hf\n|\n|t:|1788105267\n|move|p2a: Gengar|Explosion|p1a: Jynx\n|-crit|p1a: Jynx\n|-damage|p1a: Jynx|0 fnt\n|faint|p1a: Jynx\n|faint|p2a: Gengar\n|inactive|Serpi has 270 seconds left.\n|\n|t:|1788105309\n|switch|p2a: Jynx|Jynx|100/100\n|switch|p1a: Tauros|Tauros|100/100\n|turn|2\n|inactive|Laroxyl has 270 seconds left.\n|\n|t:|1788105339\n|move|p1a: Tauros|Body Slam|p2a: Jynx\n|-damage|p2a: Jynx|52/100\n|move|p2a: Jynx|Lovely Kiss|p1a: Tauros\n|-status|p1a: Tauros|slp|[from] move: Lovely Kiss\n|\n|upkeep\n|turn|3\n|\n|t:|1788105349\n|switch|p1a: Chansey|Chansey|100/100\n|move|p2a: Jynx|Blizzard|p1a: Chansey\n|-damage|p1a: Chansey|82/100\n|\n|upkeep\n|turn|4\n|\n|t:|1788105356\n|move|p2a: Jynx|Blizzard|p1a: Chansey\n|-damage|p1a: Chansey|64/100\n|move|p1a: Chansey|Seismic Toss|p2a: Jynx\n|-damage|p2a: Jynx|22/100\n|\n|upkeep\n|turn|5\n|\n|t:|1788105371\n|move|p2a: Jynx|Blizzard|p1a: Chansey\n|-crit|p1a: Chansey\n|-damage|p1a: Chansey|29/100\n|move|p1a: Chansey|Soft-Boiled|p1a: Chansey\n|-heal|p1a: Chansey|79/100\n|\n|upkeep\n|turn|6\n|\n|t:|1788105385\n|move|p2a: Jynx|Blizzard|p1a: Chansey\n|-damage|p1a: Chansey|61/100\n|move|p1a: Chansey|Soft-Boiled|p1a: Chansey\n|-heal|p1a: Chansey|100/100\n|\n|upkeep\n|turn|7\n|\n|t:|1788105390\n|move|p2a: Jynx|Rest|p2a: Jynx\n|-status|p2a: Jynx|slp|[from] move: Rest\n|-heal|p2a: Jynx|100/100 slp|[silent]\n|move|p1a: Chansey|Seismic Toss|p2a: Jynx\n|-damage|p2a: Jynx|70/100 slp\n|\n|upkeep\n|turn|8\n|\n|t:|1788105396\n|cant|p2a: Jynx|slp\n|move|p1a: Chansey|Seismic Toss|p2a: Jynx\n|-damage|p2a: Jynx|40/100 slp\n|\n|upkeep\n|turn|9\n|\n|t:|1788105403\n|-curestatus|p2a: Jynx|slp|[msg]\n|move|p1a: Chansey|Thunder Wave|p2a: Jynx\n|-status|p2a: Jynx|par\n|\n|upkeep\n|turn|10\n|\n|t:|1788105405\n|move|p1a: Chansey|Seismic Toss|p2a: Jynx\n|-damage|p2a: Jynx|10/100 par\n|move|p2a: Jynx|Rest|p2a: Jynx\n|-status|p2a: Jynx|slp|[from] move: Rest\n|-heal|p2a: Jynx|100/100 slp|[silent]\n|\n|upkeep\n|turn|11\n|\n|t:|1788105409\n|move|p1a: Chansey|Seismic Toss|p2a: Jynx\n|-damage|p2a: Jynx|70/100 slp\n|cant|p2a: Jynx|slp\n|\n|upkeep\n|turn|12\n|\n|t:|1788105411\n|move|p1a: Chansey|Seismic Toss|p2a: Jynx\n|-damage|p2a: Jynx|40/100 slp\n|-curestatus|p2a: Jynx|slp|[msg]\n|\n|upkeep\n|turn|13\n|\n|t:|1788105422\n|switch|p1a: Snorlax|Snorlax|100/100\n|move|p2a: Jynx|Rest|p2a: Jynx\n|-status|p2a: Jynx|slp|[from] move: Rest\n|-heal|p2a: Jynx|100/100 slp|[silent]\n|\n|upkeep\n|turn|14\n|\n|t:|1788105440\n|switch|p1a: Exeggutor|Exeggutor|100/100\n|switch|p2a: Snorlax|Snorlax|100/100\n|\n|upkeep\n|turn|15\n|\n|t:|1788105443\n|switch|p2a: Jynx|Jynx|100/100 slp\n|move|p1a: Exeggutor|Psychic|p2a: Jynx\n|-resisted|p2a: Jynx\n|-damage|p2a: Jynx|82/100 slp\n|\n|upkeep\n|turn|16\n|\n|t:|1788105447\n|cant|p2a: Jynx|slp\n|move|p1a: Exeggutor|Psychic|p2a: Jynx\n|-resisted|p2a: Jynx\n|-damage|p2a: Jynx|62/100 slp\n|-unboost|p2a: Jynx|spa|1\n|-unboost|p2a: Jynx|spd|1\n|\n|upkeep\n|turn|17\n|\n|t:|1788105468\n|-curestatus|p2a: Jynx|slp|[msg]\n|move|p1a: Exeggutor|Sleep Powder|p2a: Jynx\n|-status|p2a: Jynx|slp|[from] move: Sleep Powder\n|\n|upkeep\n|turn|18\n|\n|t:|1788105480\n|cant|p2a: Jynx|slp\n|move|p1a: Exeggutor|Stun Spore|p2a: Jynx\n|-fail|p2a: Jynx\n|\n|upkeep\n|turn|19\n|\n|t:|1788105486\n|switch|p2a: Starmie|Starmie|100/100\n|move|p1a: Exeggutor|Stun Spore|p2a: Starmie\n|-status|p2a: Starmie|par\n|\n|upkeep\n|turn|20\n|inactive|Laroxyl has 270 seconds left.\n|\n|t:|1788105524\n|switch|p1a: Chansey|Chansey|100/100\n|move|p2a: Starmie|Thunder Wave|p1a: Chansey\n|-status|p1a: Chansey|par\n|\n|upkeep\n|turn|21\n|inactive|Laroxyl has 270 seconds left.\n|\n|t:|1788105546\n|cant|p2a: Starmie|par\n|cant|p1a: Chansey|par\n|\n|upkeep\n|turn|22\n|\n|t:|1788105553\n|move|p2a: Starmie|Psychic|p1a: Chansey\n|-damage|p1a: Chansey|87/100 par\n|-unboost|p1a: Chansey|spa|1\n|-unboost|p1a: Chansey|spd|1\n|move|p1a: Chansey|Seismic Toss|p2a: Starmie\n|-damage|p2a: Starmie|70/100 par\n|\n|upkeep\n|turn|23\n|\n|t:|1788105557\n|cant|p2a: Starmie|par\n|move|p1a: Chansey|Seismic Toss|p2a: Starmie\n|-damage|p2a: Starmie|39/100 par\n|\n|upkeep\n|turn|24\n|\n|t:|1788105563\n|switch|p1a: Zapdos|Zapdos|100/100\n|move|p2a: Starmie|Recover|p2a: Starmie\n|-heal|p2a: Starmie|88/100 par\n|\n|upkeep\n|turn|25\n|\n|t:|1788105589\n|move|p1a: Zapdos|Thunderbolt|p2a: Starmie\n|-crit|p2a: Starmie\n|-supereffective|p2a: Starmie\n|-damage|p2a: Starmie|0 fnt\n|faint|p2a: Starmie\n|\n|t:|1788105600\n|switch|p2a: Snorlax|Snorlax|100/100\n|turn|26\n|inactive|Laroxyl has 270 seconds left.\n|inactive|Laroxyl has 240 seconds left.\n|inactive|Laroxyl has 210 seconds left.\n|\n|t:|1788105690\n|switch|p1a: Exeggutor|Exeggutor|100/100\n|move|p2a: Snorlax|Body Slam|p1a: Exeggutor\n|-damage|p1a: Exeggutor|68/100\n|\n|upkeep\n|turn|27\n|inactive|Laroxyl has 210 seconds left.\n|inactive|Laroxyl has 180 seconds left.\n|\n|t:|1788105727\n|move|p1a: Exeggutor|Psychic|p2a: Snorlax\n|-damage|p2a: Snorlax|70/100\n|move|p2a: Snorlax|Body Slam|p1a: Exeggutor\n|-damage|p1a: Exeggutor|40/100\n|\n|upkeep\n|turn|28\n|inactive|Laroxyl has 180 seconds left.\n|\n|t:|1788105747\n|switch|p2a: Jynx|Jynx|62/100 slp\n|move|p1a: Exeggutor|Psychic|p2a: Jynx\n|-resisted|p2a: Jynx\n|-damage|p2a: Jynx|42/100 slp\n|\n|upkeep\n|turn|29\n|\n|t:|1788105754\n|-curestatus|p2a: Jynx|slp|[msg]\n|move|p1a: Exeggutor|Psychic|p2a: Jynx\n|-crit|p2a: Jynx\n|-resisted|p2a: Jynx\n|-damage|p2a: Jynx|5/100\n|-unboost|p2a: Jynx|spa|1\n|-unboost|p2a: Jynx|spd|1\n|\n|upkeep\n|turn|30\n|inactive|Laroxyl has 180 seconds left.\n|inactive|Laroxyl has 150 seconds left.\n|\n|t:|1788105795\n|switch|p1a: Chansey|Chansey|87/100 par\n|move|p2a: Jynx|Blizzard|p1a: Chansey\n|-damage|p1a: Chansey|75/100 par\n|\n|upkeep\n|turn|31\n|inactive|Laroxyl has 150 seconds left.\n|inactive|Serpi has 270 seconds left.\n|\n|t:|1788105823\n|switch|p2a: Snorlax|Snorlax|70/100\n|move|p1a: Chansey|Thunder Wave|p2a: Snorlax\n|-status|p2a: Snorlax|par\n|\n|upkeep\n|turn|32\n|inactive|Laroxyl has 150 seconds left.\n|\n|t:|1788105843\n|switch|p1a: Exeggutor|Exeggutor|40/100\n|move|p2a: Snorlax|Body Slam|p1a: Exeggutor\n|-damage|p1a: Exeggutor|12/100\n|-status|p1a: Exeggutor|par\n|\n|upkeep\n|turn|33\n|\n|t:|1788105861\n|switch|p2a: Jynx|Jynx|5/100\n|cant|p1a: Exeggutor|par\n|\n|upkeep\n|turn|34\n|\n|t:|1788105869\n|switch|p1a: Chansey|Chansey|75/100 par\n|move|p2a: Jynx|Blizzard|p1a: Chansey\n|-damage|p1a: Chansey|55/100 par\n|\n|upkeep\n|turn|35\n|inactive|Serpi has 270 seconds left.\n|\n|t:|1788105883\n|switch|p2a: Snorlax|Snorlax|70/100 par\n|cant|p1a: Chansey|par\n|\n|upkeep\n|turn|36\n|inactive|Laroxyl has 150 seconds left.\n|\n|t:|1788105898\n|switch|p1a: Snorlax|Snorlax|100/100\n|move|p2a: Snorlax|Body Slam|p1a: Snorlax\n|-damage|p1a: Snorlax|73/100\n|\n|upkeep\n|turn|37\n|inactive|Laroxyl has 150 seconds left.\n|inactive|Serpi has 270 seconds left.\n|\n|t:|1788105921\n|move|p1a: Snorlax|Body Slam|p2a: Snorlax\n|-damage|p2a: Snorlax|43/100 par\n|move|p2a: Snorlax|Body Slam|p1a: Snorlax\n|-damage|p1a: Snorlax|45/100\n|\n|upkeep\n|turn|38\n|inactive|Serpi has 270 seconds left.\n|\n|t:|1788105931\n|move|p1a: Snorlax|Body Slam|p2a: Snorlax\n|-damage|p2a: Snorlax|18/100 par\n|move|p2a: Snorlax|Self-Destruct|p1a: Snorlax\n|-damage|p1a: Snorlax|0 fnt\n|faint|p1a: Snorlax\n|faint|p2a: Snorlax\n|inactive|Serpi has 270 seconds left.\n|\n|t:|1788105945\n|switch|p1a: Zapdos|Zapdos|100/100\n|switch|p2a: Zapdos|Zapdos|100/100\n|turn|39\n|inactive|Serpi has 270 seconds left.\n|inactive|Laroxyl has 120 seconds left.\n|\n|t:|1788105986\n|move|p2a: Zapdos|Thunderbolt|p1a: Zapdos\n|-damage|p1a: Zapdos|73/100\n|move|p1a: Zapdos|Thunder Wave|p2a: Zapdos\n|-status|p2a: Zapdos|par\n|\n|upkeep\n|turn|40\n|\n|t:|1788105994\n|move|p1a: Zapdos|Thunderbolt|p2a: Zapdos\n|-damage|p2a: Zapdos|69/100 par\n|cant|p2a: Zapdos|par\n|\n|upkeep\n|turn|41\n|inactive|Laroxyl has 120 seconds left.\n|\n|t:|1788106000\n|move|p1a: Zapdos|Thunderbolt|p2a: Zapdos\n|-damage|p2a: Zapdos|39/100 par\n|move|p2a: Zapdos|Thunderbolt|p1a: Zapdos\n|-damage|p1a: Zapdos|44/100\n|\n|upkeep\n|turn|42\n|inactive|Laroxyl has 120 seconds left.\n|\n|t:|1788106018\n|switch|p1a: Exeggutor|Exeggutor|12/100 par\n|move|p2a: Zapdos|Thunderbolt|p1a: Exeggutor\n|-resisted|p1a: Exeggutor\n|-damage|p1a: Exeggutor|0 fnt\n|faint|p1a: Exeggutor\n|\n|t:|1788106022\n|switch|p1a: Chansey|Chansey|55/100 par\n|turn|43\n|inactive|Serpi has 270 seconds left.\n|\n|t:|1788106072\n|move|p2a: Zapdos|Drill Peck|p1a: Chansey\n|-damage|p1a: Chansey|20/100 par\n|move|p1a: Chansey|Soft-Boiled|p1a: Chansey\n|-heal|p1a: Chansey|70/100 par\n|\n|upkeep\n|turn|44\n|\n|t:|1788106077\n|move|p2a: Zapdos|Drill Peck|p1a: Chansey\n|-damage|p1a: Chansey|35/100 par\n|cant|p1a: Chansey|par\n|\n|upkeep\n|turn|45\n|\n|t:|1788106081\n|cant|p2a: Zapdos|par\n|cant|p1a: Chansey|par\n|\n|upkeep\n|turn|46\n|\n|t:|1788106082\n|cant|p2a: Zapdos|par\n|cant|p1a: Chansey|par\n|\n|upkeep\n|turn|47\n|\n|t:|1788106085\n|move|p2a: Zapdos|Drill Peck|p1a: Chansey\n|-crit|p1a: Chansey\n|-damage|p1a: Chansey|0 fnt\n|faint|p1a: Chansey\n|c|☆Laroxyl|Well\n|\n|t:|1788106098\n|switch|p1a: Zapdos|Zapdos|44/100\n|turn|48\n|\n|t:|1788106107\n|move|p1a: Zapdos|Agility|p1a: Zapdos\n|-boost|p1a: Zapdos|spe|2\n|move|p2a: Zapdos|Thunderbolt|p1a: Zapdos\n|-damage|p1a: Zapdos|16/100\n|\n|upkeep\n|turn|49\n|\n|t:|1788106112\n|move|p1a: Zapdos|Thunderbolt|p2a: Zapdos\n|-damage|p2a: Zapdos|8/100 par\n|move|p2a: Zapdos|Thunderbolt|p1a: Zapdos\n|-damage|p1a: Zapdos|0 fnt\n|faint|p1a: Zapdos\n|inactive|Laroxyl has 180 seconds left.\n|c|☆Laroxyl|Got nothing in this game\n|\n|t:|1788106123\n|switch|p1a: Tauros|Tauros|100/100 slp\n|turn|50\n|\n|t:|1788106125\n|cant|p1a: Tauros|slp\n|move|p2a: Zapdos|Thunderbolt|p1a: Tauros\n|-crit|p1a: Tauros\n|-damage|p1a: Tauros|16/100 slp\n|\n|upkeep\n|turn|51\n|\n|t:|1788106129\n|cant|p1a: Tauros|slp\n|move|p2a: Zapdos|Thunderbolt|p1a: Tauros\n|-damage|p1a: Tauros|0 fnt\n|faint|p1a: Tauros\n|\n|win|Serpi\n","uploadtime":1788106129,"views":"68","formatid":"gen1ou","rating":null,"private":0,"password":null}