{"id":"smogtours-gen1ou-822692","format":"[Gen 1] OU","players":["Serpi n_n","Isza"],"log":"|inactive|Battle timer is ON: inactive players will automatically lose when time's up.\n|t:|1740870099\n|gametype|singles\n|player|p1|Serpi n_n|#splxviraiders|\n|player|p2|Isza|#splxiiclassiest|\n|teamsize|p1|6\n|teamsize|p2|6\n|gen|1\n|tier|[Gen 1] OU\n|rule|Desync Clause Mod: Desyncs changed to move failure.\n|rule|Sleep Clause Mod: Limit one foe put to sleep\n|rule|Freeze Clause Mod: Limit one foe frozen\n|rule|Species Clause: Limit one of each Pokémon\n|rule|OHKO Clause: OHKO moves are banned\n|rule|Evasion Moves Clause: Evasion moves are banned\n|rule|Endless Battle Clause: Forcing endless battles is banned\n|rule|HP Percentage Mod: HP is shown in percentages\n|\n|t:|1740870099\n|start\n|switch|p1a: Exeggutor|Exeggutor|100/100\n|switch|p2a: Starmie|Starmie|100/100\n|turn|1\n|c|☆Serpi n_n|hf\n|c|☆Isza|You as well\n|inactive|Isza has 270 seconds left.\n|\n|t:|1740870156\n|switch|p2a: Gengar|Gengar|100/100\n|move|p1a: Exeggutor|Sleep Powder|p2a: Gengar\n|-status|p2a: Gengar|slp|[from] move: Sleep Powder\n|\n|upkeep\n|turn|2\n|\n|t:|1740870163\n|switch|p2a: Exeggutor|Exeggutor|100/100\n|move|p1a: Exeggutor|Stun Spore|p2a: Exeggutor\n|-status|p2a: Exeggutor|par\n|\n|upkeep\n|turn|3\n|\n|t:|1740870181\n|move|p1a: Exeggutor|Explosion|p2a: Exeggutor\n|-damage|p2a: Exeggutor|27/100 par\n|faint|p1a: Exeggutor\n|inactive|Serpi n_n has 270 seconds left.\n|rated|Smogon Premier League\n|inactive|Serpi n_n has 240 seconds left.\n|\n|t:|1740870258\n|switch|p1a: Zapdos|Zapdos|100/100\n|turn|4\n|inactive|Isza has 270 seconds left.\n|inactive|Isza has 240 seconds left.\n|\n|t:|1740870329\n|switch|p2a: Chansey|Chansey|100/100\n|move|p1a: Zapdos|Drill Peck|p2a: Chansey\n|-crit|p2a: Chansey\n|-damage|p2a: Chansey|30/100\n|\n|upkeep\n|turn|5\n|\n|t:|1740870346\n|switch|p2a: Starmie|Starmie|100/100\n|move|p1a: Zapdos|Thunderbolt|p2a: Starmie\n|-crit|p2a: Starmie\n|-supereffective|p2a: Starmie\n|-damage|p2a: Starmie|0 fnt\n|faint|p2a: Starmie\n|\n|t:|1740870361\n|switch|p2a: Snorlax|Snorlax|100/100\n|turn|6\n|\n|t:|1740870372\n|switch|p1a: Chansey|Chansey|100/100\n|move|p2a: Snorlax|Body Slam|p1a: Chansey\n|-damage|p1a: Chansey|57/100\n|\n|upkeep\n|turn|7\n|\n|t:|1740870386\n|move|p1a: Chansey|Thunder Wave|p2a: Snorlax\n|-status|p2a: Snorlax|par\n|move|p2a: Snorlax|Body Slam|p1a: Chansey\n|-damage|p1a: Chansey|17/100\n|\n|upkeep\n|turn|8\n|inactive|Serpi n_n has 210 seconds left.\n|inactive|Serpi n_n has 180 seconds left.\n|\n|t:|1740870457\n|switch|p1a: Cloyster|Cloyster|100/100\n|cant|p2a: Snorlax|par\n|\n|upkeep\n|turn|9\n|inactive|Isza has 240 seconds left.\n|\n|t:|1740870462\n|switch|p2a: Exeggutor|Exeggutor|27/100 par\n|move|p1a: Cloyster|Blizzard|p2a: Exeggutor|[miss]\n|-miss|p1a: Cloyster\n|\n|upkeep\n|turn|10\n|\n|t:|1740870466\n|move|p1a: Cloyster|Blizzard|p2a: Exeggutor\n|-supereffective|p2a: Exeggutor\n|-damage|p2a: Exeggutor|0 fnt\n|faint|p2a: Exeggutor\n|\n|t:|1740870474\n|switch|p2a: Gengar|Gengar|100/100 slp\n|turn|11\n|inactive|Serpi n_n has 180 seconds left.\n|\n|t:|1740870502\n|cant|p2a: Gengar|slp\n|move|p1a: Cloyster|Blizzard|p2a: Gengar|[miss]\n|-miss|p1a: Cloyster\n|\n|upkeep\n|turn|12\n|\n|t:|1740870505\n|cant|p2a: Gengar|slp\n|move|p1a: Cloyster|Blizzard|p2a: Gengar|[miss]\n|-miss|p1a: Cloyster\n|\n|upkeep\n|turn|13\n|\n|t:|1740870507\n|cant|p2a: Gengar|slp\n|move|p1a: Cloyster|Blizzard|p2a: Gengar\n|-damage|p2a: Gengar|69/100 slp\n|\n|upkeep\n|turn|14\n|\n|t:|1740870508\n|cant|p2a: Gengar|slp\n|move|p1a: Cloyster|Blizzard|p2a: Gengar\n|-damage|p2a: Gengar|38/100 slp\n|\n|upkeep\n|turn|15\n|\n|t:|1740870512\n|-curestatus|p2a: Gengar|slp|[msg]\n|move|p1a: Cloyster|Blizzard|p2a: Gengar\n|-damage|p2a: Gengar|6/100\n|\n|upkeep\n|turn|16\n|inactive|Serpi n_n has 210 seconds left.\n|\n|t:|1740870538\n|switch|p1a: Chansey|Chansey|17/100\n|move|p2a: Gengar|Hypnosis|p1a: Chansey|[miss]\n|-miss|p2a: Gengar\n|\n|upkeep\n|turn|17\n|inactive|Serpi n_n has 210 seconds left.\n|\n|t:|1740870559\n|move|p2a: Gengar|Hypnosis|p1a: Chansey|[miss]\n|-miss|p2a: Gengar\n|move|p1a: Chansey|Thunder Wave|p2a: Gengar\n|-status|p2a: Gengar|par\n|\n|upkeep\n|turn|18\n|\n|t:|1740870562\n|move|p1a: Chansey|Seismic Toss|p2a: Gengar\n|-damage|p2a: Gengar|0 fnt\n|faint|p2a: Gengar\n|\n|t:|1740870566\n|switch|p2a: Tauros|Tauros|100/100\n|turn|19\n|inactive|Serpi n_n has 210 seconds left.\n|\n|t:|1740870589\n|move|p2a: Tauros|Body Slam|p1a: Chansey\n|-damage|p1a: Chansey|0 fnt\n|faint|p1a: Chansey\n|\n|t:|1740870598\n|switch|p1a: Snorlax|Snorlax|100/100\n|turn|20\n|\n|t:|1740870609\n|move|p2a: Tauros|Blizzard|p1a: Snorlax\n|-crit|p1a: Snorlax\n|-damage|p1a: Snorlax|65/100\n|move|p1a: Snorlax|Body Slam|p2a: Tauros\n|-damage|p2a: Tauros|68/100\n|\n|upkeep\n|turn|21\n|inactive|Serpi n_n has 210 seconds left.\n|\n|t:|1740870626\n|move|p2a: Tauros|Body Slam|p1a: Snorlax\n|-crit|p1a: Snorlax\n|-damage|p1a: Snorlax|17/100\n|move|p1a: Snorlax|Self-Destruct|p2a: Tauros\n|-damage|p2a: Tauros|0 fnt\n|faint|p2a: Tauros\n|faint|p1a: Snorlax\n|inactive|Serpi n_n has 210 seconds left.\n|\n|t:|1740870637\n|switch|p2a: Chansey|Chansey|30/100\n|switch|p1a: Tauros|Tauros|100/100\n|turn|22\n|\n|t:|1740870639\n|switch|p2a: Snorlax|Snorlax|100/100 par\n|move|p1a: Tauros|Body Slam|p2a: Snorlax\n|-damage|p2a: Snorlax|74/100 par\n|\n|upkeep\n|turn|23\n|\n|t:|1740870654\n|move|p1a: Tauros|Body Slam|p2a: Snorlax\n|-damage|p2a: Snorlax|50/100 par\n|move|p2a: Snorlax|Reflect|p2a: Snorlax\n|-start|p2a: Snorlax|Reflect\n|\n|upkeep\n|turn|24\n|\n|t:|1740870662\n|switch|p1a: Cloyster|Cloyster|100/100\n|move|p2a: Snorlax|Body Slam|p1a: Cloyster\n|-damage|p1a: Cloyster|78/100\n|-status|p1a: Cloyster|par\n|\n|upkeep\n|turn|25\n|\n|t:|1740870669\n|cant|p1a: Cloyster|par\n|move|p2a: Snorlax|Rest|p2a: Snorlax\n|-status|p2a: Snorlax|slp|[from] move: Rest\n|-heal|p2a: Snorlax|100/100 slp|[silent]\n|\n|upkeep\n|turn|26\n|inactive|Serpi n_n has 240 seconds left.\n|\n|t:|1740870676\n|move|p1a: Cloyster|Explosion|p2a: Snorlax\n|-damage|p2a: Snorlax|71/100 slp\n|faint|p1a: Cloyster\n|\n|t:|1740870677\n|switch|p1a: Zapdos|Zapdos|100/100\n|turn|27\n|\n|t:|1740870679\n|move|p1a: Zapdos|Thunderbolt|p2a: Snorlax\n|-damage|p2a: Snorlax|36/100 slp\n|cant|p2a: Snorlax|slp\n|\n|upkeep\n|turn|28\n|\n|t:|1740870681\n|move|p1a: Zapdos|Thunderbolt|p2a: Snorlax\n|-damage|p2a: Snorlax|3/100 slp\n|-curestatus|p2a: Snorlax|slp|[msg]\n|\n|upkeep\n|turn|29\n|\n|t:|1740870682\n|move|p1a: Zapdos|Drill Peck|p2a: Snorlax\n|-crit|p2a: Snorlax\n|-damage|p2a: Snorlax|0 fnt\n|faint|p2a: Snorlax\n|\n|t:|1740870684\n|switch|p2a: Chansey|Chansey|30/100\n|turn|30\n|\n|t:|1740870686\n|move|p1a: Zapdos|Drill Peck|p2a: Chansey\n|-damage|p2a: Chansey|0 fnt\n|faint|p2a: Chansey\n|\n|win|Serpi n_n\n|c|☆Serpi n_n|gg\n","uploadtime":1740870686,"views":"1826","formatid":"gen1ou","rating":null,"private":0,"password":null}