{"id":"smogtours-gen1ou-902504","format":"[Gen 1] OU","players":["Isza","Sceptross"],"log":"|inactive|Battle timer is ON: inactive players will automatically lose when time's up.\n|t:|1769360915\n|gametype|singles\n|player|p1|Isza|#rbywc2024|\n|player|p2|Sceptross|#splxviicryonicles2|\n|gen|1\n|tier|[Gen 1] OU\n|rule|Desync Clause Mod: Desyncs changed to move failure.\n|rule|Sleep Clause Mod: Limit one foe put to sleep\n|rule|Freeze Clause Mod: Limit one foe frozen\n|rule|Species Clause: Limit one of each Pokémon\n|rule|OHKO Clause: OHKO moves are banned\n|rule|Evasion Moves Clause: Evasion moves are banned\n|rule|Endless Battle Clause: Forcing endless battles is banned\n|rule|HP Percentage Mod: HP is shown in percentages\n|\n|t:|1769360915\n|teamsize|p1|6\n|teamsize|p2|6\n|start\n|switch|p1a: 3D(No Video Proof)|Starmie|100/100\n|switch|p2a: Starmie|Starmie|100/100\n|turn|1\n|c|☆Sceptross|gl hf\n|rated|Smogon Premier League\n|c|☆Isza|hf\n|inactive|Isza has 270 seconds left.\n|inactive|Isza has 240 seconds left.\n|\n|t:|1769360988\n|switch|p2a: Chansey|Chansey|100/100\n|move|p1a: 3D(No Video Proof)|Blizzard|p2a: Chansey\n|-damage|p2a: Chansey|88/100\n|\n|upkeep\n|turn|2\n|\n|t:|1769361003\n|move|p1a: 3D(No Video Proof)|Blizzard|p2a: Chansey\n|-damage|p2a: Chansey|75/100\n|move|p2a: Chansey|Sing|p1a: 3D(No Video Proof)|[miss]\n|-miss|p2a: Chansey\n|\n|upkeep\n|turn|3\n|\n|t:|1769361010\n|move|p1a: 3D(No Video Proof)|Blizzard|p2a: Chansey|[miss]\n|-miss|p1a: 3D(No Video Proof)\n|move|p2a: Chansey|Sing|p1a: 3D(No Video Proof)|[miss]\n|-miss|p2a: Chansey\n|\n|upkeep\n|turn|4\n|\n|t:|1769361017\n|move|p1a: 3D(No Video Proof)|Psychic|p2a: Chansey\n|-crit|p2a: Chansey\n|-damage|p2a: Chansey|46/100\n|move|p2a: Chansey|Sing|p1a: 3D(No Video Proof)\n|-status|p1a: 3D(No Video Proof)|slp|[from] move: Sing\n|\n|upkeep\n|turn|5\n|inactive|Sceptross has 270 seconds left.\n|\n|t:|1769361055\n|switch|p1a: Exeggutor|Exeggutor|100/100\n|move|p2a: Chansey|Seismic Toss|p1a: Exeggutor\n|-damage|p1a: Exeggutor|75/100\n|\n|upkeep\n|turn|6\n|inactive|Sceptross has 270 seconds left.\n|\n|t:|1769361062\n|move|p1a: Exeggutor|Sleep Powder|p2a: Chansey\n|-status|p2a: Chansey|slp|[from] move: Sleep Powder\n|cant|p2a: Chansey|slp\n|\n|upkeep\n|turn|7\n|inactive|Sceptross has 270 seconds left.\n|inactive|Isza has 270 seconds left.\n|\n|t:|1769361094\n|switch|p2a: Exeggutor|Exeggutor|100/100\n|move|p1a: Exeggutor|Psychic|p2a: Exeggutor\n|-resisted|p2a: Exeggutor\n|-damage|p2a: Exeggutor|88/100\n|\n|upkeep\n|turn|8\n|inactive|Isza has 270 seconds left.\n|inactive|Isza has 240 seconds left.\n|\n|t:|1769361149\n|switch|p1a: Chansey|Chansey|100/100\n|move|p2a: Exeggutor|Stun Spore|p1a: Chansey\n|-status|p1a: Chansey|par\n|\n|upkeep\n|turn|9\n|\n|t:|1769361181\n|switch|p2a: Chansey|Chansey|46/100 slp\n|move|p1a: Chansey|Ice Beam|p2a: Chansey\n|-damage|p2a: Chansey|36/100 slp\n|\n|upkeep\n|turn|10\n|inactive|Isza has 210 seconds left.\n|\n|t:|1769361200\n|switch|p2a: Snorlax|Snorlax|100/100\n|move|p1a: Chansey|Thunder Wave|p2a: Snorlax\n|-status|p2a: Snorlax|par\n|\n|upkeep\n|turn|11\n|inactive|Isza has 210 seconds left.\n|\n|t:|1769361214\n|switch|p1a: Snorlax|Snorlax|100/100\n|move|p2a: Snorlax|Reflect|p2a: Snorlax\n|-start|p2a: Snorlax|Reflect\n|\n|upkeep\n|turn|12\n|\n|t:|1769361221\n|move|p1a: Snorlax|Reflect|p1a: Snorlax\n|-start|p1a: Snorlax|Reflect\n|cant|p2a: Snorlax|par\n|\n|upkeep\n|turn|13\n|\n|t:|1769361226\n|move|p1a: Snorlax|Body Slam|p2a: Snorlax\n|-damage|p2a: Snorlax|88/100 par\n|move|p2a: Snorlax|Body Slam|p1a: Snorlax\n|-damage|p1a: Snorlax|88/100\n|\n|upkeep\n|turn|14\n|\n|t:|1769361233\n|move|p1a: Snorlax|Body Slam|p2a: Snorlax\n|-damage|p2a: Snorlax|75/100 par\n|move|p2a: Snorlax|Body Slam|p1a: Snorlax\n|-damage|p1a: Snorlax|75/100\n|\n|upkeep\n|turn|15\n|inactive|Sceptross has 270 seconds left.\n|\n|t:|1769361246\n|move|p1a: Snorlax|Body Slam|p2a: Snorlax\n|-damage|p2a: Snorlax|62/100 par\n|move|p2a: Snorlax|Rest|p2a: Snorlax\n|-status|p2a: Snorlax|slp|[from] move: Rest\n|-heal|p2a: Snorlax|100/100 slp|[silent]\n|\n|upkeep\n|turn|16\n|inactive|Isza has 240 seconds left.\n|\n|t:|1769361255\n|switch|p1a: Exeggutor|Exeggutor|75/100\n|cant|p2a: Snorlax|slp\n|\n|upkeep\n|turn|17\n|inactive|Sceptross has 270 seconds left.\n|\n|t:|1769361295\n|switch|p2a: Exeggutor|Exeggutor|88/100\n|move|p1a: Exeggutor|Psychic|p2a: Exeggutor\n|-resisted|p2a: Exeggutor\n|-damage|p2a: Exeggutor|74/100\n|\n|upkeep\n|turn|18\n|\n|t:|1769361307\n|switch|p1a: Chansey|Chansey|100/100 par\n|move|p2a: Exeggutor|Psychic|p1a: Chansey\n|-crit|p1a: Chansey\n|-damage|p1a: Chansey|69/100 par\n|-unboost|p1a: Chansey|spa|1\n|-unboost|p1a: Chansey|spd|1\n|\n|upkeep\n|turn|19\n|\n|t:|1769361318\n|switch|p2a: Snorlax|Snorlax|100/100 slp\n|move|p1a: Chansey|Soft-Boiled|p1a: Chansey\n|-heal|p1a: Chansey|100/100 par\n|\n|upkeep\n|turn|20\n|inactive|Isza has 270 seconds left.\n|\n|t:|1769361327\n|-curestatus|p2a: Snorlax|slp|[msg]\n|move|p1a: Chansey|Thunder Wave|p2a: Snorlax\n|-status|p2a: Snorlax|par\n|\n|upkeep\n|turn|21\n|inactive|Isza has 270 seconds left.\n|\n|t:|1769361357\n|switch|p1a: Snorlax|Snorlax|75/100\n|move|p2a: Snorlax|Reflect|p2a: Snorlax\n|-start|p2a: Snorlax|Reflect\n|\n|upkeep\n|turn|22\n|\n|t:|1769361362\n|move|p1a: Snorlax|Reflect|p1a: Snorlax\n|-start|p1a: Snorlax|Reflect\n|move|p2a: Snorlax|Body Slam|p1a: Snorlax\n|-damage|p1a: Snorlax|61/100\n|\n|upkeep\n|turn|23\n|inactive|Isza has 270 seconds left.\n|inactive|Sceptross has 270 seconds left.\n|\n|t:|1769361374\n|move|p1a: Snorlax|Body Slam|p2a: Snorlax\n|-damage|p2a: Snorlax|87/100 par\n|move|p2a: Snorlax|Rest|p2a: Snorlax\n|-status|p2a: Snorlax|slp|[from] move: Rest\n|-heal|p2a: Snorlax|100/100 slp|[silent]\n|\n|upkeep\n|turn|24\n|inactive|Sceptross has 270 seconds left.\n|\n|t:|1769361382\n|move|p1a: Snorlax|Rest|p1a: Snorlax\n|-status|p1a: Snorlax|slp|[from] move: Rest\n|-heal|p1a: Snorlax|100/100 slp|[silent]\n|cant|p2a: Snorlax|slp\n|\n|upkeep\n|turn|25\n|inactive|Sceptross has 270 seconds left.\n|\n|t:|1769361406\n|cant|p1a: Snorlax|slp\n|-curestatus|p2a: Snorlax|slp|[msg]\n|\n|upkeep\n|turn|26\n|\n|t:|1769361410\n|-curestatus|p1a: Snorlax|slp|[msg]\n|move|p2a: Snorlax|Body Slam|p1a: Snorlax\n|-damage|p1a: Snorlax|87/100\n|\n|upkeep\n|turn|27\n|\n|t:|1769361419\n|move|p1a: Snorlax|Body Slam|p2a: Snorlax\n|-crit|p2a: Snorlax\n|-damage|p2a: Snorlax|53/100\n|move|p2a: Snorlax|Body Slam|p1a: Snorlax\n|-damage|p1a: Snorlax|74/100\n|\n|upkeep\n|turn|28\n|\n|t:|1769361449\n|move|p1a: Snorlax|Body Slam|p2a: Snorlax\n|-crit|p2a: Snorlax\n|-damage|p2a: Snorlax|4/100\n|move|p2a: Snorlax|Body Slam|p1a: Snorlax\n|-damage|p1a: Snorlax|60/100\n|\n|upkeep\n|turn|29\n|inactive|Isza has 270 seconds left.\n|\n|t:|1769361473\n|switch|p2a: Starmie|Starmie|100/100\n|move|p1a: Snorlax|Body Slam|p2a: Starmie\n|-damage|p2a: Starmie|61/100\n|\n|upkeep\n|turn|30\n|inactive|Isza has 270 seconds left.\n|inactive|Sceptross has 270 seconds left.\n|\n|t:|1769361491\n|switch|p1a: Chansey|Chansey|100/100 par\n|move|p2a: Starmie|Thunder Wave|p1a: Chansey\n|-fail|p1a: Chansey|par\n|\n|upkeep\n|turn|31\n|inactive|Isza has 270 seconds left.\n|\n|t:|1769361525\n|move|p2a: Starmie|Recover|p2a: Starmie\n|-heal|p2a: Starmie|100/100\n|move|p1a: Chansey|Ice Beam|p2a: Starmie\n|-resisted|p2a: Starmie\n|-damage|p2a: Starmie|89/100\n|\n|upkeep\n|turn|32\n|\n|t:|1769361540\n|move|p2a: Starmie|Psychic|p1a: Chansey\n|-damage|p1a: Chansey|86/100 par\n|cant|p1a: Chansey|par\n|\n|upkeep\n|turn|33\n|\n|t:|1769361550\n|move|p2a: Starmie|Psychic|p1a: Chansey\n|-damage|p1a: Chansey|72/100 par\n|move|p1a: Chansey|Thunder Wave|p2a: Starmie\n|-status|p2a: Starmie|par\n|\n|upkeep\n|turn|34\n|inactive|Isza has 270 seconds left.\n|\n|t:|1769361563\n|move|p2a: Starmie|Psychic|p1a: Chansey\n|-crit|p1a: Chansey\n|-damage|p1a: Chansey|44/100 par\n|move|p1a: Chansey|Thunderbolt|p2a: Starmie|[miss]\n|-miss|p1a: Chansey\n|-hint|In Gen 1, moves with 100% accuracy can still miss 1/256 of the time.\n|\n|upkeep\n|turn|35\n|inactive|Isza has 270 seconds left.\n|inactive|Sceptross has 270 seconds left.\n|inactive|Isza has 240 seconds left.\n|\n|t:|1769361646\n|switch|p2a: Rhydon|Rhydon|100/100\n|move|p1a: Chansey|Thunderbolt|p2a: Rhydon\n|-immune|p2a: Rhydon\n|\n|upkeep\n|turn|36\n|\n|t:|1769361659\n|switch|p1a: Exeggutor|Exeggutor|75/100\n|move|p2a: Rhydon|Body Slam|p1a: Exeggutor\n|-damage|p1a: Exeggutor|52/100\n|\n|upkeep\n|turn|37\n|inactive|Sceptross has 240 seconds left.\n|inactive|Isza has 210 seconds left.\n|\n|t:|1769361696\n|switch|p2a: Exeggutor|Exeggutor|74/100\n|move|p1a: Exeggutor|Psychic|p2a: Exeggutor\n|-resisted|p2a: Exeggutor\n|-damage|p2a: Exeggutor|61/100\n|\n|upkeep\n|turn|38\n|inactive|Isza has 210 seconds left.\n|inactive|Sceptross has 240 seconds left.\n|\n|t:|1769361707\n|move|p2a: Exeggutor|Psychic|p1a: Exeggutor\n|-resisted|p1a: Exeggutor\n|-damage|p1a: Exeggutor|39/100\n|-unboost|p1a: Exeggutor|spa|1\n|-unboost|p1a: Exeggutor|spd|1\n|move|p1a: Exeggutor|Explosion|p2a: Exeggutor\n|-damage|p2a: Exeggutor|0 fnt\n|faint|p2a: Exeggutor\n|faint|p1a: Exeggutor\n|inactive|Isza has 210 seconds left.\n|inactive|Sceptross has 240 seconds left.\n|inactive|Isza has 180 seconds left.\n|inactive|Sceptross has 210 seconds left.\n|inactive|Isza has 150 seconds left.\n|inactive|Sceptross has 180 seconds left.\n|\n|t:|1769361783\n|switch|p1a: Snorlax|Snorlax|60/100\n|switch|p2a: Rhydon|Rhydon|100/100\n|turn|39\n|inactive|Isza has 120 seconds left.\n|\n|t:|1769361834\n|move|p2a: Rhydon|Earthquake|p1a: Snorlax\n|-damage|p1a: Snorlax|26/100\n|move|p1a: Snorlax|Reflect|p1a: Snorlax\n|-start|p1a: Snorlax|Reflect\n|\n|upkeep\n|turn|40\n|inactive|Sceptross has 180 seconds left.\n|inactive|Isza has 90 seconds left.\n|inactive|Sceptross has 150 seconds left.\n|\n|t:|1769361898\n|move|p2a: Rhydon|Earthquake|p1a: Snorlax\n|-damage|p1a: Snorlax|10/100\n|move|p1a: Snorlax|Earthquake|p2a: Rhydon\n|-supereffective|p2a: Rhydon\n|-damage|p2a: Rhydon|62/100\n|\n|upkeep\n|turn|41\n|inactive|Sceptross has 150 seconds left.\n|\n|t:|1769361912\n|switch|p1a: Chansey|Chansey|44/100 par\n|move|p2a: Rhydon|Earthquake|p1a: Chansey\n|-damage|p1a: Chansey|0 fnt\n|faint|p1a: Chansey\n|\n|t:|1769361919\n|switch|p1a: Tauros|Tauros|100/100\n|turn|42\n|inactive|Sceptross has 150 seconds left.\n|inactive|Isza has 60 seconds left.\n|\n|t:|1769361952\n|switch|p2a: Chansey|Chansey|36/100 slp\n|move|p1a: Tauros|Blizzard|p2a: Chansey\n|-damage|p2a: Chansey|25/100 slp\n|\n|upkeep\n|turn|43\n|inactive|Isza has 60 seconds left.\n|\n|t:|1769361961\n|move|p1a: Tauros|Body Slam|p2a: Chansey\n|-damage|p2a: Chansey|0 fnt\n|faint|p2a: Chansey\n|\n|t:|1769361970\n|switch|p2a: Starmie|Starmie|89/100 par\n|turn|44\n|\n|t:|1769361994\n|switch|p1a: Zapdos|Zapdos|100/100\n|move|p2a: Starmie|Recover|p2a: Starmie\n|-heal|p2a: Starmie|100/100 par\n|\n|upkeep\n|turn|45\n|inactive|Isza has 60 seconds left.\n|inactive|Sceptross has 120 seconds left.\n|\n|t:|1769362039\n|switch|p1a: Tauros|Tauros|100/100\n|move|p2a: Starmie|Thunder Wave|p1a: Tauros\n|-status|p1a: Tauros|par\n|\n|upkeep\n|turn|46\n|inactive|Isza has 30 seconds left.\n|inactive|Sceptross has 90 seconds left.\n|inactive|Isza has 20 seconds left.\n|inactive|Isza has 15 seconds left.\n|\n|t:|1769362069\n|cant|p2a: Starmie|par\n|cant|p1a: Tauros|par\n|\n|upkeep\n|turn|47\n|inactive|Isza has 25 seconds left this turn.\n|\n|t:|1769362073\n|move|p2a: Starmie|Psychic|p1a: Tauros\n|-damage|p1a: Tauros|63/100 par\n|-unboost|p1a: Tauros|spa|1\n|-unboost|p1a: Tauros|spd|1\n|cant|p1a: Tauros|par\n|\n|upkeep\n|turn|48\n|inactive|Isza has 30 seconds left.\n|\n|t:|1769362079\n|switch|p1a: Zapdos|Zapdos|100/100\n|move|p2a: Starmie|Psychic|p1a: Zapdos\n|-crit|p1a: Zapdos\n|-damage|p1a: Zapdos|53/100\n|-unboost|p1a: Zapdos|spa|1\n|-unboost|p1a: Zapdos|spd|1\n|\n|upkeep\n|turn|49\n|\n|t:|1769362086\n|switch|p1a: Tauros|Tauros|63/100 par\n|switch|p2a: Rhydon|Rhydon|62/100\n|\n|upkeep\n|turn|50\n|\n|t:|1769362093\n|switch|p2a: Starmie|Starmie|100/100 par\n|move|p1a: Tauros|Body Slam|p2a: Starmie\n|-crit|p2a: Starmie\n|-damage|p2a: Starmie|38/100 par\n|\n|upkeep\n|turn|51\n|inactive|Sceptross has 120 seconds left.\n|\n|t:|1769362108\n|switch|p1a: 3D(No Video Proof)|Starmie|100/100 slp\n|move|p2a: Starmie|Psychic|p1a: 3D(No Video Proof)\n|-resisted|p1a: 3D(No Video Proof)\n|-damage|p1a: 3D(No Video Proof)|85/100 slp\n|\n|upkeep\n|turn|52\n|\n|t:|1769362132\n|cant|p1a: 3D(No Video Proof)|slp\n|move|p2a: Starmie|Recover|p2a: Starmie\n|-heal|p2a: Starmie|88/100 par\n|\n|upkeep\n|turn|53\n|\n|t:|1769362139\n|switch|p2a: Tauros|Tauros|100/100\n|cant|p1a: 3D(No Video Proof)|slp\n|\n|upkeep\n|turn|54\n|\n|t:|1769362143\n|cant|p1a: 3D(No Video Proof)|slp\n|move|p2a: Tauros|Body Slam|p1a: 3D(No Video Proof)\n|-damage|p1a: 3D(No Video Proof)|50/100 slp\n|\n|upkeep\n|turn|55\n|\n|t:|1769362146\n|cant|p1a: 3D(No Video Proof)|slp\n|move|p2a: Tauros|Hyper Beam|p1a: 3D(No Video Proof)\n|-crit|p1a: 3D(No Video Proof)\n|-damage|p1a: 3D(No Video Proof)|0 fnt\n|faint|p1a: 3D(No Video Proof)\n|\n|t:|1769362151\n|switch|p1a: Tauros|Tauros|63/100 par\n|turn|56\n|inactive|Sceptross has 120 seconds left.\n|\n|t:|1769362185\n|move|p2a: Tauros|Body Slam|p1a: Tauros\n|-crit|p1a: Tauros\n|-damage|p1a: Tauros|3/100 par\n|move|p1a: Tauros|Blizzard|p2a: Tauros\n|-damage|p2a: Tauros|72/100\n|\n|upkeep\n|turn|57\n|\n|t:|1769362195\n|move|p2a: Tauros|Body Slam|p1a: Tauros\n|-damage|p1a: Tauros|0 fnt\n|faint|p1a: Tauros\n|\n|t:|1769362199\n|switch|p1a: Zapdos|Zapdos|53/100\n|turn|58\n|\n|t:|1769362206\n|switch|p2a: Rhydon|Rhydon|62/100\n|move|p1a: Zapdos|Thunder Wave|p2a: Rhydon\n|-immune|p2a: Rhydon\n|\n|upkeep\n|turn|59\n|\n|t:|1769362211\n|move|p1a: Zapdos|Drill Peck|p2a: Rhydon\n|-resisted|p2a: Rhydon\n|-damage|p2a: Rhydon|54/100\n|move|p2a: Rhydon|Rock Slide|p1a: Zapdos\n|-supereffective|p1a: Zapdos\n|-damage|p1a: Zapdos|0 fnt\n|faint|p1a: Zapdos\n|\n|t:|1769362214\n|switch|p1a: Snorlax|Snorlax|10/100\n|turn|60\n|c|☆Isza|gg\n|\n|t:|1769362217\n|move|p2a: Rhydon|Earthquake|p1a: Snorlax\n|-damage|p1a: Snorlax|0 fnt\n|faint|p1a: Snorlax\n|\n|win|Sceptross\n|c|☆Sceptross|gg\n","uploadtime":1769362217,"views":"1349","formatid":"gen1ou","rating":null,"private":0,"password":null}