{"id":"smogtours-gen1ou-909361","format":"[Gen 1] OU","players":["Serpi n_n","Sceptross"],"log":"|inactive|Battle timer is ON: inactive players will automatically lose when time's up.\n|t:|1771175111\n|gametype|singles\n|player|p1|Serpi n_n|#splxviibigs2|\n|player|p2|Sceptross|#splxviicryonicles2|\n|gen|1\n|tier|[Gen 1] OU\n|rule|Desync Clause Mod: Desyncs changed to move failure.\n|rule|Sleep Clause Mod: Limit one foe put to sleep\n|rule|Freeze Clause Mod: Limit one foe frozen\n|rule|Species Clause: Limit one of each Pokémon\n|rule|OHKO Clause: OHKO moves are banned\n|rule|Evasion Moves Clause: Evasion moves are banned\n|rule|Endless Battle Clause: Forcing endless battles is banned\n|rule|HP Percentage Mod: HP is shown in percentages\n|\n|t:|1771175111\n|teamsize|p1|6\n|teamsize|p2|6\n|start\n|switch|p1a: Starmie|Starmie|100/100\n|switch|p2a: Starmie|Starmie|100/100\n|turn|1\n|c|☆Serpi n_n|hf\n|c|☆Sceptross|gl hf\n|inactive|Serpi n_n has 270 seconds left.\n|inactive|Sceptross has 270 seconds left.\n|rated|Smogon Premier League\n|inactive|Serpi n_n has 240 seconds left.\n|\n|t:|1771175174\n|switch|p2a: Chansey|Chansey|100/100\n|move|p1a: Starmie|Blizzard|p2a: Chansey|[miss]\n|-miss|p1a: Starmie\n|\n|upkeep\n|turn|2\n|\n|t:|1771175185\n|move|p1a: Starmie|Blizzard|p2a: Chansey|[miss]\n|-miss|p1a: Starmie\n|move|p2a: Chansey|Sing|p1a: Starmie|[miss]\n|-miss|p2a: Chansey\n|\n|upkeep\n|turn|3\n|\n|t:|1771175190\n|move|p1a: Starmie|Blizzard|p2a: Chansey\n|-damage|p2a: Chansey|88/100\n|move|p2a: Chansey|Sing|p1a: Starmie|[miss]\n|-miss|p2a: Chansey\n|\n|upkeep\n|turn|4\n|\n|t:|1771175193\n|move|p1a: Starmie|Blizzard|p2a: Chansey\n|-damage|p2a: Chansey|76/100\n|move|p2a: Chansey|Sing|p1a: Starmie|[miss]\n|-miss|p2a: Chansey\n|\n|upkeep\n|turn|5\n|\n|t:|1771175194\n|move|p1a: Starmie|Blizzard|p2a: Chansey\n|-damage|p2a: Chansey|63/100\n|move|p2a: Chansey|Sing|p1a: Starmie|[miss]\n|-miss|p2a: Chansey\n|\n|upkeep\n|turn|6\n|\n|t:|1771175196\n|move|p1a: Starmie|Blizzard|p2a: Chansey\n|-damage|p2a: Chansey|50/100\n|move|p2a: Chansey|Sing|p1a: Starmie\n|-status|p1a: Starmie|slp|[from] move: Sing\n|\n|upkeep\n|turn|7\n|\n|t:|1771175207\n|switch|p1a: Exeggutor|Exeggutor|100/100\n|move|p2a: Chansey|Soft-Boiled|p2a: Chansey\n|-heal|p2a: Chansey|99/100\n|\n|upkeep\n|turn|8\n|\n|t:|1771175209\n|move|p1a: Exeggutor|Sleep Powder|p2a: Chansey\n|-status|p2a: Chansey|slp|[from] move: Sleep Powder\n|cant|p2a: Chansey|slp\n|\n|upkeep\n|turn|9\n|\n|t:|1771175222\n|switch|p1a: Tauros|Tauros|100/100\n|cant|p2a: Chansey|slp\n|\n|upkeep\n|turn|10\n|\n|t:|1771175228\n|switch|p2a: Snorlax|Snorlax|100/100\n|move|p1a: Tauros|Body Slam|p2a: Snorlax\n|-damage|p2a: Snorlax|76/100\n|\n|upkeep\n|turn|11\n|inactive|Serpi n_n has 270 seconds left.\n|\n|t:|1771175260\n|switch|p1a: Chansey|Chansey|100/100\n|move|p2a: Snorlax|Body Slam|p1a: Chansey\n|-damage|p1a: Chansey|59/100\n|\n|upkeep\n|turn|12\n|inactive|Serpi n_n has 270 seconds left.\n|\n|t:|1771175274\n|move|p1a: Chansey|Soft-Boiled|p1a: Chansey\n|-heal|p1a: Chansey|100/100\n|move|p2a: Snorlax|Body Slam|p1a: Chansey\n|-damage|p1a: Chansey|56/100\n|\n|upkeep\n|turn|13\n|\n|t:|1771175283\n|move|p1a: Chansey|Reflect|p1a: Chansey\n|-start|p1a: Chansey|Reflect\n|move|p2a: Snorlax|Body Slam|p1a: Chansey\n|-damage|p1a: Chansey|36/100\n|\n|upkeep\n|turn|14\n|\n|t:|1771175310\n|move|p1a: Chansey|Soft-Boiled|p1a: Chansey\n|-heal|p1a: Chansey|86/100\n|move|p2a: Snorlax|Body Slam|p1a: Chansey\n|-damage|p1a: Chansey|64/100\n|\n|upkeep\n|turn|15\n|\n|t:|1771175317\n|switch|p2a: Chansey|Chansey|99/100 slp\n|move|p1a: Chansey|Soft-Boiled|p1a: Chansey\n|-heal|p1a: Chansey|100/100\n|\n|upkeep\n|turn|16\n|\n|t:|1771175336\n|switch|p2a: Snorlax|Snorlax|76/100\n|move|p1a: Chansey|Thunder Wave|p2a: Snorlax\n|-status|p2a: Snorlax|par\n|\n|upkeep\n|turn|17\n|\n|t:|1771175353\n|move|p1a: Chansey|Seismic Toss|p2a: Snorlax\n|-damage|p2a: Snorlax|57/100 par\n|cant|p2a: Snorlax|par\n|\n|upkeep\n|turn|18\n|inactive|Serpi n_n has 270 seconds left.\n|inactive|Serpi n_n has 240 seconds left.\n|\n|t:|1771175409\n|move|p1a: Chansey|Seismic Toss|p2a: Snorlax\n|-damage|p2a: Snorlax|37/100 par\n|cant|p2a: Snorlax|par\n|\n|upkeep\n|turn|19\n|inactive|Serpi n_n has 240 seconds left.\n|\n|t:|1771175421\n|move|p1a: Chansey|Seismic Toss|p2a: Snorlax\n|-damage|p2a: Snorlax|18/100 par\n|move|p2a: Snorlax|Rest|p2a: Snorlax\n|-status|p2a: Snorlax|slp|[from] move: Rest\n|-heal|p2a: Snorlax|100/100 slp|[silent]\n|\n|upkeep\n|turn|20\n|\n|t:|1771175426\n|move|p1a: Chansey|Seismic Toss|p2a: Snorlax\n|-damage|p2a: Snorlax|81/100 slp\n|cant|p2a: Snorlax|slp\n|\n|upkeep\n|turn|21\n|\n|t:|1771175428\n|move|p1a: Chansey|Seismic Toss|p2a: Snorlax\n|-damage|p2a: Snorlax|62/100 slp\n|-curestatus|p2a: Snorlax|slp|[msg]\n|\n|upkeep\n|turn|22\n|\n|t:|1771175444\n|move|p1a: Chansey|Thunder Wave|p2a: Snorlax\n|-status|p2a: Snorlax|par\n|move|p2a: Snorlax|Rest|p2a: Snorlax\n|-status|p2a: Snorlax|slp|[from] move: Rest\n|-heal|p2a: Snorlax|100/100 slp|[silent]\n|\n|upkeep\n|turn|23\n|\n|t:|1771175450\n|move|p1a: Chansey|Seismic Toss|p2a: Snorlax\n|-damage|p2a: Snorlax|81/100 slp\n|cant|p2a: Snorlax|slp\n|\n|upkeep\n|turn|24\n|\n|t:|1771175452\n|move|p1a: Chansey|Seismic Toss|p2a: Snorlax\n|-damage|p2a: Snorlax|62/100 slp\n|-curestatus|p2a: Snorlax|slp|[msg]\n|\n|upkeep\n|turn|25\n|\n|t:|1771175454\n|move|p1a: Chansey|Thunder Wave|p2a: Snorlax\n|-status|p2a: Snorlax|par\n|cant|p2a: Snorlax|par\n|\n|upkeep\n|turn|26\n|\n|t:|1771175470\n|move|p1a: Chansey|Seismic Toss|p2a: Snorlax\n|-damage|p2a: Snorlax|43/100 par\n|move|p2a: Snorlax|Body Slam|p1a: Chansey\n|-damage|p1a: Chansey|80/100\n|\n|upkeep\n|turn|27\n|\n|t:|1771175476\n|switch|p1a: Tauros|Tauros|100/100\n|move|p2a: Snorlax|Rest|p2a: Snorlax\n|-status|p2a: Snorlax|slp|[from] move: Rest\n|-heal|p2a: Snorlax|100/100 slp|[silent]\n|\n|upkeep\n|turn|28\n|\n|t:|1771175483\n|move|p1a: Tauros|Body Slam|p2a: Snorlax\n|-damage|p2a: Snorlax|75/100 slp\n|cant|p2a: Snorlax|slp\n|\n|upkeep\n|turn|29\n|\n|t:|1771175488\n|move|p1a: Tauros|Body Slam|p2a: Snorlax\n|-crit|p2a: Snorlax\n|-damage|p2a: Snorlax|28/100 slp\n|-curestatus|p2a: Snorlax|slp|[msg]\n|\n|upkeep\n|turn|30\n|\n|t:|1771175498\n|switch|p2a: Starmie|Starmie|100/100\n|move|p1a: Tauros|Body Slam|p2a: Starmie\n|-damage|p2a: Starmie|67/100\n|\n|upkeep\n|turn|31\n|\n|t:|1771175522\n|switch|p1a: Chansey|Chansey|80/100\n|move|p2a: Starmie|Thunder Wave|p1a: Chansey\n|-status|p1a: Chansey|par\n|\n|upkeep\n|turn|32\n|inactive|Sceptross has 270 seconds left.\n|inactive|Sceptross has 240 seconds left.\n|inactive|Sceptross has 210 seconds left.\n|\n|t:|1771175618\n|switch|p2a: Snorlax|Snorlax|28/100\n|cant|p1a: Chansey|par\n|\n|upkeep\n|turn|33\n|inactive|Sceptross has 210 seconds left.\n|inactive|Serpi n_n has 270 seconds left.\n|\n|t:|1771175653\n|switch|p2a: Starmie|Starmie|67/100\n|switch|p1a: Exeggutor|Exeggutor|100/100\n|\n|upkeep\n|turn|34\n|inactive|Serpi n_n has 240 seconds left.\n|\n|t:|1771175688\n|switch|p1a: Chansey|Chansey|80/100 par\n|move|p2a: Starmie|Recover|p2a: Starmie\n|-heal|p2a: Starmie|100/100\n|\n|upkeep\n|turn|35\n|inactive|Serpi n_n has 240 seconds left.\n|\n|t:|1771175704\n|switch|p2a: Snorlax|Snorlax|28/100\n|switch|p1a: Tauros|Tauros|100/100\n|\n|upkeep\n|turn|36\n|\n|t:|1771175725\n|move|p1a: Tauros|Body Slam|p2a: Snorlax\n|-damage|p2a: Snorlax|5/100\n|move|p2a: Snorlax|Self-Destruct|p1a: Tauros\n|-damage|p1a: Tauros|2/100\n|faint|p2a: Snorlax\n|inactive|Sceptross has 180 seconds left.\n|\n|t:|1771175753\n|switch|p2a: Tauros|Tauros|100/100\n|turn|37\n|inactive|Serpi n_n has 210 seconds left.\n|\n|t:|1771175785\n|switch|p1a: Cloyster|Cloyster|100/100\n|move|p2a: Tauros|Body Slam|p1a: Cloyster\n|-crit|p1a: Cloyster\n|-damage|p1a: Cloyster|56/100\n|-status|p1a: Cloyster|par\n|\n|upkeep\n|turn|38\n|inactive|Serpi n_n has 210 seconds left.\n|inactive|Sceptross has 180 seconds left.\n|inactive|Sceptross has 150 seconds left.\n|\n|t:|1771175838\n|move|p2a: Tauros|Body Slam|p1a: Cloyster\n|-damage|p1a: Cloyster|33/100 par\n|move|p1a: Cloyster|Blizzard|p2a: Tauros|[miss]\n|-miss|p1a: Cloyster\n|\n|upkeep\n|turn|39\n|inactive|Serpi n_n has 210 seconds left.\n|inactive|Sceptross has 120 seconds left.\n|inactive|Serpi n_n has 180 seconds left.\n|inactive|Serpi n_n has 150 seconds left.\n|\n|t:|1771175922\n|switch|p1a: Rhydon|Rhydon|100/100\n|move|p2a: Tauros|Hyper Beam|p1a: Rhydon\n|-resisted|p1a: Rhydon\n|-damage|p1a: Rhydon|82/100\n|-mustrecharge|p2a: Tauros\n|\n|upkeep\n|turn|40\n|inactive|Sceptross has 120 seconds left.\n|\n|t:|1771175927\n|cant|p2a: Tauros|recharge\n|move|p1a: Rhydon|Earthquake|p2a: Tauros\n|-damage|p2a: Tauros|57/100\n|\n|upkeep\n|turn|41\n|inactive|Serpi n_n has 150 seconds left.\n|inactive|Sceptross has 120 seconds left.\n|\n|t:|1771175953\n|switch|p1a: Starmie|Starmie|100/100 slp\n|move|p2a: Tauros|Blizzard|p1a: Starmie\n|-crit|p1a: Starmie\n|-resisted|p1a: Starmie\n|-damage|p1a: Starmie|79/100 slp\n|\n|upkeep\n|turn|42\n|\n|t:|1771175959\n|cant|p1a: Starmie|slp\n|move|p2a: Tauros|Body Slam|p1a: Starmie\n|-damage|p1a: Starmie|45/100 slp\n|\n|upkeep\n|turn|43\n|\n|t:|1771175963\n|-curestatus|p1a: Starmie|slp|[msg]\n|move|p2a: Tauros|Hyper Beam|p1a: Starmie\n|-damage|p1a: Starmie|0 fnt\n|faint|p1a: Starmie\n|inactive|Serpi n_n has 150 seconds left.\n|\n|t:|1771175971\n|switch|p1a: Exeggutor|Exeggutor|100/100\n|turn|44\n|inactive|Serpi n_n has 150 seconds left.\n|inactive|Sceptross has 120 seconds left.\n|\n|t:|1771176021\n|switch|p2a: Starmie|Starmie|100/100\n|move|p1a: Exeggutor|Psychic|p2a: Starmie\n|-resisted|p2a: Starmie\n|-damage|p2a: Starmie|83/100\n|\n|upkeep\n|turn|45\n|inactive|Serpi n_n has 120 seconds left.\n|\n|t:|1771176052\n|switch|p1a: Chansey|Chansey|80/100 par\n|move|p2a: Starmie|Blizzard|p1a: Chansey\n|-damage|p1a: Chansey|67/100 par\n|\n|upkeep\n|turn|46\n|\n|t:|1771176063\n|move|p2a: Starmie|Psychic|p1a: Chansey\n|-damage|p1a: Chansey|54/100 par\n|-unboost|p1a: Chansey|spa|1\n|-unboost|p1a: Chansey|spd|1\n|cant|p1a: Chansey|par\n|\n|upkeep\n|turn|47\n|inactive|Serpi n_n has 120 seconds left.\n|\n|t:|1771176076\n|move|p2a: Starmie|Psychic|p1a: Chansey\n|-damage|p1a: Chansey|33/100 par\n|cant|p1a: Chansey|par\n|\n|upkeep\n|turn|48\n|\n|t:|1771176082\n|move|p2a: Starmie|Psychic|p1a: Chansey\n|-damage|p1a: Chansey|10/100 par\n|move|p1a: Chansey|Soft-Boiled|p1a: Chansey\n|-heal|p1a: Chansey|60/100 par\n|\n|upkeep\n|turn|49\n|\n|t:|1771176088\n|move|p2a: Starmie|Psychic|p1a: Chansey\n|-crit|p1a: Chansey\n|-damage|p1a: Chansey|34/100 par\n|cant|p1a: Chansey|par\n|\n|upkeep\n|turn|50\n|\n|t:|1771176093\n|move|p2a: Starmie|Psychic|p1a: Chansey\n|-crit|p1a: Chansey\n|-damage|p1a: Chansey|7/100 par\n|move|p1a: Chansey|Soft-Boiled|p1a: Chansey\n|-heal|p1a: Chansey|57/100 par\n|\n|upkeep\n|turn|51\n|inactive|Sceptross has 120 seconds left.\n|\n|t:|1771176103\n|move|p2a: Starmie|Psychic|p1a: Chansey\n|-damage|p1a: Chansey|34/100 par\n|move|p1a: Chansey|Soft-Boiled|p1a: Chansey\n|-heal|p1a: Chansey|84/100 par\n|\n|upkeep\n|turn|52\n|inactive|Serpi n_n has 150 seconds left.\n|inactive|Sceptross has 120 seconds left.\n|inactive|Serpi n_n has 120 seconds left.\n|\n|t:|1771176145\n|switch|p2a: Chansey|Chansey|99/100 slp\n|cant|p1a: Chansey|par\n|\n|upkeep\n|turn|53\n|\n|t:|1771176154\n|switch|p1a: Tauros|Tauros|2/100\n|cant|p2a: Chansey|slp\n|\n|upkeep\n|turn|54\n|\n|t:|1771176157\n|switch|p2a: Starmie|Starmie|83/100\n|move|p1a: Tauros|Body Slam|p2a: Starmie\n|-damage|p2a: Starmie|49/100\n|\n|upkeep\n|turn|55\n|inactive|Serpi n_n has 120 seconds left.\n|\n|t:|1771176185\n|switch|p1a: Chansey|Chansey|84/100 par\n|move|p2a: Starmie|Recover|p2a: Starmie\n|-heal|p2a: Starmie|99/100\n|\n|upkeep\n|turn|56\n|inactive|Serpi n_n has 120 seconds left.\n|inactive|Sceptross has 120 seconds left.\n|\n|t:|1771176209\n|switch|p2a: Chansey|Chansey|99/100 slp\n|move|p1a: Chansey|Thunder Wave|p2a: Chansey\n|-fail|p2a: Chansey\n|\n|upkeep\n|turn|57\n|\n|t:|1771176235\n|switch|p2a: Exeggutor|Exeggutor|100/100\n|switch|p1a: Tauros|Tauros|2/100\n|\n|upkeep\n|turn|58\n|\n|t:|1771176249\n|switch|p1a: Chansey|Chansey|84/100 par\n|move|p2a: Exeggutor|Psychic|p1a: Chansey\n|-damage|p1a: Chansey|68/100 par\n|\n|upkeep\n|turn|59\n|inactive|Serpi n_n has 90 seconds left.\n|\n|t:|1771176275\n|move|p2a: Exeggutor|Psychic|p1a: Chansey\n|-damage|p1a: Chansey|51/100 par\n|move|p1a: Chansey|Soft-Boiled|p1a: Chansey\n|-heal|p1a: Chansey|100/100 par\n|\n|upkeep\n|turn|60\n|inactive|Serpi n_n has 90 seconds left.\n|inactive|Serpi n_n has 60 seconds left.\n|\n|t:|1771176311\n|move|p2a: Exeggutor|Psychic|p1a: Chansey\n|-damage|p1a: Chansey|83/100 par\n|-unboost|p1a: Chansey|spa|1\n|-unboost|p1a: Chansey|spd|1\n|move|p1a: Chansey|Thunder Wave|p2a: Exeggutor\n|-status|p2a: Exeggutor|par\n|\n|upkeep\n|turn|61\n|inactive|Serpi n_n has 60 seconds left.\n|\n|t:|1771176338\n|switch|p1a: Exeggutor|Exeggutor|100/100\n|move|p2a: Exeggutor|Psychic|p1a: Exeggutor\n|-crit|p1a: Exeggutor\n|-resisted|p1a: Exeggutor\n|-damage|p1a: Exeggutor|75/100\n|\n|upkeep\n|turn|62\n|\n|t:|1771176350\n|switch|p1a: Chansey|Chansey|83/100 par\n|move|p2a: Exeggutor|Psychic|p1a: Chansey\n|-damage|p1a: Chansey|67/100 par\n|\n|upkeep\n|turn|63\n|inactive|Serpi n_n has 30 seconds left.\n|inactive|Serpi n_n has 20 seconds left.\n|inactive|Serpi n_n has 15 seconds left.\n|\n|t:|1771176392\n|move|p2a: Exeggutor|Psychic|p1a: Chansey\n|-damage|p1a: Chansey|50/100 par\n|-unboost|p1a: Chansey|spa|1\n|-unboost|p1a: Chansey|spd|1\n|move|p1a: Chansey|Soft-Boiled|p1a: Chansey\n|-heal|p1a: Chansey|99/100 par\n|\n|upkeep\n|turn|64\n|inactive|Serpi n_n has 25 seconds left this turn.\n|\n|t:|1771176399\n|move|p2a: Exeggutor|Psychic|p1a: Chansey\n|-damage|p1a: Chansey|75/100 par\n|move|p1a: Chansey|Seismic Toss|p2a: Exeggutor\n|-damage|p2a: Exeggutor|75/100 par\n|\n|upkeep\n|turn|65\n|inactive|Serpi n_n has 30 seconds left.\n|inactive|Sceptross has 150 seconds left.\n|inactive|Serpi n_n has 20 seconds left.\n|inactive|Serpi n_n has 15 seconds left.\n|inactive|Serpi n_n has 10 seconds left.\n|\n|t:|1771176427\n|switch|p1a: Exeggutor|Exeggutor|75/100\n|move|p2a: Exeggutor|Psychic|p1a: Exeggutor\n|-resisted|p1a: Exeggutor\n|-damage|p1a: Exeggutor|62/100\n|\n|upkeep\n|turn|66\n|inactive|Serpi n_n has 20 seconds left this turn.\n|inactive|Serpi n_n has 15 seconds left.\n|inactive|Serpi n_n has 10 seconds left.\n|\n|t:|1771176443\n|move|p1a: Exeggutor|Explosion|p2a: Exeggutor\n|-damage|p2a: Exeggutor|0 fnt\n|faint|p2a: Exeggutor\n|faint|p1a: Exeggutor\n|inactive|Serpi n_n has 15 seconds left this turn.\n|inactive|Serpi n_n has 10 seconds left.\n|inactive|Serpi n_n has 5 seconds left.\n|inactive|Sceptross has 120 seconds left.\n|\n|t:|1771176476\n|switch|p1a: Cloyster|Cloyster|33/100 par\n|switch|p2a: Tauros|Tauros|57/100\n|turn|67\n|inactive|Serpi n_n has 15 seconds left this turn.\n|inactive|Serpi n_n has 10 seconds left.\n|inactive|Serpi n_n has 5 seconds left.\n|\n|t:|1771176489\n|move|p2a: Tauros|Hyper Beam|p1a: Cloyster\n|-damage|p1a: Cloyster|0 fnt\n|faint|p1a: Cloyster\n|inactive|Serpi n_n has 10 seconds left this turn.\n|inactive|Serpi n_n has 5 seconds left.\n|\n|t:|1771176497\n|switch|p1a: Chansey|Chansey|75/100 par\n|turn|68\n|inactive|Serpi n_n has 15 seconds left this turn.\n|inactive|Sceptross has 120 seconds left.\n|inactive|Sceptross has 90 seconds left.\n|\n|t:|1771176547\n|move|p2a: Tauros|Body Slam|p1a: Chansey\n|-damage|p1a: Chansey|36/100 par\n|move|p1a: Chansey|Thunder Wave|p2a: Tauros\n|-status|p2a: Tauros|par\n|\n|upkeep\n|turn|69\n|inactive|Serpi n_n has 25 seconds left this turn.\n|inactive|Serpi n_n has 20 seconds left.\n|inactive|Sceptross has 90 seconds left.\n|inactive|Serpi n_n has 15 seconds left.\n|\n|t:|1771176568\n|switch|p1a: Rhydon|Rhydon|82/100\n|move|p2a: Tauros|Earthquake|p1a: Rhydon\n|-supereffective|p1a: Rhydon\n|-damage|p1a: Rhydon|51/100\n|\n|upkeep\n|turn|70\n|inactive|Serpi n_n has 25 seconds left this turn.\n|inactive|Serpi n_n has 20 seconds left.\n|inactive|Serpi n_n has 15 seconds left.\n|\n|t:|1771176582\n|move|p1a: Rhydon|Substitute|p1a: Rhydon\n|-start|p1a: Rhydon|Substitute\n|-damage|p1a: Rhydon|26/100\n|move|p2a: Tauros|Blizzard|p1a: Rhydon\n|-supereffective|p1a: Rhydon\n|-end|p1a: Rhydon|Substitute\n|\n|upkeep\n|turn|71\n|inactive|Serpi n_n has 25 seconds left this turn.\n|inactive|Serpi n_n has 20 seconds left.\n|inactive|Serpi n_n has 15 seconds left.\n|\n|t:|1771176596\n|move|p1a: Rhydon|Earthquake|p2a: Tauros\n|-damage|p2a: Tauros|14/100 par\n|move|p2a: Tauros|Earthquake|p1a: Rhydon\n|-supereffective|p1a: Rhydon\n|-damage|p1a: Rhydon|0 fnt\n|faint|p1a: Rhydon\n|inactive|Serpi n_n has 20 seconds left this turn.\n|\n|t:|1771176597\n|switch|p1a: Tauros|Tauros|2/100\n|turn|72\n|inactive|Serpi n_n has 30 seconds left this turn.\n|inactive|Sceptross has 90 seconds left.\n|\n|t:|1771176621\n|move|p1a: Tauros|Body Slam|p2a: Tauros\n|-damage|p2a: Tauros|0 fnt\n|faint|p2a: Tauros\n|\n|t:|1771176625\n|switch|p2a: Starmie|Starmie|99/100\n|turn|73\n|\n|t:|1771176631\n|switch|p1a: Chansey|Chansey|36/100 par\n|move|p2a: Starmie|Psychic|p1a: Chansey\n|-damage|p1a: Chansey|21/100 par\n|\n|upkeep\n|turn|74\n|inactive|Serpi n_n has 30 seconds left.\n|inactive|Serpi n_n has 20 seconds left.\n|inactive|Serpi n_n has 15 seconds left.\n|\n|t:|1771176661\n|move|p2a: Starmie|Psychic|p1a: Chansey\n|-damage|p1a: Chansey|6/100 par\n|cant|p1a: Chansey|par\n|\n|upkeep\n|turn|75\n|inactive|Serpi n_n has 25 seconds left this turn.\n|inactive|Serpi n_n has 20 seconds left.\n|\n|t:|1771176666\n|move|p2a: Starmie|Psychic|p1a: Chansey\n|-damage|p1a: Chansey|0 fnt\n|faint|p1a: Chansey\n|inactive|Serpi n_n has 25 seconds left this turn.\n|\n|t:|1771176670\n|switch|p1a: Tauros|Tauros|2/100\n|turn|76\n|c|☆Sceptross|gg\n|\n|t:|1771176674\n|move|p2a: Starmie|Psychic|p1a: Tauros\n|-damage|p1a: Tauros|0 fnt\n|faint|p1a: Tauros\n|\n|win|Sceptross\n","uploadtime":1771176674,"views":"1251","formatid":"gen1ou","rating":null,"private":0,"password":null}