{"id":"smogtours-gen1ou-965188","format":"[Gen 1] OU","players":["Amaranth","Laroxyl"],"log":"|inactive|Battle timer is ON: inactive players will automatically lose when time's up.\n|t:|1787323966\n|gametype|singles\n|player|p1|Amaranth|#amaranth|\n|player|p2|Laroxyl|#wcop2026italy2|\n|gen|1\n|tier|[Gen 1] OU\n|rule|Desync Clause Mod: Desyncs resolve to link battle behavior from the acting player's perspective.\n|rule|HP Percentage Mod: HP is shown in percentages\n|rule|Endless Battle Clause: Forcing endless battles is banned\n|rule|Sleep Clause Mod: Limit one foe put to sleep\n|rule|Freeze Clause Mod: Limit one foe frozen\n|rule|Species Clause: Limit one of each Pokémon\n|rule|OHKO Clause: OHKO moves are banned\n|rule|Evasion Moves Clause: Evasion moves are banned\n|\n|t:|1787323966\n|teamsize|p1|6\n|teamsize|p2|6\n|start\n|switch|p1a: Gengar|Gengar|100/100\n|switch|p2a: Jynx|Jynx|100/100\n|turn|1\n|c|☆Amaranth|glhf\n|c|☆Laroxyl|u2\n|\n|t:|1787323995\n|move|p1a: Gengar|Explosion|p2a: Jynx\n|-damage|p2a: Jynx|0 fnt\n|faint|p2a: Jynx\n|faint|p1a: Gengar\n|\n|t:|1787324011\n|switch|p1a: Jynx|Jynx|100/100\n|switch|p2a: Chansey|Chansey|100/100\n|turn|2\n|\n|t:|1787324026\n|move|p1a: Jynx|Lovely Kiss|p2a: Chansey\n|-status|p2a: Chansey|slp|[from] move: Lovely Kiss\n|-curestatus|p2a: Chansey|slp|[msg]\n|\n|upkeep\n|turn|3\n|\n|t:|1787324029\n|move|p1a: Jynx|Lovely Kiss|p2a: Chansey\n|-status|p2a: Chansey|slp|[from] move: Lovely Kiss\n|-curestatus|p2a: Chansey|slp|[msg]\n|\n|upkeep\n|turn|4\n|\n|t:|1787324031\n|move|p1a: Jynx|Lovely Kiss|p2a: Chansey\n|-status|p2a: Chansey|slp|[from] move: Lovely Kiss\n|cant|p2a: Chansey|slp\n|\n|upkeep\n|turn|5\n|\n|t:|1787324044\n|switch|p2a: Starmie|Starmie|100/100\n|move|p1a: Jynx|Body Slam|p2a: Starmie\n|-damage|p2a: Starmie|85/100\n|-status|p2a: Starmie|par\n|\n|upkeep\n|turn|6\n|\n|t:|1787324056\n|switch|p1a: Alakazam|Alakazam|100/100\n|move|p2a: Starmie|Thunder Wave|p1a: Alakazam\n|-status|p1a: Alakazam|par\n|\n|upkeep\n|turn|7\n|\n|t:|1787324064\n|cant|p1a: Alakazam|par\n|move|p2a: Starmie|Recover|p2a: Starmie\n|-heal|p2a: Starmie|100/100 par\n|\n|upkeep\n|turn|8\n|\n|t:|1787324067\n|move|p1a: Alakazam|Psychic|p2a: Starmie\n|-crit|p2a: Starmie\n|-resisted|p2a: Starmie\n|-damage|p2a: Starmie|62/100 par\n|move|p2a: Starmie|Surf|p1a: Alakazam\n|-damage|p1a: Alakazam|72/100 par\n|\n|upkeep\n|turn|9\n|\n|t:|1787324073\n|move|p1a: Alakazam|Psychic|p2a: Starmie\n|-resisted|p2a: Starmie\n|-damage|p2a: Starmie|44/100 par\n|move|p2a: Starmie|Recover|p2a: Starmie\n|-heal|p2a: Starmie|94/100 par\n|\n|upkeep\n|turn|10\n|\n|t:|1787324077\n|cant|p1a: Alakazam|par\n|move|p2a: Starmie|Surf|p1a: Alakazam\n|-damage|p1a: Alakazam|45/100 par\n|\n|upkeep\n|turn|11\n|\n|t:|1787324088\n|move|p1a: Alakazam|Recover|p1a: Alakazam\n|-heal|p1a: Alakazam|95/100 par\n|move|p2a: Starmie|Surf|p1a: Alakazam\n|-damage|p1a: Alakazam|64/100 par\n|\n|upkeep\n|turn|12\n|\n|t:|1787324103\n|move|p1a: Alakazam|Seismic Toss|p2a: Starmie\n|-damage|p2a: Starmie|63/100 par\n|move|p2a: Starmie|Surf|p1a: Alakazam\n|-crit|p1a: Alakazam\n|-damage|p1a: Alakazam|10/100 par\n|\n|upkeep\n|turn|13\n|\n|t:|1787324111\n|move|p1a: Alakazam|Recover|p1a: Alakazam\n|-heal|p1a: Alakazam|60/100 par\n|move|p2a: Starmie|Surf|p1a: Alakazam\n|-damage|p1a: Alakazam|31/100 par\n|\n|upkeep\n|turn|14\n|\n|t:|1787324116\n|move|p1a: Alakazam|Recover|p1a: Alakazam\n|-heal|p1a: Alakazam|81/100 par\n|move|p2a: Starmie|Surf|p1a: Alakazam\n|-damage|p1a: Alakazam|51/100 par\n|\n|upkeep\n|turn|15\n|\n|t:|1787324118\n|move|p1a: Alakazam|Recover|p1a: Alakazam\n|-heal|p1a: Alakazam|100/100 par\n|cant|p2a: Starmie|par\n|\n|upkeep\n|turn|16\n|\n|t:|1787324123\n|move|p1a: Alakazam|Psychic|p2a: Starmie\n|-resisted|p2a: Starmie\n|-damage|p2a: Starmie|44/100 par\n|-unboost|p2a: Starmie|spa|1\n|-unboost|p2a: Starmie|spd|1\n|cant|p2a: Starmie|par\n|\n|upkeep\n|turn|17\n|\n|t:|1787324127\n|cant|p1a: Alakazam|par\n|move|p2a: Starmie|Recover|p2a: Starmie\n|-heal|p2a: Starmie|93/100 par\n|\n|upkeep\n|turn|18\n|\n|t:|1787324131\n|switch|p2a: Chansey|Chansey|100/100 slp\n|move|p1a: Alakazam|Seismic Toss|p2a: Chansey\n|-damage|p2a: Chansey|86/100 slp\n|\n|upkeep\n|turn|19\n|\n|t:|1787324140\n|switch|p2a: Starmie|Starmie|93/100 par\n|cant|p1a: Alakazam|par\n|\n|upkeep\n|turn|20\n|\n|t:|1787324144\n|move|p1a: Alakazam|Psychic|p2a: Starmie\n|-resisted|p2a: Starmie\n|-damage|p2a: Starmie|75/100 par\n|move|p2a: Starmie|Surf|p1a: Alakazam\n|-damage|p1a: Alakazam|69/100 par\n|\n|upkeep\n|turn|21\n|\n|t:|1787324147\n|move|p1a: Alakazam|Seismic Toss|p2a: Starmie\n|-damage|p2a: Starmie|44/100 par\n|move|p2a: Starmie|Recover|p2a: Starmie\n|-heal|p2a: Starmie|94/100 par\n|\n|upkeep\n|turn|22\n|\n|t:|1787324151\n|move|p1a: Alakazam|Psychic|p2a: Starmie\n|-crit|p2a: Starmie\n|-resisted|p2a: Starmie\n|-damage|p2a: Starmie|54/100 par\n|move|p2a: Starmie|Surf|p1a: Alakazam\n|-damage|p1a: Alakazam|39/100 par\n|\n|upkeep\n|turn|23\n|\n|t:|1787324155\n|cant|p1a: Alakazam|par\n|move|p2a: Starmie|Recover|p2a: Starmie\n|-heal|p2a: Starmie|100/100 par\n|\n|upkeep\n|turn|24\n|\n|t:|1787324160\n|cant|p1a: Alakazam|par\n|cant|p2a: Starmie|par\n|\n|upkeep\n|turn|25\n|\n|t:|1787324163\n|move|p1a: Alakazam|Recover|p1a: Alakazam\n|-heal|p1a: Alakazam|89/100 par\n|move|p2a: Starmie|Surf|p1a: Alakazam\n|-damage|p1a: Alakazam|61/100 par\n|\n|upkeep\n|turn|26\n|\n|t:|1787324166\n|move|p1a: Alakazam|Recover|p1a: Alakazam\n|-heal|p1a: Alakazam|100/100 par\n|move|p2a: Starmie|Surf|p1a: Alakazam\n|-damage|p1a: Alakazam|74/100 par\n|\n|upkeep\n|turn|27\n|\n|t:|1787324169\n|move|p1a: Alakazam|Seismic Toss|p2a: Starmie\n|-damage|p2a: Starmie|70/100 par\n|move|p2a: Starmie|Surf|p1a: Alakazam\n|-crit|p1a: Alakazam\n|-damage|p1a: Alakazam|18/100 par\n|\n|upkeep\n|turn|28\n|\n|t:|1787324173\n|cant|p1a: Alakazam|par\n|move|p2a: Starmie|Surf|p1a: Alakazam\n|-damage|p1a: Alakazam|0 fnt\n|faint|p1a: Alakazam\n|\n|t:|1787324176\n|switch|p1a: Exeggutor|Exeggutor|100/100\n|turn|29\n|inactive|Laroxyl has 270 seconds left.\n|\n|t:|1787324212\n|move|p1a: Exeggutor|Psychic|p2a: Starmie\n|-resisted|p2a: Starmie\n|-damage|p2a: Starmie|50/100 par\n|-unboost|p2a: Starmie|spa|1\n|-unboost|p2a: Starmie|spd|1\n|move|p2a: Starmie|Thunder Wave|p1a: Exeggutor\n|-status|p1a: Exeggutor|par\n|\n|upkeep\n|turn|30\n|inactive|Laroxyl has 270 seconds left.\n|inactive|Laroxyl has 240 seconds left.\n|\n|t:|1787324261\n|switch|p2a: Chansey|Chansey|86/100 slp\n|move|p1a: Exeggutor|Mega Drain|p2a: Chansey\n|-crit|p2a: Chansey\n|-damage|p2a: Chansey|72/100 slp\n|\n|upkeep\n|turn|31\n|\n|t:|1787324276\n|-curestatus|p2a: Chansey|slp|[msg]\n|move|p1a: Exeggutor|Psychic|p2a: Chansey\n|-damage|p2a: Chansey|56/100\n|-unboost|p2a: Chansey|spa|1\n|-unboost|p2a: Chansey|spd|1\n|\n|upkeep\n|turn|32\n|\n|t:|1787324302\n|move|p2a: Chansey|Seismic Toss|p1a: Exeggutor\n|-damage|p1a: Exeggutor|75/100 par\n|cant|p1a: Exeggutor|par\n|\n|upkeep\n|turn|33\n|\n|t:|1787324312\n|move|p2a: Chansey|Seismic Toss|p1a: Exeggutor\n|-damage|p1a: Exeggutor|50/100 par\n|cant|p1a: Exeggutor|par\n|\n|upkeep\n|turn|34\n|\n|t:|1787324321\n|switch|p1a: Jynx|Jynx|100/100\n|move|p2a: Chansey|Seismic Toss|p1a: Jynx\n|-damage|p1a: Jynx|70/100\n|\n|upkeep\n|turn|35\n|inactive|Laroxyl has 210 seconds left.\n|\n|t:|1787324346\n|switch|p2a: Starmie|Starmie|50/100 par\n|move|p1a: Jynx|Blizzard|p2a: Starmie\n|-resisted|p2a: Starmie\n|-damage|p2a: Starmie|28/100 par\n|\n|upkeep\n|turn|36\n|\n|t:|1787324364\n|move|p1a: Jynx|Body Slam|p2a: Starmie\n|-crit|p2a: Starmie\n|-damage|p2a: Starmie|1/100 par\n|move|p2a: Starmie|Recover|p2a: Starmie\n|-heal|p2a: Starmie|51/100 par\n|\n|upkeep\n|turn|37\n|\n|t:|1787324368\n|switch|p1a: Exeggutor|Exeggutor|50/100 par\n|move|p2a: Starmie|Recover|p2a: Starmie\n|-heal|p2a: Starmie|100/100 par\n|\n|upkeep\n|turn|38\n|\n|t:|1787324377\n|switch|p2a: Chansey|Chansey|56/100\n|move|p1a: Exeggutor|Mega Drain|p2a: Chansey\n|-damage|p2a: Chansey|48/100\n|-heal|p1a: Exeggutor|56/100 par|[from] drain|[of] p2a: Chansey\n|\n|upkeep\n|turn|39\n|\n|t:|1787324386\n|switch|p1a: Jynx|Jynx|70/100\n|move|p2a: Chansey|Seismic Toss|p1a: Jynx\n|-damage|p1a: Jynx|40/100\n|\n|upkeep\n|turn|40\n|inactive|Laroxyl has 240 seconds left.\n|\n|t:|1787324403\n|switch|p1a: Exeggutor|Exeggutor|56/100 par\n|move|p2a: Chansey|Soft-Boiled|p2a: Chansey\n|-heal|p2a: Chansey|98/100\n|\n|upkeep\n|turn|41\n|\n|t:|1787324409\n|move|p2a: Chansey|Seismic Toss|p1a: Exeggutor\n|-damage|p1a: Exeggutor|31/100 par\n|move|p1a: Exeggutor|Explosion|p2a: Chansey\n|-damage|p2a: Chansey|0 fnt\n|faint|p2a: Chansey\n|faint|p1a: Exeggutor\n|inactive|Laroxyl has 240 seconds left.\n|inactive|Laroxyl has 210 seconds left.\n|\n|t:|1787324468\n|switch|p2a: Cloyster|Cloyster|100/100\n|switch|p1a: Snorlax|Snorlax|100/100\n|turn|42\n|\n|t:|1787324476\n|move|p2a: Cloyster|Clamp|p1a: Snorlax|[miss]\n|-miss|p2a: Cloyster\n|move|p1a: Snorlax|Body Slam|p2a: Cloyster\n|-damage|p2a: Cloyster|76/100\n|-status|p2a: Cloyster|par\n|\n|upkeep\n|turn|43\n|\n|t:|1787324505\n|move|p1a: Snorlax|Body Slam|p2a: Cloyster\n|-damage|p2a: Cloyster|53/100 par\n|move|p2a: Cloyster|Blizzard|p1a: Snorlax|[miss]\n|-miss|p2a: Cloyster\n|\n|upkeep\n|turn|44\n|\n|t:|1787324512\n|switch|p1a: Jynx|Jynx|40/100\n|cant|p2a: Cloyster|par\n|\n|upkeep\n|turn|45\n|inactive|Laroxyl has 180 seconds left.\n|\n|t:|1787324560\n|move|p1a: Jynx|Blizzard|p2a: Cloyster\n|-resisted|p2a: Cloyster\n|-damage|p2a: Cloyster|40/100 par\n|cant|p2a: Cloyster|par\n|\n|upkeep\n|turn|46\n|inactive|Laroxyl has 180 seconds left.\n|inactive|Amaranth has 270 seconds left.\n|inactive|Laroxyl has 150 seconds left.\n|\n|t:|1787324596\n|move|p1a: Jynx|Blizzard|p2a: Cloyster\n|-resisted|p2a: Cloyster\n|-damage|p2a: Cloyster|27/100 par\n|cant|p2a: Cloyster|par\n|\n|upkeep\n|turn|47\n|c|☆Laroxyl|Daje cazzo\n|inactive|Laroxyl has 150 seconds left.\n|\n|t:|1787324629\n|move|p1a: Jynx|Blizzard|p2a: Cloyster\n|-resisted|p2a: Cloyster\n|-damage|p2a: Cloyster|16/100 par\n|move|p2a: Cloyster|Rest|p2a: Cloyster\n|-status|p2a: Cloyster|slp|[from] move: Rest\n|-heal|p2a: Cloyster|100/100 slp|[silent]\n|\n|upkeep\n|turn|48\n|\n|t:|1787324632\n|switch|p1a: Tauros|Tauros|100/100\n|cant|p2a: Cloyster|slp\n|\n|upkeep\n|turn|49\n|\n|t:|1787324635\n|move|p1a: Tauros|Thunderbolt|p2a: Cloyster\n|-crit|p2a: Cloyster\n|-supereffective|p2a: Cloyster\n|-damage|p2a: Cloyster|19/100 slp\n|-curestatus|p2a: Cloyster|slp|[msg]\n|\n|upkeep\n|turn|50\n|inactive|Laroxyl has 150 seconds left.\n|\n|t:|1787324662\n|switch|p2a: Rhydon|Rhydon|100/100\n|move|p1a: Tauros|Body Slam|p2a: Rhydon\n|-resisted|p2a: Rhydon\n|-damage|p2a: Rhydon|90/100\n|\n|upkeep\n|turn|51\n|inactive|Amaranth has 270 seconds left.\n|\n|t:|1787324693\n|move|p1a: Tauros|Body Slam|p2a: Rhydon\n|-resisted|p2a: Rhydon\n|-damage|p2a: Rhydon|80/100\n|-status|p2a: Rhydon|par\n|move|p2a: Rhydon|Earthquake|p1a: Tauros\n|-damage|p1a: Tauros|59/100\n|\n|upkeep\n|turn|52\n|\n|t:|1787324703\n|move|p1a: Tauros|Blizzard|p2a: Rhydon\n|-supereffective|p2a: Rhydon\n|-damage|p2a: Rhydon|24/100 par\n|cant|p2a: Rhydon|par\n|\n|upkeep\n|turn|53\n|\n|t:|1787324716\n|move|p1a: Tauros|Blizzard|p2a: Rhydon|[miss]\n|-miss|p1a: Tauros\n|move|p2a: Rhydon|Earthquake|p1a: Tauros\n|-damage|p1a: Tauros|18/100\n|\n|upkeep\n|turn|54\n|\n|t:|1787324734\n|move|p1a: Tauros|Blizzard|p2a: Rhydon\n|-supereffective|p2a: Rhydon\n|-damage|p2a: Rhydon|0 fnt\n|faint|p2a: Rhydon\n|\n|t:|1787324743\n|switch|p2a: Tauros|Tauros|100/100\n|turn|55\n|inactive|Amaranth has 270 seconds left.\n|inactive|Amaranth has 240 seconds left.\n|\n|t:|1787324822\n|switch|p1a: Snorlax|Snorlax|100/100\n|move|p2a: Tauros|Body Slam|p1a: Snorlax\n|-crit|p1a: Snorlax\n|-damage|p1a: Snorlax|52/100\n|\n|upkeep\n|turn|56\n|inactive|Amaranth has 210 seconds left.\n|inactive|Amaranth has 180 seconds left.\n|\n|t:|1787324893\n|move|p2a: Tauros|Earthquake|p1a: Snorlax\n|-damage|p1a: Snorlax|32/100\n|move|p1a: Snorlax|Self-Destruct|p2a: Tauros\n|-crit|p2a: Tauros\n|-damage|p2a: Tauros|0 fnt\n|faint|p2a: Tauros\n|faint|p1a: Snorlax\n|inactive|Amaranth has 150 seconds left.\n|\n|t:|1787324924\n|switch|p2a: Starmie|Starmie|100/100 par\n|switch|p1a: Jynx|Jynx|40/100\n|turn|57\n|\n|t:|1787324934\n|move|p1a: Jynx|Body Slam|p2a: Starmie\n|-damage|p2a: Starmie|84/100 par\n|move|p2a: Starmie|Thunder Wave|p1a: Jynx\n|-status|p1a: Jynx|par\n|\n|upkeep\n|turn|58\n|\n|t:|1787324938\n|cant|p2a: Starmie|par\n|move|p1a: Jynx|Blizzard|p2a: Starmie|[miss]\n|-miss|p1a: Jynx\n|\n|upkeep\n|turn|59\n|\n|t:|1787324940\n|move|p2a: Starmie|Recover|p2a: Starmie\n|-heal|p2a: Starmie|100/100 par\n|move|p1a: Jynx|Blizzard|p2a: Starmie\n|-resisted|p2a: Starmie\n|-damage|p2a: Starmie|79/100 par\n|\n|upkeep\n|turn|60\n|\n|t:|1787324945\n|move|p2a: Starmie|Recover|p2a: Starmie\n|-heal|p2a: Starmie|100/100 par\n|move|p1a: Jynx|Body Slam|p2a: Starmie\n|-damage|p2a: Starmie|85/100 par\n|\n|upkeep\n|turn|61\n|\n|t:|1787324953\n|cant|p2a: Starmie|par\n|move|p1a: Jynx|Body Slam|p2a: Starmie\n|-damage|p2a: Starmie|70/100 par\n|\n|upkeep\n|turn|62\n|\n|t:|1787324968\n|switch|p1a: Tauros|Tauros|18/100\n|move|p2a: Starmie|Recover|p2a: Starmie\n|-heal|p2a: Starmie|100/100 par\n|\n|upkeep\n|turn|63\n|inactive|Laroxyl has 180 seconds left.\n|\n|t:|1787324987\n|move|p1a: Tauros|Hyper Beam|p2a: Starmie|[miss]\n|-miss|p1a: Tauros\n|cant|p2a: Starmie|par\n|\n|upkeep\n|turn|64\n|\n|t:|1787324990\n|move|p1a: Tauros|Hyper Beam|p2a: Starmie\n|-damage|p2a: Starmie|44/100 par\n|-mustrecharge|p1a: Tauros\n|move|p2a: Starmie|Surf|p1a: Tauros\n|-crit|p1a: Tauros\n|-damage|p1a: Tauros|0 fnt\n|faint|p1a: Tauros\n|c|☆Amaranth|gg\n|\n|t:|1787324995\n|switch|p1a: Jynx|Jynx|40/100 par\n|turn|65\n|inactive|Laroxyl has 180 seconds left.\n|\n|t:|1787325028\n|move|p2a: Starmie|Surf|p1a: Jynx\n|-damage|p1a: Jynx|8/100 par\n|move|p1a: Jynx|Blizzard|p2a: Starmie|[miss]\n|-miss|p1a: Jynx\n|\n|upkeep\n|turn|66\n|\n|t:|1787325032\n|cant|p2a: Starmie|par\n|cant|p1a: Jynx|par\n|\n|upkeep\n|turn|67\n|\n|t:|1787325034\n|move|p2a: Starmie|Surf|p1a: Jynx\n|-damage|p1a: Jynx|0 fnt\n|faint|p1a: Jynx\n|\n|win|Laroxyl\n","uploadtime":1787325034,"views":"124","formatid":"gen1ou","rating":null,"private":0,"password":null}