{"id":"smogtours-gen1ou-965186","format":"[Gen 1] OU","players":["Amaranth","Laroxyl"],"log":"|inactive|Battle timer is ON: inactive players will automatically lose when time's up.\n|t:|1787321842\n|gametype|singles\n|player|p1|Amaranth|#amaranth|\n|player|p2|Laroxyl|#wcop2026italy2|\n|gen|1\n|tier|[Gen 1] OU\n|rule|Desync Clause Mod: Desyncs resolve to link battle behavior from the acting player's perspective.\n|rule|HP Percentage Mod: HP is shown in percentages\n|rule|Endless Battle Clause: Forcing endless battles is banned\n|rule|Sleep Clause Mod: Limit one foe put to sleep\n|rule|Freeze Clause Mod: Limit one foe frozen\n|rule|Species Clause: Limit one of each Pokémon\n|rule|OHKO Clause: OHKO moves are banned\n|rule|Evasion Moves Clause: Evasion moves are banned\n|\n|t:|1787321842\n|teamsize|p1|6\n|teamsize|p2|6\n|start\n|switch|p1a: Alakazam|Alakazam|100/100\n|switch|p2a: Jynx|Jynx|100/100\n|turn|1\n|c|☆Amaranth|a\n|c|☆Amaranth|glhf\n|\n|t:|1787321850\n|move|p1a: Alakazam|Thunder Wave|p2a: Jynx\n|-status|p2a: Jynx|par\n|move|p2a: Jynx|Lovely Kiss|p1a: Alakazam|[miss]\n|-miss|p2a: Jynx\n|\n|upkeep\n|turn|2\n|c|☆Laroxyl|u2\n|\n|t:|1787321856\n|move|p1a: Alakazam|Seismic Toss|p2a: Jynx\n|-damage|p2a: Jynx|70/100 par\n|move|p2a: Jynx|Lovely Kiss|p1a: Alakazam\n|-status|p1a: Alakazam|slp|[from] move: Lovely Kiss\n|\n|upkeep\n|turn|3\n|\n|t:|1787321862\n|switch|p1a: Chansey|Chansey|100/100\n|cant|p2a: Jynx|par\n|\n|upkeep\n|turn|4\n|\n|t:|1787321869\n|move|p1a: Chansey|Seismic Toss|p2a: Jynx\n|-damage|p2a: Jynx|40/100 par\n|move|p2a: Jynx|Rest|p2a: Jynx\n|-status|p2a: Jynx|slp|[from] move: Rest\n|-heal|p2a: Jynx|100/100 slp|[silent]\n|\n|upkeep\n|turn|5\n|\n|t:|1787321873\n|move|p1a: Chansey|Seismic Toss|p2a: Jynx\n|-damage|p2a: Jynx|70/100 slp\n|cant|p2a: Jynx|slp\n|\n|upkeep\n|turn|6\n|\n|t:|1787321875\n|move|p1a: Chansey|Seismic Toss|p2a: Jynx\n|-damage|p2a: Jynx|40/100 slp\n|-curestatus|p2a: Jynx|slp|[msg]\n|\n|upkeep\n|turn|7\n|\n|t:|1787321876\n|switch|p2a: Chansey|Chansey|100/100\n|move|p1a: Chansey|Seismic Toss|p2a: Chansey\n|-damage|p2a: Chansey|86/100\n|\n|upkeep\n|turn|8\n|\n|t:|1787321893\n|switch|p2a: Jynx|Jynx|40/100\n|move|p1a: Chansey|Seismic Toss|p2a: Jynx\n|-damage|p2a: Jynx|10/100\n|\n|upkeep\n|turn|9\n|\n|t:|1787321907\n|move|p2a: Jynx|Rest|p2a: Jynx\n|-status|p2a: Jynx|slp|[from] move: Rest\n|-heal|p2a: Jynx|100/100 slp|[silent]\n|move|p1a: Chansey|Seismic Toss|p2a: Jynx\n|-damage|p2a: Jynx|70/100 slp\n|\n|upkeep\n|turn|10\n|\n|t:|1787321917\n|switch|p1a: Tauros|Tauros|100/100\n|cant|p2a: Jynx|slp\n|\n|upkeep\n|turn|11\n|\n|t:|1787321924\n|switch|p2a: Snorlax|Snorlax|100/100\n|move|p1a: Tauros|Body Slam|p2a: Snorlax\n|-damage|p2a: Snorlax|76/100\n|\n|upkeep\n|turn|12\n|\n|t:|1787321930\n|switch|p1a: Snorlax|Snorlax|100/100\n|move|p2a: Snorlax|Body Slam|p1a: Snorlax\n|-damage|p1a: Snorlax|72/100\n|\n|upkeep\n|turn|13\n|\n|t:|1787321934\n|move|p2a: Snorlax|Reflect|p2a: Snorlax\n|-start|p2a: Snorlax|Reflect\n|move|p1a: Snorlax|Reflect|p1a: Snorlax\n|-start|p1a: Snorlax|Reflect\n|\n|upkeep\n|turn|14\n|\n|t:|1787321936\n|move|p2a: Snorlax|Body Slam|p1a: Snorlax\n|-crit|p1a: Snorlax\n|-damage|p1a: Snorlax|20/100\n|move|p1a: Snorlax|Ice Beam|p2a: Snorlax\n|-damage|p2a: Snorlax|63/100\n|\n|upkeep\n|turn|15\n|\n|t:|1787321965\n|move|p1a: Snorlax|Rest|p1a: Snorlax\n|-status|p1a: Snorlax|slp|[from] move: Rest\n|-heal|p1a: Snorlax|100/100 slp|[silent]\n|move|p2a: Snorlax|Hyper Beam|p1a: Snorlax\n|-damage|p1a: Snorlax|79/100 slp\n|-mustrecharge|p2a: Snorlax\n|\n|upkeep\n|turn|16\n|\n|t:|1787321968\n|cant|p2a: Snorlax|recharge\n|cant|p1a: Snorlax|slp\n|\n|upkeep\n|turn|17\n|inactive|Laroxyl has 270 seconds left.\n|inactive|Laroxyl has 240 seconds left.\n|\n|t:|1787322036\n|-curestatus|p1a: Snorlax|slp|[msg]\n|move|p2a: Snorlax|Body Slam|p1a: Snorlax\n|-damage|p1a: Snorlax|65/100\n|\n|upkeep\n|turn|18\n|\n|t:|1787322040\n|move|p1a: Snorlax|Ice Beam|p2a: Snorlax\n|-damage|p2a: Snorlax|48/100\n|move|p2a: Snorlax|Body Slam|p1a: Snorlax\n|-damage|p1a: Snorlax|52/100\n|\n|upkeep\n|turn|19\n|\n|t:|1787322042\n|move|p1a: Snorlax|Rest|p1a: Snorlax\n|-status|p1a: Snorlax|slp|[from] move: Rest\n|-heal|p1a: Snorlax|100/100 slp|[silent]\n|move|p2a: Snorlax|Rest|p2a: Snorlax\n|-status|p2a: Snorlax|slp|[from] move: Rest\n|-heal|p2a: Snorlax|100/100 slp|[silent]\n|\n|upkeep\n|turn|20\n|\n|t:|1787322044\n|cant|p1a: Snorlax|slp\n|cant|p2a: Snorlax|slp\n|\n|upkeep\n|turn|21\n|\n|t:|1787322045\n|-curestatus|p2a: Snorlax|slp|[msg]\n|-curestatus|p1a: Snorlax|slp|[msg]\n|\n|upkeep\n|turn|22\n|inactive|Laroxyl has 270 seconds left.\n|\n|t:|1787322055\n|switch|p2a: Chansey|Chansey|86/100\n|move|p1a: Snorlax|Ice Beam|p2a: Chansey\n|-damage|p2a: Chansey|78/100\n|-status|p2a: Chansey|frz\n|\n|upkeep\n|turn|23\n|inactive|Laroxyl has 270 seconds left.\n|\n|t:|1787322084\n|cant|p2a: Chansey|frz\n|move|p1a: Snorlax|Body Slam|p2a: Chansey\n|-damage|p2a: Chansey|40/100 frz\n|\n|upkeep\n|turn|24\n|\n|t:|1787322088\n|cant|p2a: Chansey|frz\n|move|p1a: Snorlax|Body Slam|p2a: Chansey\n|-crit|p2a: Chansey\n|-damage|p2a: Chansey|0 fnt\n|faint|p2a: Chansey\n|\n|t:|1787322104\n|switch|p2a: Starmie|Starmie|100/100\n|turn|25\n|\n|t:|1787322109\n|switch|p1a: Chansey|Chansey|100/100\n|move|p2a: Starmie|Thunder Wave|p1a: Chansey\n|-status|p1a: Chansey|par\n|\n|upkeep\n|turn|26\n|inactive|Laroxyl has 270 seconds left.\n|\n|t:|1787322121\n|switch|p2a: Jynx|Jynx|70/100 slp\n|move|p1a: Chansey|Reflect|p1a: Chansey\n|-start|p1a: Chansey|Reflect\n|\n|upkeep\n|turn|27\n|inactive|Laroxyl has 270 seconds left.\n|\n|t:|1787322131\n|-curestatus|p2a: Jynx|slp|[msg]\n|move|p1a: Chansey|Seismic Toss|p2a: Jynx\n|-damage|p2a: Jynx|40/100\n|\n|upkeep\n|turn|28\n|inactive|Laroxyl has 270 seconds left.\n|\n|t:|1787322141\n|switch|p2a: Snorlax|Snorlax|100/100\n|cant|p1a: Chansey|par\n|\n|upkeep\n|turn|29\n|inactive|Laroxyl has 270 seconds left.\n|\n|t:|1787322150\n|move|p2a: Snorlax|Body Slam|p1a: Chansey\n|-damage|p1a: Chansey|79/100 par\n|move|p1a: Chansey|Seismic Toss|p2a: Snorlax\n|-damage|p2a: Snorlax|81/100\n|\n|upkeep\n|turn|30\n|\n|t:|1787322154\n|move|p2a: Snorlax|Body Slam|p1a: Chansey\n|-damage|p1a: Chansey|57/100 par\n|move|p1a: Chansey|Thunder Wave|p2a: Snorlax\n|-status|p2a: Snorlax|par\n|\n|upkeep\n|turn|31\n|\n|t:|1787322161\n|move|p1a: Chansey|Soft-Boiled|p1a: Chansey\n|-heal|p1a: Chansey|100/100 par\n|move|p2a: Snorlax|Body Slam|p1a: Chansey\n|-damage|p1a: Chansey|78/100 par\n|\n|upkeep\n|turn|32\n|\n|t:|1787322164\n|move|p1a: Chansey|Seismic Toss|p2a: Snorlax\n|-damage|p2a: Snorlax|62/100 par\n|move|p2a: Snorlax|Body Slam|p1a: Chansey\n|-damage|p1a: Chansey|58/100 par\n|\n|upkeep\n|turn|33\n|\n|t:|1787322168\n|move|p1a: Chansey|Soft-Boiled|p1a: Chansey\n|-heal|p1a: Chansey|100/100 par\n|move|p2a: Snorlax|Body Slam|p1a: Chansey\n|-damage|p1a: Chansey|80/100 par\n|\n|upkeep\n|turn|34\n|\n|t:|1787322173\n|move|p1a: Chansey|Seismic Toss|p2a: Snorlax\n|-damage|p2a: Snorlax|43/100 par\n|move|p2a: Snorlax|Reflect|p2a: Snorlax\n|-start|p2a: Snorlax|Reflect\n|\n|upkeep\n|turn|35\n|\n|t:|1787322181\n|move|p1a: Chansey|Seismic Toss|p2a: Snorlax\n|-damage|p2a: Snorlax|24/100 par\n|move|p2a: Snorlax|Rest|p2a: Snorlax\n|-status|p2a: Snorlax|slp|[from] move: Rest\n|-heal|p2a: Snorlax|100/100 slp|[silent]\n|\n|upkeep\n|turn|36\n|\n|t:|1787322183\n|switch|p1a: Exeggutor|Exeggutor|100/100\n|cant|p2a: Snorlax|slp\n|\n|upkeep\n|turn|37\n|\n|t:|1787322194\n|move|p1a: Exeggutor|Psychic|p2a: Snorlax\n|-damage|p2a: Snorlax|70/100 slp\n|-unboost|p2a: Snorlax|spa|1\n|-unboost|p2a: Snorlax|spd|1\n|-curestatus|p2a: Snorlax|slp|[msg]\n|\n|upkeep\n|turn|38\n|\n|t:|1787322198\n|switch|p2a: Jynx|Jynx|40/100\n|move|p1a: Exeggutor|Hyper Beam|p2a: Jynx\n|-damage|p2a: Jynx|0 fnt\n|faint|p2a: Jynx\n|\n|t:|1787322217\n|switch|p2a: Starmie|Starmie|100/100\n|turn|39\n|\n|t:|1787322222\n|switch|p1a: Chansey|Chansey|80/100 par\n|move|p2a: Starmie|Thunder Wave|p1a: Chansey\n|-fail|p1a: Chansey|par\n|\n|upkeep\n|turn|40\n|\n|t:|1787322227\n|move|p2a: Starmie|Surf|p1a: Chansey\n|-damage|p1a: Chansey|64/100 par\n|move|p1a: Chansey|Reflect|p1a: Chansey\n|-start|p1a: Chansey|Reflect\n|\n|upkeep\n|turn|41\n|\n|t:|1787322241\n|move|p2a: Starmie|Surf|p1a: Chansey\n|-damage|p1a: Chansey|49/100 par\n|cant|p1a: Chansey|par\n|\n|upkeep\n|turn|42\n|\n|t:|1787322247\n|move|p2a: Starmie|Surf|p1a: Chansey\n|-damage|p1a: Chansey|32/100 par\n|cant|p1a: Chansey|par\n|\n|upkeep\n|turn|43\n|\n|t:|1787322251\n|move|p2a: Starmie|Surf|p1a: Chansey\n|-damage|p1a: Chansey|18/100 par\n|move|p1a: Chansey|Soft-Boiled|p1a: Chansey\n|-heal|p1a: Chansey|68/100 par\n|\n|upkeep\n|turn|44\n|\n|t:|1787322257\n|move|p2a: Starmie|Surf|p1a: Chansey\n|-damage|p1a: Chansey|53/100 par\n|cant|p1a: Chansey|par\n|\n|upkeep\n|turn|45\n|\n|t:|1787322263\n|move|p2a: Starmie|Surf|p1a: Chansey\n|-damage|p1a: Chansey|36/100 par\n|cant|p1a: Chansey|par\n|\n|upkeep\n|turn|46\n|\n|t:|1787322268\n|move|p2a: Starmie|Surf|p1a: Chansey\n|-damage|p1a: Chansey|21/100 par\n|move|p1a: Chansey|Soft-Boiled|p1a: Chansey\n|-heal|p1a: Chansey|71/100 par\n|\n|upkeep\n|turn|47\n|\n|t:|1787322272\n|move|p2a: Starmie|Surf|p1a: Chansey\n|-damage|p1a: Chansey|56/100 par\n|move|p1a: Chansey|Soft-Boiled|p1a: Chansey\n|-heal|p1a: Chansey|100/100 par\n|\n|upkeep\n|turn|48\n|\n|t:|1787322277\n|move|p2a: Starmie|Surf|p1a: Chansey\n|-damage|p1a: Chansey|84/100 par\n|cant|p1a: Chansey|par\n|\n|upkeep\n|turn|49\n|\n|t:|1787322280\n|move|p2a: Starmie|Surf|p1a: Chansey\n|-damage|p1a: Chansey|67/100 par\n|move|p1a: Chansey|Seismic Toss|p2a: Starmie\n|-damage|p2a: Starmie|70/100\n|\n|upkeep\n|turn|50\n|\n|t:|1787322287\n|move|p2a: Starmie|Thunderbolt|p1a: Chansey\n|-damage|p1a: Chansey|58/100 par\n|move|p1a: Chansey|Soft-Boiled|p1a: Chansey\n|-heal|p1a: Chansey|100/100 par\n|\n|upkeep\n|turn|51\n|\n|t:|1787322290\n|move|p2a: Starmie|Surf|p1a: Chansey\n|-damage|p1a: Chansey|85/100 par\n|move|p1a: Chansey|Seismic Toss|p2a: Starmie\n|-damage|p2a: Starmie|39/100\n|\n|upkeep\n|turn|52\n|\n|t:|1787322293\n|switch|p1a: Exeggutor|Exeggutor|100/100\n|move|p2a: Starmie|Recover|p2a: Starmie\n|-heal|p2a: Starmie|88/100\n|\n|upkeep\n|turn|53\n|\n|t:|1787322296\n|move|p2a: Starmie|Thunder Wave|p1a: Exeggutor\n|-status|p1a: Exeggutor|par\n|move|p1a: Exeggutor|Sleep Powder|p2a: Starmie\n|-status|p2a: Starmie|slp|[from] move: Sleep Powder\n|\n|upkeep\n|turn|54\n|\n|t:|1787322309\n|switch|p1a: Tauros|Tauros|100/100\n|-curestatus|p2a: Starmie|slp|[msg]\n|\n|upkeep\n|turn|55\n|\n|t:|1787322323\n|switch|p2a: Exeggutor|Exeggutor|100/100\n|switch|p1a: Exeggutor|Exeggutor|100/100 par\n|\n|upkeep\n|turn|56\n|\n|t:|1787322331\n|move|p2a: Exeggutor|Psychic|p1a: Exeggutor\n|-resisted|p1a: Exeggutor\n|-damage|p1a: Exeggutor|87/100 par\n|move|p1a: Exeggutor|Sleep Powder|p2a: Exeggutor\n|-status|p2a: Exeggutor|slp|[from] move: Sleep Powder\n|\n|upkeep\n|turn|57\n|\n|t:|1787322349\n|switch|p2a: Starmie|Starmie|88/100\n|switch|p1a: Tauros|Tauros|100/100\n|\n|upkeep\n|turn|58\n|\n|t:|1787322372\n|switch|p2a: Snorlax|Snorlax|70/100\n|switch|p1a: Chansey|Chansey|85/100 par\n|\n|upkeep\n|turn|59\n|\n|t:|1787322382\n|switch|p1a: Snorlax|Snorlax|100/100\n|move|p2a: Snorlax|Body Slam|p1a: Snorlax\n|-damage|p1a: Snorlax|75/100\n|\n|upkeep\n|turn|60\n|\n|t:|1787322393\n|move|p1a: Snorlax|Body Slam|p2a: Snorlax\n|-damage|p2a: Snorlax|45/100\n|move|p2a: Snorlax|Body Slam|p1a: Snorlax\n|-crit|p1a: Snorlax\n|-damage|p1a: Snorlax|20/100\n|\n|upkeep\n|turn|61\n|\n|t:|1787322402\n|move|p1a: Snorlax|Body Slam|p2a: Snorlax\n|-damage|p2a: Snorlax|17/100\n|move|p2a: Snorlax|Body Slam|p1a: Snorlax\n|-damage|p1a: Snorlax|0 fnt\n|faint|p1a: Snorlax\n|\n|t:|1787322411\n|switch|p1a: Tauros|Tauros|100/100\n|turn|62\n|\n|t:|1787322427\n|switch|p2a: Starmie|Starmie|88/100\n|move|p1a: Tauros|Body Slam|p2a: Starmie\n|-damage|p2a: Starmie|53/100\n|-status|p2a: Starmie|par\n|\n|upkeep\n|turn|63\n|\n|t:|1787322433\n|switch|p2a: Exeggutor|Exeggutor|100/100 slp\n|move|p1a: Tauros|Hyper Beam|p2a: Exeggutor|[miss]\n|-miss|p1a: Tauros\n|\n|upkeep\n|turn|64\n|\n|t:|1787322440\n|move|p1a: Tauros|Body Slam|p2a: Exeggutor\n|-damage|p2a: Exeggutor|72/100 slp\n|cant|p2a: Exeggutor|slp\n|\n|upkeep\n|turn|65\n|\n|t:|1787322444\n|move|p1a: Tauros|Body Slam|p2a: Exeggutor\n|-damage|p2a: Exeggutor|44/100 slp\n|cant|p2a: Exeggutor|slp\n|\n|upkeep\n|turn|66\n|\n|t:|1787322447\n|switch|p1a: Zapdos|Zapdos|100/100\n|cant|p2a: Exeggutor|slp\n|\n|upkeep\n|turn|67\n|\n|t:|1787322456\n|move|p1a: Zapdos|Agility|p1a: Zapdos\n|-boost|p1a: Zapdos|spe|2\n|cant|p2a: Exeggutor|slp\n|\n|upkeep\n|turn|68\n|\n|t:|1787322457\n|move|p1a: Zapdos|Drill Peck|p2a: Exeggutor\n|-supereffective|p2a: Exeggutor\n|-damage|p2a: Exeggutor|0 fnt\n|faint|p2a: Exeggutor\n|\n|t:|1787322460\n|switch|p2a: Tauros|Tauros|100/100\n|turn|69\n|\n|t:|1787322462\n|move|p1a: Zapdos|Thunder Wave|p2a: Tauros\n|-status|p2a: Tauros|par\n|cant|p2a: Tauros|par\n|\n|upkeep\n|turn|70\n|\n|t:|1787322467\n|move|p1a: Zapdos|Thunderbolt|p2a: Tauros\n|-damage|p2a: Tauros|55/100 par\n|move|p2a: Tauros|Blizzard|p1a: Zapdos\n|-supereffective|p1a: Zapdos\n|-damage|p1a: Zapdos|66/100\n|\n|upkeep\n|turn|71\n|\n|t:|1787322473\n|move|p1a: Zapdos|Thunderbolt|p2a: Tauros\n|-crit|p2a: Tauros\n|-damage|p2a: Tauros|0 fnt\n|faint|p2a: Tauros\n|c|☆Laroxyl|gg\n|c|☆Amaranth|gg\n|-message|Laroxyl forfeited.\n|\n|win|Amaranth\n","uploadtime":1787322481,"views":"115","formatid":"gen1ou","rating":null,"private":0,"password":null}