{"id":"smogtours-gen1ou-815823","format":"[Gen 1] OU","players":["Amaranth","WarumFelix"],"log":"|inactive|Battle timer is ON: inactive players will automatically lose when time's up.\n|t:|1737798893\n|gametype|singles\n|player|p1|Amaranth|#splxviruiners|\n|player|p2|WarumFelix|boarder|\n|teamsize|p1|6\n|teamsize|p2|6\n|gen|1\n|tier|[Gen 1] OU\n|rule|Desync Clause Mod: Desyncs changed to move failure.\n|rule|Sleep Clause Mod: Limit one foe put to sleep\n|rule|Freeze Clause Mod: Limit one foe frozen\n|rule|Species Clause: Limit one of each Pokémon\n|rule|OHKO Clause: OHKO moves are banned\n|rule|Evasion Moves Clause: Evasion moves are banned\n|rule|Endless Battle Clause: Forcing endless battles is banned\n|rule|HP Percentage Mod: HP is shown in percentages\n|\n|t:|1737798893\n|start\n|switch|p1a: Jynx|Jynx|100/100\n|switch|p2a: Alakazam|Alakazam|100/100\n|turn|1\n|c|☆WarumFelix|glhf\n|c|☆Amaranth|glhf\n|\n|t:|1737798912\n|move|p2a: Alakazam|Thunder Wave|p1a: Jynx\n|-status|p1a: Jynx|par\n|move|p1a: Jynx|Lovely Kiss|p2a: Alakazam\n|-status|p2a: Alakazam|slp|[from] move: Lovely Kiss\n|\n|upkeep\n|turn|2\n|\n|t:|1737798925\n|switch|p2a: Chansey|Chansey|100/100\n|switch|p1a: Alakazam|Alakazam|100/100\n|\n|upkeep\n|turn|3\n|\n|t:|1737798931\n|move|p1a: Alakazam|Thunder Wave|p2a: Chansey\n|-status|p2a: Chansey|par\n|cant|p2a: Chansey|par\n|\n|upkeep\n|turn|4\n|\n|t:|1737798937\n|switch|p1a: Jynx|Jynx|100/100 par\n|move|p2a: Chansey|Seismic Toss|p1a: Jynx\n|-damage|p1a: Jynx|70/100 par\n|\n|upkeep\n|turn|5\n|\n|t:|1737798941\n|cant|p1a: Jynx|par\n|cant|p2a: Chansey|par\n|\n|upkeep\n|turn|6\n|\n|t:|1737798944\n|move|p1a: Jynx|Psychic|p2a: Chansey\n|-crit|p2a: Chansey\n|-damage|p2a: Chansey|75/100 par\n|cant|p2a: Chansey|par\n|\n|upkeep\n|turn|7\n|inactive|Amaranth has 270 seconds left.\n|inactive|WarumFelix has 270 seconds left.\n|\n|t:|1737798987\n|move|p1a: Jynx|Psychic|p2a: Chansey\n|-damage|p2a: Chansey|60/100 par\n|move|p2a: Chansey|Soft-Boiled|p2a: Chansey\n|-heal|p2a: Chansey|100/100 par\n|\n|upkeep\n|turn|8\n|\n|t:|1737798990\n|move|p1a: Jynx|Psychic|p2a: Chansey\n|-damage|p2a: Chansey|87/100 par\n|move|p2a: Chansey|Seismic Toss|p1a: Jynx\n|-damage|p1a: Jynx|40/100 par\n|\n|upkeep\n|turn|9\n|\n|t:|1737798993\n|move|p1a: Jynx|Rest|p1a: Jynx\n|-status|p1a: Jynx|slp|[from] move: Rest\n|-heal|p1a: Jynx|100/100 slp|[silent]\n|cant|p2a: Chansey|par\n|\n|upkeep\n|turn|10\n|\n|t:|1737799018\n|switch|p2a: Tauros|Tauros|100/100\n|cant|p1a: Jynx|slp\n|\n|upkeep\n|turn|11\n|\n|t:|1737799020\n|switch|p1a: Snorlax|Snorlax|100/100\n|move|p2a: Tauros|Body Slam|p1a: Snorlax\n|-damage|p1a: Snorlax|75/100\n|\n|upkeep\n|turn|12\n|\n|t:|1737799026\n|move|p2a: Tauros|Earthquake|p1a: Snorlax\n|-damage|p1a: Snorlax|57/100\n|move|p1a: Snorlax|Body Slam|p2a: Tauros\n|-damage|p2a: Tauros|70/100\n|\n|upkeep\n|turn|13\n|\n|t:|1737799045\n|move|p2a: Tauros|Earthquake|p1a: Snorlax\n|-crit|p1a: Snorlax\n|-damage|p1a: Snorlax|17/100\n|move|p1a: Snorlax|Self-Destruct|p2a: Tauros\n|-damage|p2a: Tauros|0 fnt\n|faint|p2a: Tauros\n|faint|p1a: Snorlax\n|\n|t:|1737799067\n|switch|p2a: Snorlax|Snorlax|100/100\n|switch|p1a: Zapdos|Zapdos|100/100\n|turn|14\n|\n|t:|1737799090\n|move|p1a: Zapdos|Thunder Wave|p2a: Snorlax\n|-status|p2a: Snorlax|par\n|move|p2a: Snorlax|Body Slam|p1a: Zapdos\n|-damage|p1a: Zapdos|69/100\n|\n|upkeep\n|turn|15\n|inactive|WarumFelix has 270 seconds left.\n|rated|Smogon Premier League\n|inactive|WarumFelix has 240 seconds left.\n|\n|t:|1737799146\n|move|p1a: Zapdos|Thunderbolt|p2a: Snorlax\n|-crit|p2a: Snorlax\n|-damage|p2a: Snorlax|38/100 par\n|move|p2a: Snorlax|Self-Destruct|p1a: Zapdos\n|-damage|p1a: Zapdos|0 fnt\n|faint|p1a: Zapdos\n|faint|p2a: Snorlax\n|inactive|Amaranth has 270 seconds left.\n|\n|t:|1737799182\n|switch|p1a: Dragonite|Dragonite|100/100\n|switch|p2a: Exeggutor|Exeggutor|100/100\n|turn|16\n|inactive|Amaranth has 270 seconds left.\n|inactive|Amaranth has 240 seconds left.\n|\n|t:|1737799223\n|move|p1a: Dragonite|Wrap|p2a: Exeggutor\n|-crit|p2a: Exeggutor\n|-damage|p2a: Exeggutor|92/100\n|cant|p2a: Exeggutor|partiallytrapped\n|\n|upkeep\n|turn|17\n|inactive|Amaranth has 240 seconds left.\n|\n|t:|1737799237\n|switch|p2a: Alakazam|Alakazam|100/100 slp\n|move|p1a: Dragonite|Wrap|p2a: Alakazam\n|-damage|p2a: Alakazam|93/100 slp\n|\n|upkeep\n|turn|18\n|\n|t:|1737799245\n|switch|p2a: Cloyster|Cloyster|100/100\n|move|p1a: Dragonite|Wrap|p2a: Cloyster\n|-crit|p2a: Cloyster\n|-damage|p2a: Cloyster|94/100\n|\n|upkeep\n|turn|19\n|inactive|Amaranth has 240 seconds left.\n|inactive|WarumFelix has 210 seconds left.\n|\n|t:|1737799270\n|switch|p2a: Chansey|Chansey|87/100 par\n|move|p1a: Dragonite|Wrap|p2a: Chansey\n|-damage|p2a: Chansey|82/100 par\n|\n|upkeep\n|turn|20\n|\n|t:|1737799272\n|switch|p2a: Cloyster|Cloyster|94/100\n|move|p1a: Dragonite|Wrap|p2a: Cloyster\n|-damage|p2a: Cloyster|91/100\n|\n|upkeep\n|turn|21\n|\n|t:|1737799274\n|move|p1a: Dragonite|Wrap|p2a: Cloyster|[from]Wrap\n|-damage|p2a: Cloyster|87/100\n|cant|p2a: Cloyster|partiallytrapped\n|\n|upkeep\n|turn|22\n|\n|t:|1737799285\n|switch|p1a: Alakazam|Alakazam|100/100\n|cant|p2a: Cloyster|partiallytrapped\n|\n|upkeep\n|turn|23\n|inactive|WarumFelix has 240 seconds left.\n|inactive|WarumFelix has 210 seconds left.\n|\n|t:|1737799342\n|switch|p2a: Exeggutor|Exeggutor|92/100\n|move|p1a: Alakazam|Psychic|p2a: Exeggutor\n|-resisted|p2a: Exeggutor\n|-damage|p2a: Exeggutor|78/100\n|-unboost|p2a: Exeggutor|spa|1\n|-unboost|p2a: Exeggutor|spd|1\n|\n|upkeep\n|turn|24\n|\n|t:|1737799361\n|switch|p1a: Jynx|Jynx|100/100 slp\n|move|p2a: Exeggutor|Sleep Powder|p1a: Jynx\n|-fail|p1a: Jynx|slp\n|\n|upkeep\n|turn|25\n|\n|t:|1737799363\n|-curestatus|p1a: Jynx|slp|[msg]\n|move|p2a: Exeggutor|Sleep Powder|p1a: Jynx\n|-status|p1a: Jynx|slp|[from] move: Sleep Powder\n|\n|upkeep\n|turn|26\n|\n|t:|1737799372\n|switch|p2a: Chansey|Chansey|82/100 par\n|cant|p1a: Jynx|slp\n|\n|upkeep\n|turn|27\n|inactive|WarumFelix has 210 seconds left.\n|\n|t:|1737799385\n|switch|p1a: Alakazam|Alakazam|100/100\n|cant|p2a: Chansey|par\n|\n|upkeep\n|turn|28\n|\n|t:|1737799388\n|move|p1a: Alakazam|Psychic|p2a: Chansey\n|-damage|p2a: Chansey|63/100 par\n|-unboost|p2a: Chansey|spa|1\n|-unboost|p2a: Chansey|spd|1\n|move|p2a: Chansey|Thunder Wave|p1a: Alakazam\n|-status|p1a: Alakazam|par\n|\n|upkeep\n|turn|29\n|inactive|WarumFelix has 210 seconds left.\n|\n|t:|1737799423\n|move|p1a: Alakazam|Psychic|p2a: Chansey\n|-damage|p2a: Chansey|36/100 par\n|-unboost|p2a: Chansey|spa|1\n|-unboost|p2a: Chansey|spd|1\n|cant|p2a: Chansey|par\n|\n|upkeep\n|turn|30\n|inactive|WarumFelix has 180 seconds left.\n|\n|t:|1737799456\n|switch|p2a: Alakazam|Alakazam|93/100 slp\n|move|p1a: Alakazam|Psychic|p2a: Alakazam\n|-crit|p2a: Alakazam\n|-resisted|p2a: Alakazam\n|-damage|p2a: Alakazam|60/100 slp\n|\n|upkeep\n|turn|31\n|inactive|WarumFelix has 150 seconds left.\n|\n|t:|1737799514\n|switch|p2a: Exeggutor|Exeggutor|78/100\n|switch|p1a: Tauros|Tauros|100/100\n|\n|upkeep\n|turn|32\n|inactive|WarumFelix has 120 seconds left.\n|\n|t:|1737799545\n|move|p1a: Tauros|Body Slam|p2a: Exeggutor\n|-damage|p2a: Exeggutor|51/100\n|move|p2a: Exeggutor|Psychic|p1a: Tauros\n|-crit|p1a: Tauros\n|-damage|p1a: Tauros|8/100\n|\n|upkeep\n|turn|33\n|inactive|Amaranth has 270 seconds left.\n|inactive|WarumFelix has 90 seconds left.\n|\n|t:|1737799598\n|move|p1a: Tauros|Hyper Beam|p2a: Exeggutor|[miss]\n|-miss|p1a: Tauros\n|move|p2a: Exeggutor|Psychic|p1a: Tauros\n|-damage|p1a: Tauros|0 fnt\n|faint|p1a: Tauros\n|inactive|Amaranth has 240 seconds left.\n|\n|t:|1737799613\n|switch|p1a: Dragonite|Dragonite|100/100\n|turn|34\n|inactive|WarumFelix has 60 seconds left.\n|\n|t:|1737799657\n|move|p1a: Dragonite|Wrap|p2a: Exeggutor\n|-crit|p2a: Exeggutor\n|-damage|p2a: Exeggutor|44/100\n|cant|p2a: Exeggutor|partiallytrapped\n|\n|upkeep\n|turn|35\n|\n|t:|1737799676\n|switch|p2a: Alakazam|Alakazam|60/100 slp\n|move|p1a: Dragonite|Wrap|p2a: Alakazam\n|-damage|p2a: Alakazam|53/100 slp\n|\n|upkeep\n|turn|36\n|\n|t:|1737799685\n|cant|p2a: Alakazam|slp\n|move|p1a: Dragonite|Wrap|p2a: Alakazam|[from]Wrap\n|-damage|p2a: Alakazam|46/100 slp\n|\n|upkeep\n|turn|37\n|\n|t:|1737799686\n|switch|p2a: Cloyster|Cloyster|87/100\n|move|p1a: Dragonite|Wrap|p2a: Cloyster\n|-damage|p2a: Cloyster|84/100\n|\n|upkeep\n|turn|38\n|inactive|WarumFelix has 60 seconds left.\n|\n|t:|1737799710\n|move|p1a: Dragonite|Wrap|p2a: Cloyster|[from]Wrap\n|-damage|p2a: Cloyster|81/100\n|cant|p2a: Cloyster|partiallytrapped\n|\n|upkeep\n|turn|39\n|\n|t:|1737799731\n|switch|p1a: Jynx|Jynx|100/100 slp\n|move|p2a: Cloyster|Blizzard|p1a: Jynx|[miss]\n|-miss|p2a: Cloyster\n|\n|upkeep\n|turn|40\n|\n|t:|1737799737\n|switch|p2a: Chansey|Chansey|36/100 par\n|cant|p1a: Jynx|slp\n|\n|upkeep\n|turn|41\n|\n|t:|1737799742\n|cant|p1a: Jynx|slp\n|move|p2a: Chansey|Soft-Boiled|p2a: Chansey\n|-heal|p2a: Chansey|86/100 par\n|\n|upkeep\n|turn|42\n|\n|t:|1737799745\n|switch|p1a: Alakazam|Alakazam|100/100 par\n|move|p2a: Chansey|Seismic Toss|p1a: Alakazam\n|-damage|p1a: Alakazam|69/100 par\n|\n|upkeep\n|turn|43\n|inactive|WarumFelix has 60 seconds left.\n|\n|t:|1737799782\n|cant|p1a: Alakazam|par\n|move|p2a: Chansey|Seismic Toss|p1a: Alakazam\n|-damage|p1a: Alakazam|37/100 par\n|\n|upkeep\n|turn|44\n|\n|t:|1737799797\n|switch|p2a: Exeggutor|Exeggutor|44/100\n|move|p1a: Alakazam|Recover|p1a: Alakazam\n|-heal|p1a: Alakazam|86/100 par\n|\n|upkeep\n|turn|45\n|inactive|WarumFelix has 30 seconds left.\n|inactive|Amaranth has 270 seconds left.\n|inactive|WarumFelix has 20 seconds left.\n|\n|t:|1737799844\n|switch|p1a: Dragonite|Dragonite|100/100\n|move|p2a: Exeggutor|Psychic|p1a: Dragonite\n|-crit|p1a: Dragonite\n|-damage|p1a: Dragonite|38/100\n|\n|upkeep\n|turn|46\n|inactive|WarumFelix has 30 seconds left this turn.\n|inactive|WarumFelix has 20 seconds left.\n|inactive|WarumFelix has 15 seconds left.\n|\n|t:|1737799871\n|switch|p2a: Cloyster|Cloyster|81/100\n|move|p1a: Dragonite|Wrap|p2a: Cloyster\n|-damage|p2a: Cloyster|77/100\n|\n|upkeep\n|turn|47\n|inactive|WarumFelix has 25 seconds left this turn.\n|inactive|WarumFelix has 20 seconds left.\n|\n|t:|1737799879\n|move|p1a: Dragonite|Wrap|p2a: Cloyster|[from]Wrap\n|-damage|p2a: Cloyster|74/100\n|cant|p2a: Cloyster|partiallytrapped\n|\n|upkeep\n|turn|48\n|inactive|WarumFelix has 30 seconds left this turn.\n|\n|t:|1737799880\n|move|p1a: Dragonite|Wrap|p2a: Cloyster|[from]Wrap\n|-damage|p2a: Cloyster|71/100\n|cant|p2a: Cloyster|partiallytrapped\n|\n|upkeep\n|turn|49\n|\n|t:|1737799884\n|switch|p1a: Jynx|Jynx|100/100 slp\n|move|p2a: Cloyster|Blizzard|p1a: Jynx\n|-resisted|p1a: Jynx\n|-damage|p1a: Jynx|81/100 slp\n|\n|upkeep\n|turn|50\n|\n|t:|1737799887\n|switch|p2a: Chansey|Chansey|86/100 par\n|cant|p1a: Jynx|slp\n|\n|upkeep\n|turn|51\n|\n|t:|1737799890\n|switch|p1a: Alakazam|Alakazam|86/100 par\n|move|p2a: Chansey|Seismic Toss|p1a: Alakazam\n|-damage|p1a: Alakazam|54/100 par\n|\n|upkeep\n|turn|52\n|\n|t:|1737799893\n|move|p1a: Alakazam|Recover|p1a: Alakazam\n|-heal|p1a: Alakazam|100/100 par\n|move|p2a: Chansey|Seismic Toss|p1a: Alakazam\n|-damage|p1a: Alakazam|69/100 par\n|\n|upkeep\n|turn|53\n|\n|t:|1737799896\n|move|p1a: Alakazam|Recover|p1a: Alakazam\n|-heal|p1a: Alakazam|100/100 par\n|cant|p2a: Chansey|par\n|\n|upkeep\n|turn|54\n|\n|t:|1737799898\n|cant|p1a: Alakazam|par\n|move|p2a: Chansey|Soft-Boiled|p2a: Chansey\n|-heal|p2a: Chansey|100/100 par\n|\n|upkeep\n|turn|55\n|\n|t:|1737799900\n|move|p1a: Alakazam|Seismic Toss|p2a: Chansey\n|-damage|p2a: Chansey|86/100 par\n|move|p2a: Chansey|Seismic Toss|p1a: Alakazam\n|-damage|p1a: Alakazam|69/100 par\n|\n|upkeep\n|turn|56\n|\n|t:|1737799901\n|cant|p1a: Alakazam|par\n|move|p2a: Chansey|Seismic Toss|p1a: Alakazam\n|-damage|p1a: Alakazam|37/100 par\n|\n|upkeep\n|turn|57\n|\n|t:|1737799903\n|switch|p2a: Exeggutor|Exeggutor|44/100\n|move|p1a: Alakazam|Recover|p1a: Alakazam\n|-heal|p1a: Alakazam|86/100 par\n|\n|upkeep\n|turn|58\n|inactive|WarumFelix has 120 seconds left.\n|\n|t:|1737799941\n|move|p2a: Exeggutor|Psychic|p1a: Alakazam\n|-crit|p1a: Alakazam\n|-resisted|p1a: Alakazam\n|-damage|p1a: Alakazam|54/100 par\n|move|p1a: Alakazam|Thunder Wave|p2a: Exeggutor\n|-status|p2a: Exeggutor|par\n|\n|upkeep\n|turn|59\n|\n|t:|1737799949\n|switch|p1a: Dragonite|Dragonite|38/100\n|move|p2a: Exeggutor|Explosion|p1a: Dragonite\n|-damage|p1a: Dragonite|0 fnt\n|faint|p1a: Dragonite\n|faint|p2a: Exeggutor\n|\n|t:|1737799969\n|switch|p1a: Alakazam|Alakazam|54/100 par\n|switch|p2a: Cloyster|Cloyster|71/100\n|turn|60\n|inactive|Amaranth has 270 seconds left.\n|\n|t:|1737800004\n|switch|p1a: Jynx|Jynx|81/100 slp\n|move|p2a: Cloyster|Clamp|p1a: Jynx\n|-damage|p1a: Jynx|70/100 slp\n|\n|upkeep\n|turn|61\n|\n|t:|1737800010\n|switch|p2a: Chansey|Chansey|86/100 par\n|cant|p1a: Jynx|slp\n|\n|upkeep\n|turn|62\n|\n|t:|1737800015\n|switch|p1a: Alakazam|Alakazam|54/100 par\n|cant|p2a: Chansey|par\n|\n|upkeep\n|turn|63\n|\n|t:|1737800018\n|cant|p1a: Alakazam|par\n|move|p2a: Chansey|Seismic Toss|p1a: Alakazam\n|-damage|p1a: Alakazam|22/100 par\n|\n|upkeep\n|turn|64\n|\n|t:|1737800019\n|move|p1a: Alakazam|Recover|p1a: Alakazam\n|-heal|p1a: Alakazam|72/100 par\n|move|p2a: Chansey|Seismic Toss|p1a: Alakazam\n|-damage|p1a: Alakazam|40/100 par\n|\n|upkeep\n|turn|65\n|\n|t:|1737800020\n|cant|p1a: Alakazam|par\n|move|p2a: Chansey|Seismic Toss|p1a: Alakazam\n|-damage|p1a: Alakazam|8/100 par\n|\n|upkeep\n|turn|66\n|\n|t:|1737800022\n|move|p1a: Alakazam|Recover|p1a: Alakazam\n|-heal|p1a: Alakazam|58/100 par\n|move|p2a: Chansey|Seismic Toss|p1a: Alakazam\n|-damage|p1a: Alakazam|26/100 par\n|\n|upkeep\n|turn|67\n|\n|t:|1737800023\n|move|p1a: Alakazam|Recover|p1a: Alakazam\n|-heal|p1a: Alakazam|76/100 par\n|move|p2a: Chansey|Seismic Toss|p1a: Alakazam\n|-damage|p1a: Alakazam|44/100 par\n|\n|upkeep\n|turn|68\n|\n|t:|1737800024\n|move|p1a: Alakazam|Recover|p1a: Alakazam\n|-heal|p1a: Alakazam|94/100 par\n|move|p2a: Chansey|Seismic Toss|p1a: Alakazam\n|-damage|p1a: Alakazam|62/100 par\n|\n|upkeep\n|turn|69\n|\n|t:|1737800026\n|move|p1a: Alakazam|Recover|p1a: Alakazam\n|-heal|p1a: Alakazam|100/100 par\n|move|p2a: Chansey|Seismic Toss|p1a: Alakazam\n|-damage|p1a: Alakazam|69/100 par\n|\n|upkeep\n|turn|70\n|\n|t:|1737800028\n|move|p1a: Alakazam|Recover|p1a: Alakazam\n|-heal|p1a: Alakazam|100/100 par\n|move|p2a: Chansey|Seismic Toss|p1a: Alakazam\n|-damage|p1a: Alakazam|69/100 par\n|\n|upkeep\n|turn|71\n|\n|t:|1737800030\n|switch|p2a: Cloyster|Cloyster|71/100\n|move|p1a: Alakazam|Recover|p1a: Alakazam\n|-heal|p1a: Alakazam|100/100 par\n|\n|upkeep\n|turn|72\n|\n|t:|1737800036\n|switch|p1a: Jynx|Jynx|70/100 slp\n|move|p2a: Cloyster|Clamp|p1a: Jynx|[miss]\n|-miss|p2a: Cloyster\n|\n|upkeep\n|turn|73\n|\n|t:|1737800049\n|cant|p1a: Jynx|slp\n|move|p2a: Cloyster|Blizzard|p1a: Jynx\n|-crit|p1a: Jynx\n|-resisted|p1a: Jynx\n|-damage|p1a: Jynx|31/100 slp\n|\n|upkeep\n|turn|74\n|\n|t:|1737800057\n|-curestatus|p1a: Jynx|slp|[msg]\n|move|p2a: Cloyster|Clamp|p1a: Jynx\n|-damage|p1a: Jynx|20/100\n|\n|upkeep\n|turn|75\n|\n|t:|1737800062\n|switch|p1a: Alakazam|Alakazam|100/100 par\n|move|p2a: Cloyster|Clamp|p1a: Alakazam\n|-damage|p1a: Alakazam|91/100 par\n|\n|upkeep\n|turn|76\n|inactive|Amaranth has 270 seconds left.\n|\n|t:|1737800117\n|move|p2a: Cloyster|Clamp|p1a: Alakazam|[from]Clamp\n|-damage|p1a: Alakazam|82/100 par\n|cant|p1a: Alakazam|partiallytrapped\n|\n|upkeep\n|turn|77\n|inactive|WarumFelix has 240 seconds left.\n|inactive|WarumFelix has 210 seconds left.\n|inactive|WarumFelix has 180 seconds left.\n|inactive|WarumFelix has 150 seconds left.\n|\n|t:|1737800223\n|switch|p1a: Jynx|Jynx|20/100\n|move|p2a: Cloyster|Clamp|p1a: Jynx|[miss]\n|-miss|p2a: Cloyster\n|\n|upkeep\n|turn|78\n|inactive|WarumFelix has 150 seconds left.\n|\n|t:|1737800250\n|move|p1a: Jynx|Rest|p1a: Jynx\n|-status|p1a: Jynx|slp|[from] move: Rest\n|-heal|p1a: Jynx|100/100 slp|[silent]\n|move|p2a: Cloyster|Blizzard|p1a: Jynx\n|-crit|p1a: Jynx\n|-resisted|p1a: Jynx\n|-damage|p1a: Jynx|60/100 slp\n|\n|upkeep\n|turn|79\n|\n|t:|1737800259\n|cant|p1a: Jynx|slp\n|move|p2a: Cloyster|Blizzard|p1a: Jynx\n|-resisted|p1a: Jynx\n|-damage|p1a: Jynx|40/100 slp\n|\n|upkeep\n|turn|80\n|\n|t:|1737800268\n|-curestatus|p1a: Jynx|slp|[msg]\n|move|p2a: Cloyster|Clamp|p1a: Jynx\n|-damage|p1a: Jynx|28/100\n|\n|upkeep\n|turn|81\n|\n|t:|1737800275\n|cant|p1a: Jynx|partiallytrapped\n|move|p2a: Cloyster|Clamp|p1a: Jynx|[from]Clamp\n|-damage|p1a: Jynx|15/100\n|\n|upkeep\n|turn|82\n|\n|t:|1737800277\n|move|p1a: Jynx|Rest|p1a: Jynx\n|-status|p1a: Jynx|slp|[from] move: Rest\n|-heal|p1a: Jynx|100/100 slp|[silent]\n|move|p2a: Cloyster|Blizzard|p1a: Jynx\n|-resisted|p1a: Jynx\n|-damage|p1a: Jynx|82/100 slp\n|\n|upkeep\n|turn|83\n|\n|t:|1737800291\n|cant|p1a: Jynx|slp\n|move|p2a: Cloyster|Blizzard|p1a: Jynx\n|-resisted|p1a: Jynx\n|-damage|p1a: Jynx|62/100 slp\n|\n|upkeep\n|turn|84\n|\n|t:|1737800293\n|-curestatus|p1a: Jynx|slp|[msg]\n|move|p2a: Cloyster|Clamp|p1a: Jynx\n|-damage|p1a: Jynx|50/100\n|\n|upkeep\n|turn|85\n|inactive|WarumFelix has 180 seconds left.\n|\n|t:|1737800299\n|cant|p1a: Jynx|partiallytrapped\n|move|p2a: Cloyster|Clamp|p1a: Jynx|[from]Clamp\n|-damage|p1a: Jynx|38/100\n|\n|upkeep\n|turn|86\n|\n|t:|1737800300\n|cant|p1a: Jynx|partiallytrapped\n|move|p2a: Cloyster|Clamp|p1a: Jynx|[from]Clamp\n|-damage|p1a: Jynx|25/100\n|\n|upkeep\n|turn|87\n|\n|t:|1737800311\n|switch|p2a: Alakazam|Alakazam|46/100 slp\n|move|p1a: Jynx|Rest|p1a: Jynx\n|-status|p1a: Jynx|slp|[from] move: Rest\n|-heal|p1a: Jynx|100/100 slp|[silent]\n|\n|upkeep\n|turn|88\n|\n|t:|1737800314\n|-curestatus|p2a: Alakazam|slp|[msg]\n|cant|p1a: Jynx|slp\n|\n|upkeep\n|turn|89\n|inactive|WarumFelix has 180 seconds left.\n|\n|t:|1737800354\n|move|p2a: Alakazam|Recover|p2a: Alakazam\n|-heal|p2a: Alakazam|96/100\n|-curestatus|p1a: Jynx|slp|[msg]\n|\n|upkeep\n|turn|90\n|\n|t:|1737800362\n|switch|p2a: Chansey|Chansey|86/100 par\n|move|p1a: Jynx|Lovely Kiss|p2a: Chansey\n|-fail|p2a: Chansey\n|\n|upkeep\n|turn|91\n|\n|t:|1737800372\n|move|p1a: Jynx|Psychic|p2a: Chansey\n|-damage|p2a: Chansey|71/100 par\n|move|p2a: Chansey|Seismic Toss|p1a: Jynx\n|-damage|p1a: Jynx|70/100\n|\n|upkeep\n|turn|92\n|\n|t:|1737800381\n|move|p1a: Jynx|Psychic|p2a: Chansey\n|-damage|p2a: Chansey|56/100 par\n|move|p2a: Chansey|Thunder Wave|p1a: Jynx\n|-status|p1a: Jynx|par\n|\n|upkeep\n|turn|93\n|\n|t:|1737800387\n|move|p1a: Jynx|Psychic|p2a: Chansey\n|-damage|p2a: Chansey|43/100 par\n|move|p2a: Chansey|Soft-Boiled|p2a: Chansey\n|-heal|p2a: Chansey|93/100 par\n|\n|upkeep\n|turn|94\n|\n|t:|1737800391\n|move|p1a: Jynx|Psychic|p2a: Chansey\n|-damage|p2a: Chansey|79/100 par\n|cant|p2a: Chansey|par\n|\n|upkeep\n|turn|95\n|\n|t:|1737800395\n|move|p1a: Jynx|Rest|p1a: Jynx\n|-status|p1a: Jynx|slp|[from] move: Rest\n|-heal|p1a: Jynx|100/100 slp|[silent]\n|move|p2a: Chansey|Seismic Toss|p1a: Jynx\n|-damage|p1a: Jynx|70/100 slp\n|\n|upkeep\n|turn|96\n|\n|t:|1737800405\n|cant|p1a: Jynx|slp\n|move|p2a: Chansey|Seismic Toss|p1a: Jynx\n|-damage|p1a: Jynx|40/100 slp\n|\n|upkeep\n|turn|97\n|\n|t:|1737800407\n|-curestatus|p1a: Jynx|slp|[msg]\n|move|p2a: Chansey|Sing|p1a: Jynx\n|-status|p1a: Jynx|slp|[from] move: Sing\n|\n|upkeep\n|turn|98\n|inactive|WarumFelix has 240 seconds left.\n|\n|t:|1737800423\n|switch|p2a: Alakazam|Alakazam|96/100\n|cant|p1a: Jynx|slp\n|\n|upkeep\n|turn|99\n|\n|t:|1737800440\n|switch|p1a: Alakazam|Alakazam|82/100 par\n|move|p2a: Alakazam|Seismic Toss|p1a: Alakazam\n|-damage|p1a: Alakazam|50/100 par\n|\n|upkeep\n|turn|100\n|\n|t:|1737800442\n|move|p2a: Alakazam|Seismic Toss|p1a: Alakazam\n|-damage|p1a: Alakazam|18/100 par\n|move|p1a: Alakazam|Thunder Wave|p2a: Alakazam\n|-status|p2a: Alakazam|par\n|\n|upkeep\n|turn|101\n|\n|t:|1737800444\n|move|p1a: Alakazam|Recover|p1a: Alakazam\n|-heal|p1a: Alakazam|68/100 par\n|move|p2a: Alakazam|Seismic Toss|p1a: Alakazam\n|-damage|p1a: Alakazam|36/100 par\n|\n|upkeep\n|turn|102\n|\n|t:|1737800448\n|move|p2a: Alakazam|Psychic|p1a: Alakazam\n|-resisted|p1a: Alakazam\n|-damage|p1a: Alakazam|20/100 par\n|move|p1a: Alakazam|Recover|p1a: Alakazam\n|-heal|p1a: Alakazam|70/100 par\n|\n|upkeep\n|turn|103\n|\n|t:|1737800453\n|cant|p2a: Alakazam|par\n|move|p1a: Alakazam|Seismic Toss|p2a: Alakazam\n|-damage|p2a: Alakazam|64/100 par\n|\n|upkeep\n|turn|104\n|\n|t:|1737800459\n|move|p1a: Alakazam|Seismic Toss|p2a: Alakazam\n|-damage|p2a: Alakazam|32/100 par\n|cant|p2a: Alakazam|par\n|\n|upkeep\n|turn|105\n|inactive|WarumFelix has 270 seconds left.\n|\n|t:|1737800480\n|switch|p2a: Chansey|Chansey|79/100 par\n|move|p1a: Alakazam|Seismic Toss|p2a: Chansey\n|-damage|p2a: Chansey|65/100 par\n|\n|upkeep\n|turn|106\n|\n|t:|1737800492\n|move|p1a: Alakazam|Recover|p1a: Alakazam\n|-heal|p1a: Alakazam|100/100 par\n|move|p2a: Chansey|Soft-Boiled|p2a: Chansey\n|-heal|p2a: Chansey|100/100 par\n|\n|upkeep\n|turn|107\n|\n|t:|1737800494\n|move|p1a: Alakazam|Psychic|p2a: Chansey\n|-damage|p2a: Chansey|82/100 par\n|move|p2a: Chansey|Seismic Toss|p1a: Alakazam\n|-damage|p1a: Alakazam|69/100 par\n|\n|upkeep\n|turn|108\n|\n|t:|1737800500\n|move|p1a: Alakazam|Recover|p1a: Alakazam\n|-heal|p1a: Alakazam|100/100 par\n|move|p2a: Chansey|Soft-Boiled|p2a: Chansey\n|-heal|p2a: Chansey|100/100 par\n|\n|upkeep\n|turn|109\n|\n|t:|1737800503\n|move|p1a: Alakazam|Psychic|p2a: Chansey\n|-damage|p2a: Chansey|82/100 par\n|move|p2a: Chansey|Seismic Toss|p1a: Alakazam\n|-damage|p1a: Alakazam|69/100 par\n|\n|upkeep\n|turn|110\n|\n|t:|1737800506\n|move|p1a: Alakazam|Recover|p1a: Alakazam\n|-heal|p1a: Alakazam|100/100 par\n|move|p2a: Chansey|Seismic Toss|p1a: Alakazam\n|-damage|p1a: Alakazam|69/100 par\n|\n|upkeep\n|turn|111\n|\n|t:|1737800508\n|move|p1a: Alakazam|Recover|p1a: Alakazam\n|-heal|p1a: Alakazam|100/100 par\n|move|p2a: Chansey|Seismic Toss|p1a: Alakazam\n|-damage|p1a: Alakazam|69/100 par\n|\n|upkeep\n|turn|112\n|\n|t:|1737800509\n|switch|p2a: Cloyster|Cloyster|71/100\n|cant|p1a: Alakazam|par\n|\n|upkeep\n|turn|113\n|inactive|WarumFelix has 270 seconds left.\n|inactive|Amaranth has 270 seconds left.\n|\n|t:|1737800551\n|move|p2a: Cloyster|Clamp|p1a: Alakazam\n|-damage|p1a: Alakazam|59/100 par\n|cant|p1a: Alakazam|partiallytrapped\n|\n|upkeep\n|turn|114\n|\n|t:|1737800555\n|switch|p1a: Jynx|Jynx|40/100 slp\n|move|p2a: Cloyster|Clamp|p1a: Jynx\n|-damage|p1a: Jynx|30/100 slp\n|\n|upkeep\n|turn|115\n|\n|t:|1737800558\n|cant|p1a: Jynx|slp\n|move|p2a: Cloyster|Clamp|p1a: Jynx|[from]Clamp\n|-damage|p1a: Jynx|19/100 slp\n|\n|upkeep\n|turn|116\n|\n|t:|1737800566\n|cant|p1a: Jynx|slp\n|move|p2a: Cloyster|Blizzard|p1a: Jynx|[miss]\n|-miss|p2a: Cloyster\n|\n|upkeep\n|turn|117\n|\n|t:|1737800570\n|-curestatus|p1a: Jynx|slp|[msg]\n|move|p2a: Cloyster|Clamp|p1a: Jynx\n|-damage|p1a: Jynx|8/100\n|\n|upkeep\n|turn|118\n|\n|t:|1737800574\n|switch|p1a: Alakazam|Alakazam|59/100 par\n|move|p2a: Cloyster|Clamp|p1a: Alakazam\n|-damage|p1a: Alakazam|49/100 par\n|\n|upkeep\n|turn|119\n|\n|t:|1737800577\n|move|p2a: Cloyster|Clamp|p1a: Alakazam|[from]Clamp\n|-damage|p1a: Alakazam|39/100 par\n|cant|p1a: Alakazam|partiallytrapped\n|\n|upkeep\n|turn|120\n|\n|t:|1737800583\n|move|p2a: Cloyster|Explosion|p1a: Alakazam\n|-damage|p1a: Alakazam|0 fnt\n|faint|p1a: Alakazam\n|faint|p2a: Cloyster\n|\n|t:|1737800585\n|switch|p2a: Chansey|Chansey|82/100 par\n|switch|p1a: Jynx|Jynx|8/100\n|turn|121\n|\n|t:|1737800591\n|move|p1a: Jynx|Rest|p1a: Jynx\n|-status|p1a: Jynx|slp|[from] move: Rest\n|-heal|p1a: Jynx|100/100 slp|[silent]\n|move|p2a: Chansey|Seismic Toss|p1a: Jynx\n|-damage|p1a: Jynx|70/100 slp\n|\n|upkeep\n|turn|122\n|\n|t:|1737800615\n|cant|p1a: Jynx|slp\n|move|p2a: Chansey|Seismic Toss|p1a: Jynx\n|-damage|p1a: Jynx|40/100 slp\n|\n|upkeep\n|turn|123\n|\n|t:|1737800618\n|-curestatus|p1a: Jynx|slp|[msg]\n|cant|p2a: Chansey|par\n|\n|upkeep\n|turn|124\n|\n|t:|1737800624\n|move|p1a: Jynx|Rest|p1a: Jynx\n|-status|p1a: Jynx|slp|[from] move: Rest\n|-heal|p1a: Jynx|100/100 slp|[silent]\n|move|p2a: Chansey|Seismic Toss|p1a: Jynx\n|-damage|p1a: Jynx|70/100 slp\n|\n|upkeep\n|turn|125\n|\n|t:|1737800630\n|cant|p1a: Jynx|slp\n|move|p2a: Chansey|Seismic Toss|p1a: Jynx\n|-damage|p1a: Jynx|40/100 slp\n|\n|upkeep\n|turn|126\n|\n|t:|1737800632\n|-curestatus|p1a: Jynx|slp|[msg]\n|cant|p2a: Chansey|par\n|\n|upkeep\n|turn|127\n|\n|t:|1737800642\n|move|p1a: Jynx|Rest|p1a: Jynx\n|-status|p1a: Jynx|slp|[from] move: Rest\n|-heal|p1a: Jynx|100/100 slp|[silent]\n|cant|p2a: Chansey|par\n|\n|upkeep\n|turn|128\n|\n|t:|1737800653\n|cant|p1a: Jynx|slp\n|move|p2a: Chansey|Seismic Toss|p1a: Jynx\n|-damage|p1a: Jynx|70/100 slp\n|\n|upkeep\n|turn|129\n|\n|t:|1737800655\n|-curestatus|p1a: Jynx|slp|[msg]\n|move|p2a: Chansey|Sing|p1a: Jynx|[miss]\n|-miss|p2a: Chansey\n|\n|upkeep\n|turn|130\n|\n|t:|1737800663\n|move|p1a: Jynx|Psychic|p2a: Chansey\n|-damage|p2a: Chansey|68/100 par\n|move|p2a: Chansey|Soft-Boiled|p2a: Chansey\n|-heal|p2a: Chansey|100/100 par\n|\n|upkeep\n|turn|131\n|\n|t:|1737800675\n|move|p1a: Jynx|Psychic|p2a: Chansey\n|-crit|p2a: Chansey\n|-damage|p2a: Chansey|73/100 par\n|cant|p2a: Chansey|par\n|\n|upkeep\n|turn|132\n|\n|t:|1737800679\n|move|p1a: Jynx|Psychic|p2a: Chansey\n|-crit|p2a: Chansey\n|-damage|p2a: Chansey|47/100 par\n|cant|p2a: Chansey|par\n|\n|upkeep\n|turn|133\n|\n|t:|1737800686\n|move|p1a: Jynx|Psychic|p2a: Chansey\n|-damage|p2a: Chansey|32/100 par\n|move|p2a: Chansey|Soft-Boiled|p2a: Chansey\n|-heal|p2a: Chansey|82/100 par\n|\n|upkeep\n|turn|134\n|\n|t:|1737800689\n|move|p1a: Jynx|Psychic|p2a: Chansey\n|-damage|p2a: Chansey|69/100 par\n|-unboost|p2a: Chansey|spa|1\n|-unboost|p2a: Chansey|spd|1\n|move|p2a: Chansey|Soft-Boiled|p2a: Chansey\n|-heal|p2a: Chansey|100/100 par\n|\n|upkeep\n|turn|135\n|\n|t:|1737800692\n|move|p1a: Jynx|Blizzard|p2a: Chansey\n|-damage|p2a: Chansey|73/100 par\n|cant|p2a: Chansey|par\n|\n|upkeep\n|turn|136\n|\n|t:|1737800702\n|move|p1a: Jynx|Psychic|p2a: Chansey\n|-damage|p2a: Chansey|50/100 par\n|cant|p2a: Chansey|par\n|\n|upkeep\n|turn|137\n|\n|t:|1737800708\n|move|p1a: Jynx|Psychic|p2a: Chansey\n|-damage|p2a: Chansey|27/100 par\n|move|p2a: Chansey|Soft-Boiled|p2a: Chansey\n|-heal|p2a: Chansey|77/100 par\n|\n|upkeep\n|turn|138\n|\n|t:|1737800711\n|move|p1a: Jynx|Psychic|p2a: Chansey\n|-damage|p2a: Chansey|55/100 par\n|cant|p2a: Chansey|par\n|\n|upkeep\n|turn|139\n|\n|t:|1737800714\n|move|p1a: Jynx|Blizzard|p2a: Chansey\n|-crit|p2a: Chansey\n|-damage|p2a: Chansey|20/100 par\n|cant|p2a: Chansey|par\n|\n|upkeep\n|turn|140\n|\n|t:|1737800728\n|move|p1a: Jynx|Psychic|p2a: Chansey\n|-damage|p2a: Chansey|0 fnt\n|faint|p2a: Chansey\n|\n|t:|1737800729\n|switch|p2a: Alakazam|Alakazam|32/100 par\n|turn|141\n|\n|t:|1737800733\n|move|p1a: Jynx|Blizzard|p2a: Alakazam\n|-damage|p2a: Alakazam|0 fnt\n|faint|p2a: Alakazam\n|\n|win|Amaranth\n|c|☆Amaranth|gg\n|c|☆WarumFelix|gg\n|player|p2|\n|player|p1|\n","uploadtime":1737800733,"views":"2224","formatid":"gen1ou","rating":null,"private":0,"password":null}