{"id":"smogtours-gen1ou-952835","format":"[Gen 1] OU","players":["stunner047","RoboKyII"],"log":"|inactive|Battle timer is ON: inactive players will automatically lose when time's up.\n|t:|1783153886\n|gametype|singles\n|player|p1|stunner047|#rbypliiidingdangdewgongs|\n|player|p2|RoboKyII|rosa-pokestar3|\n|gen|1\n|tier|[Gen 1] OU\n|rule|Desync Clause Mod: Desyncs changed to move failure.\n|rule|HP Percentage Mod: HP is shown in percentages\n|rule|Endless Battle Clause: Forcing endless battles is banned\n|rule|Sleep Clause Mod: Limit one foe put to sleep\n|rule|Freeze Clause Mod: Limit one foe frozen\n|rule|Species Clause: Limit one of each Pokémon\n|rule|OHKO Clause: OHKO moves are banned\n|rule|Evasion Moves Clause: Evasion moves are banned\n|\n|t:|1783153886\n|teamsize|p1|6\n|teamsize|p2|6\n|start\n|switch|p1a: Starmie|Starmie|100/100\n|switch|p2a: Jynx|Jynx|100/100\n|turn|1\n|c|☆stunner047|gl hf\n|c|☆RoboKyII|glhfd\n|\n|t:|1783153897\n|move|p1a: Starmie|Thunder Wave|p2a: Jynx|[miss]\n|-miss|p1a: Starmie\n|-hint|In Gen 1, moves with 100% accuracy can still miss 1/256 of the time.\n|move|p2a: Jynx|Lovely Kiss|p1a: Starmie|[miss]\n|-miss|p2a: Jynx\n|\n|upkeep\n|turn|2\n|\n|t:|1783153902\n|move|p1a: Starmie|Thunder Wave|p2a: Jynx\n|-status|p2a: Jynx|par\n|move|p2a: Jynx|Lovely Kiss|p1a: Starmie|[miss]\n|-miss|p2a: Jynx\n|\n|upkeep\n|turn|3\n|\n|t:|1783153904\n|move|p1a: Starmie|Psychic|p2a: Jynx\n|-crit|p2a: Jynx\n|-resisted|p2a: Jynx\n|-damage|p2a: Jynx|69/100 par\n|-unboost|p2a: Jynx|spa|1\n|-unboost|p2a: Jynx|spd|1\n|move|p2a: Jynx|Lovely Kiss|p1a: Starmie\n|-status|p1a: Starmie|slp|[from] move: Lovely Kiss\n|\n|upkeep\n|turn|4\n|\n|t:|1783153911\n|switch|p1a: Chansey|Chansey|100/100\n|move|p2a: Jynx|Blizzard|p1a: Chansey\n|-damage|p1a: Chansey|88/100\n|\n|upkeep\n|turn|5\n|\n|t:|1783153915\n|move|p1a: Chansey|Seismic Toss|p2a: Jynx\n|-damage|p2a: Jynx|39/100 par\n|move|p2a: Jynx|Rest|p2a: Jynx\n|-status|p2a: Jynx|slp|[from] move: Rest\n|-heal|p2a: Jynx|100/100 slp|[silent]\n|\n|upkeep\n|turn|6\n|\n|t:|1783153920\n|switch|p1a: Exeggutor|Exeggutor|100/100\n|cant|p2a: Jynx|slp\n|\n|upkeep\n|turn|7\n|\n|t:|1783153923\n|move|p1a: Exeggutor|Psychic|p2a: Jynx\n|-resisted|p2a: Jynx\n|-damage|p2a: Jynx|69/100 slp\n|-curestatus|p2a: Jynx|slp|[msg]\n|\n|upkeep\n|turn|8\n|\n|t:|1783153927\n|move|p1a: Exeggutor|Sleep Powder|p2a: Jynx\n|-status|p2a: Jynx|slp|[from] move: Sleep Powder\n|cant|p2a: Jynx|slp\n|\n|upkeep\n|turn|9\n|\n|t:|1783153929\n|switch|p2a: Chansey|Chansey|100/100\n|move|p1a: Exeggutor|Psychic|p2a: Chansey\n|-damage|p2a: Chansey|84/100\n|\n|upkeep\n|turn|10\n|\n|t:|1783153932\n|switch|p1a: Chansey|Chansey|88/100\n|move|p2a: Chansey|Ice Beam|p1a: Chansey\n|-damage|p1a: Chansey|77/100\n|\n|upkeep\n|turn|11\n|\n|t:|1783153935\n|move|p2a: Chansey|Thunder Wave|p1a: Chansey\n|-status|p1a: Chansey|par\n|move|p1a: Chansey|Thunder Wave|p2a: Chansey\n|-status|p2a: Chansey|par\n|\n|upkeep\n|turn|12\n|\n|t:|1783153937\n|switch|p1a: Snorlax|Snorlax|100/100\n|move|p2a: Chansey|Ice Beam|p1a: Snorlax\n|-damage|p1a: Snorlax|82/100\n|\n|upkeep\n|turn|13\n|\n|t:|1783153938\n|move|p1a: Snorlax|Earthquake|p2a: Chansey\n|-crit|p2a: Chansey\n|-damage|p2a: Chansey|16/100 par\n|move|p2a: Chansey|Thunder Wave|p1a: Snorlax\n|-status|p1a: Snorlax|par\n|\n|upkeep\n|turn|14\n|\n|t:|1783153948\n|cant|p2a: Chansey|par\n|move|p1a: Snorlax|Body Slam|p2a: Chansey\n|-damage|p2a: Chansey|0 fnt\n|faint|p2a: Chansey\n|\n|t:|1783153953\n|switch|p2a: Snorlax|Snorlax|100/100\n|turn|15\n|\n|t:|1783153956\n|move|p2a: Snorlax|Body Slam|p1a: Snorlax\n|-damage|p1a: Snorlax|56/100 par\n|move|p1a: Snorlax|Reflect|p1a: Snorlax\n|-start|p1a: Snorlax|Reflect\n|\n|upkeep\n|turn|16\n|\n|t:|1783153971\n|switch|p2a: Starmie|Starmie|100/100\n|move|p1a: Snorlax|Rest|p1a: Snorlax\n|-status|p1a: Snorlax|slp|[from] move: Rest\n|-heal|p1a: Snorlax|100/100 slp|[silent]\n|\n|upkeep\n|turn|17\n|\n|t:|1783153975\n|move|p2a: Starmie|Surf|p1a: Snorlax\n|-crit|p1a: Snorlax\n|-damage|p1a: Snorlax|43/100 slp\n|cant|p1a: Snorlax|slp\n|\n|upkeep\n|turn|18\n|\n|t:|1783153977\n|switch|p1a: Chansey|Chansey|77/100 par\n|move|p2a: Starmie|Thunder Wave|p1a: Chansey\n|-fail|p1a: Chansey|par\n|\n|upkeep\n|turn|19\n|\n|t:|1783153981\n|switch|p2a: Rhydon Kuzunoha|Rhydon|100/100\n|move|p1a: Chansey|Thunder Wave|p2a: Rhydon Kuzunoha\n|-immune|p2a: Rhydon Kuzunoha\n|\n|upkeep\n|turn|20\n|\n|t:|1783153984\n|switch|p1a: Exeggutor|Exeggutor|100/100\n|move|p2a: Rhydon Kuzunoha|Body Slam|p1a: Exeggutor\n|-crit|p1a: Exeggutor\n|-damage|p1a: Exeggutor|57/100\n|\n|upkeep\n|turn|21\n|\n|t:|1783153987\n|switch|p2a: Starmie|Starmie|100/100\n|move|p1a: Exeggutor|Stun Spore|p2a: Starmie\n|-status|p2a: Starmie|par\n|\n|upkeep\n|turn|22\n|\n|t:|1783153989\n|switch|p1a: Chansey|Chansey|77/100 par\n|move|p2a: Starmie|Thunder Wave|p1a: Chansey\n|-fail|p1a: Chansey|par\n|\n|upkeep\n|turn|23\n|\n|t:|1783153992\n|cant|p2a: Starmie|par\n|cant|p1a: Chansey|par\n|\n|upkeep\n|turn|24\n|\n|t:|1783153994\n|switch|p2a: Rhydon Kuzunoha|Rhydon|100/100\n|move|p1a: Chansey|Seismic Toss|p2a: Rhydon Kuzunoha\n|-damage|p2a: Rhydon Kuzunoha|76/100\n|\n|upkeep\n|turn|25\n|\n|t:|1783153996\n|switch|p1a: Exeggutor|Exeggutor|57/100\n|move|p2a: Rhydon Kuzunoha|Earthquake|p1a: Exeggutor\n|-resisted|p1a: Exeggutor\n|-damage|p1a: Exeggutor|39/100\n|\n|upkeep\n|turn|26\n|\n|t:|1783153998\n|switch|p2a: Starmie|Starmie|100/100 par\n|move|p1a: Exeggutor|Psychic|p2a: Starmie\n|-resisted|p2a: Starmie\n|-damage|p2a: Starmie|83/100 par\n|\n|upkeep\n|turn|27\n|\n|t:|1783154007\n|move|p1a: Exeggutor|Explosion|p2a: Starmie\n|-crit|p2a: Starmie\n|-damage|p2a: Starmie|0 fnt\n|faint|p2a: Starmie\n|faint|p1a: Exeggutor\n|\n|t:|1783154014\n|switch|p1a: Tauros|Tauros|100/100\n|switch|p2a: Snorlax|Snorlax|100/100\n|turn|28\n|\n|t:|1783154021\n|switch|p1a: Starmie|Starmie|100/100 slp\n|move|p2a: Snorlax|Body Slam|p1a: Starmie\n|-damage|p1a: Starmie|66/100 slp\n|\n|upkeep\n|turn|29\n|\n|t:|1783154023\n|cant|p1a: Starmie|slp\n|move|p2a: Snorlax|Body Slam|p1a: Starmie\n|-damage|p1a: Starmie|28/100 slp\n|\n|upkeep\n|turn|30\n|\n|t:|1783154024\n|cant|p1a: Starmie|slp\n|move|p2a: Snorlax|Body Slam|p1a: Starmie\n|-damage|p1a: Starmie|0 fnt\n|faint|p1a: Starmie\n|\n|t:|1783154026\n|switch|p1a: Chansey|Chansey|77/100 par\n|turn|31\n|\n|t:|1783154030\n|move|p2a: Snorlax|Body Slam|p1a: Chansey\n|-damage|p1a: Chansey|36/100 par\n|move|p1a: Chansey|Reflect|p1a: Chansey\n|-start|p1a: Chansey|Reflect\n|\n|upkeep\n|turn|32\n|\n|t:|1783154033\n|move|p2a: Snorlax|Hyper Beam|p1a: Chansey\n|-damage|p1a: Chansey|0 fnt\n|faint|p1a: Chansey\n|\n|t:|1783154037\n|switch|p1a: Tauros|Tauros|100/100\n|turn|33\n|\n|t:|1783154042\n|move|p1a: Tauros|Blizzard|p2a: Snorlax|[miss]\n|-miss|p1a: Tauros\n|move|p2a: Snorlax|Body Slam|p1a: Tauros\n|-crit|p1a: Tauros\n|-damage|p1a: Tauros|35/100\n|\n|upkeep\n|turn|34\n|\n|t:|1783154044\n|move|p1a: Tauros|Blizzard|p2a: Snorlax|[miss]\n|-miss|p1a: Tauros\n|move|p2a: Snorlax|Hyper Beam|p1a: Tauros\n|-damage|p1a: Tauros|0 fnt\n|faint|p1a: Tauros\n|c|☆stunner047|ggs\n|\n|t:|1783154050\n|switch|p1a: Zapdos|Zapdos|100/100\n|turn|35\n|\n|t:|1783154056\n|switch|p2a: Rhydon Kuzunoha|Rhydon|76/100\n|move|p1a: Zapdos|Thunder Wave|p2a: Rhydon Kuzunoha\n|-immune|p2a: Rhydon Kuzunoha\n|\n|upkeep\n|turn|36\n|\n|t:|1783154057\n|move|p1a: Zapdos|Drill Peck|p2a: Rhydon Kuzunoha\n|-resisted|p2a: Rhydon Kuzunoha\n|-damage|p2a: Rhydon Kuzunoha|67/100\n|move|p2a: Rhydon Kuzunoha|Rock Slide|p1a: Zapdos\n|-supereffective|p1a: Zapdos\n|-damage|p1a: Zapdos|37/100\n|\n|upkeep\n|turn|37\n|\n|t:|1783154060\n|move|p1a: Zapdos|Drill Peck|p2a: Rhydon Kuzunoha\n|-crit|p2a: Rhydon Kuzunoha\n|-resisted|p2a: Rhydon Kuzunoha\n|-damage|p2a: Rhydon Kuzunoha|49/100\n|move|p2a: Rhydon Kuzunoha|Rock Slide|p1a: Zapdos\n|-crit|p1a: Zapdos\n|-supereffective|p1a: Zapdos\n|-damage|p1a: Zapdos|0 fnt\n|faint|p1a: Zapdos\n|\n|t:|1783154062\n|switch|p1a: Snorlax|Snorlax|43/100 slp\n|turn|38\n|c|☆RoboKyII|this was brutal\n|c|☆RoboKyII|ggs\n|c|☆RoboKyII|im corny for not saying gg the ones i lost mb\n|\n|t:|1783154073\n|move|p2a: Rhydon Kuzunoha|Earthquake|p1a: Snorlax\n|-damage|p1a: Snorlax|10/100 slp\n|-curestatus|p1a: Snorlax|slp|[msg]\n|\n|upkeep\n|turn|39\n|\n|t:|1783154078\n|move|p2a: Rhydon Kuzunoha|Earthquake|p1a: Snorlax\n|-damage|p1a: Snorlax|0 fnt\n|faint|p1a: Snorlax\n|\n|win|RoboKyII\n","uploadtime":1783154078,"views":"103","formatid":"gen1ou","rating":null,"private":0,"password":null}