{"id":"smogtours-gen1ou-963767","format":"[Gen 1] OU","players":["Serpi n_n","1000papercranes"],"log":"|inactive|Battle timer is ON: inactive players will automatically lose when time's up.\n|t:|1786803197\n|gametype|singles\n|player|p1|Serpi n_n|#rbywc2023|\n|player|p2|1000papercranes|psychic-gen1rb|\n|gen|1\n|tier|[Gen 1] OU\n|rule|Desync Clause Mod: Desyncs resolve to link battle behavior from the acting player's perspective.\n|rule|HP Percentage Mod: HP is shown in percentages\n|rule|Endless Battle Clause: Forcing endless battles is banned\n|rule|Sleep Clause Mod: Limit one foe put to sleep\n|rule|Freeze Clause Mod: Limit one foe frozen\n|rule|Species Clause: Limit one of each Pokémon\n|rule|OHKO Clause: OHKO moves are banned\n|rule|Evasion Moves Clause: Evasion moves are banned\n|\n|t:|1786803197\n|teamsize|p1|6\n|teamsize|p2|6\n|start\n|switch|p1a: Alakazam|Alakazam|100/100\n|switch|p2a: Jynx|Jynx|100/100\n|turn|1\n|c|☆Serpi n_n|hf\n|c|☆1000papercranes|Gl Hf\n|\n|t:|1786803222\n|move|p1a: Alakazam|Thunder Wave|p2a: Jynx\n|-status|p2a: Jynx|par\n|move|p2a: Jynx|Lovely Kiss|p1a: Alakazam\n|-status|p1a: Alakazam|slp|[from] move: Lovely Kiss\n|\n|upkeep\n|turn|2\n|\n|t:|1786803228\n|cant|p1a: Alakazam|slp\n|move|p2a: Jynx|Blizzard|p1a: Alakazam\n|-damage|p1a: Alakazam|66/100 slp\n|\n|upkeep\n|turn|3\n|\n|t:|1786803231\n|switch|p1a: Lapras|Lapras|100/100\n|move|p2a: Jynx|Body Slam|p1a: Lapras\n|-damage|p1a: Lapras|90/100\n|\n|upkeep\n|turn|4\n|\n|t:|1786803235\n|move|p1a: Lapras|Body Slam|p2a: Jynx\n|-damage|p2a: Jynx|71/100 par\n|cant|p2a: Jynx|par\n|\n|upkeep\n|turn|5\n|\n|t:|1786803246\n|move|p1a: Lapras|Body Slam|p2a: Jynx\n|-damage|p2a: Jynx|39/100 par\n|move|p2a: Jynx|Rest|p2a: Jynx\n|-status|p2a: Jynx|slp|[from] move: Rest\n|-heal|p2a: Jynx|100/100 slp|[silent]\n|\n|upkeep\n|turn|6\n|\n|t:|1786803249\n|move|p1a: Lapras|Body Slam|p2a: Jynx\n|-damage|p2a: Jynx|68/100 slp\n|cant|p2a: Jynx|slp\n|\n|upkeep\n|turn|7\n|\n|t:|1786803251\n|move|p1a: Lapras|Body Slam|p2a: Jynx\n|-damage|p2a: Jynx|36/100 slp\n|-curestatus|p2a: Jynx|slp|[msg]\n|\n|upkeep\n|turn|8\n|\n|t:|1786803259\n|switch|p2a: Starmie|Starmie|100/100\n|move|p1a: Lapras|Body Slam|p2a: Starmie\n|-crit|p2a: Starmie\n|-damage|p2a: Starmie|57/100\n|-status|p2a: Starmie|par\n|\n|upkeep\n|turn|9\n|\n|t:|1786803263\n|switch|p2a: Snorlax|Snorlax|100/100\n|move|p1a: Lapras|Thunderbolt|p2a: Snorlax\n|-damage|p2a: Snorlax|81/100\n|\n|upkeep\n|turn|10\n|\n|t:|1786803272\n|switch|p2a: Jynx|Jynx|36/100\n|move|p1a: Lapras|Blizzard|p2a: Jynx\n|-resisted|p2a: Jynx\n|-damage|p2a: Jynx|15/100\n|\n|upkeep\n|turn|11\n|\n|t:|1786803281\n|move|p2a: Jynx|Body Slam|p1a: Lapras\n|-damage|p1a: Lapras|78/100\n|move|p1a: Lapras|Body Slam|p2a: Jynx\n|-damage|p2a: Jynx|0 fnt\n|faint|p2a: Jynx\n|inactive|1000papercranes has 270 seconds left.\n|\n|t:|1786803313\n|switch|p2a: Snorlax|Snorlax|81/100\n|turn|12\n|inactive|Serpi n_n has 270 seconds left.\n|\n|t:|1786803357\n|move|p1a: Lapras|Blizzard|p2a: Snorlax\n|-damage|p2a: Snorlax|47/100\n|move|p2a: Snorlax|Body Slam|p1a: Lapras\n|-damage|p1a: Lapras|52/100\n|\n|upkeep\n|turn|13\n|\n|t:|1786803376\n|move|p1a: Lapras|Blizzard|p2a: Snorlax\n|-damage|p2a: Snorlax|14/100\n|move|p2a: Snorlax|Body Slam|p1a: Lapras\n|-damage|p1a: Lapras|24/100\n|\n|upkeep\n|turn|14\n|\n|t:|1786803388\n|move|p1a: Lapras|Body Slam|p2a: Snorlax\n|-crit|p2a: Snorlax\n|-damage|p2a: Snorlax|0 fnt\n|faint|p2a: Snorlax\n|\n|t:|1786803390\n|switch|p2a: Tauros|Tauros|100/100\n|turn|15\n|inactive|Serpi n_n has 240 seconds left.\n|\n|t:|1786803447\n|move|p2a: Tauros|Body Slam|p1a: Lapras\n|-damage|p1a: Lapras|0 fnt\n|faint|p1a: Lapras\n|inactive|Serpi n_n has 210 seconds left.\n|inactive|Serpi n_n has 180 seconds left.\n|\n|t:|1786803508\n|switch|p1a: Starmie|Starmie|100/100\n|turn|16\n|\n|t:|1786803514\n|switch|p2a: Exeggutor|Exeggutor|100/100\n|move|p1a: Starmie|Thunder Wave|p2a: Exeggutor\n|-status|p2a: Exeggutor|par\n|\n|upkeep\n|turn|17\n|inactive|Serpi n_n has 150 seconds left.\n|\n|t:|1786803561\n|switch|p1a: Alakazam|Alakazam|66/100 slp\n|move|p2a: Exeggutor|Stun Spore|p1a: Alakazam\n|-fail|p1a: Alakazam\n|\n|upkeep\n|turn|18\n|\n|t:|1786803580\n|switch|p1a: Exeggutor|Exeggutor|100/100\n|move|p2a: Exeggutor|Stun Spore|p1a: Exeggutor\n|-status|p1a: Exeggutor|par\n|\n|upkeep\n|turn|19\n|\n|t:|1786803583\n|switch|p2a: Starmie|Starmie|57/100 par\n|cant|p1a: Exeggutor|par\n|\n|upkeep\n|turn|20\n|\n|t:|1786803606\n|move|p2a: Starmie|Recover|p2a: Starmie\n|-heal|p2a: Starmie|100/100 par\n|move|p1a: Exeggutor|Psychic|p2a: Starmie\n|-resisted|p2a: Starmie\n|-damage|p2a: Starmie|80/100 par\n|\n|upkeep\n|turn|21\n|inactive|Serpi n_n has 120 seconds left.\n|\n|t:|1786803633\n|move|p2a: Starmie|Blizzard|p1a: Exeggutor\n|-supereffective|p1a: Exeggutor\n|-damage|p1a: Exeggutor|61/100 par\n|move|p1a: Exeggutor|Psychic|p2a: Starmie\n|-resisted|p2a: Starmie\n|-damage|p2a: Starmie|61/100 par\n|-unboost|p2a: Starmie|spa|1\n|-unboost|p2a: Starmie|spd|1\n|\n|upkeep\n|turn|22\n|inactive|Serpi n_n has 120 seconds left.\n|\n|t:|1786803650\n|switch|p2a: Exeggutor|Exeggutor|100/100 par\n|move|p1a: Exeggutor|Psychic|p2a: Exeggutor\n|-resisted|p2a: Exeggutor\n|-damage|p2a: Exeggutor|87/100 par\n|-unboost|p2a: Exeggutor|spa|1\n|-unboost|p2a: Exeggutor|spd|1\n|\n|upkeep\n|turn|23\n|inactive|Serpi n_n has 120 seconds left.\n|\n|t:|1786803660\n|switch|p1a: Snorlax|Snorlax|100/100\n|switch|p2a: Starmie|Starmie|61/100 par\n|\n|upkeep\n|turn|24\n|\n|t:|1786803666\n|move|p1a: Snorlax|Body Slam|p2a: Starmie\n|-damage|p2a: Starmie|25/100 par\n|move|p2a: Starmie|Thunder Wave|p1a: Snorlax\n|-status|p1a: Snorlax|par\n|\n|upkeep\n|turn|25\n|\n|t:|1786803674\n|cant|p2a: Starmie|par\n|move|p1a: Snorlax|Body Slam|p2a: Starmie\n|-damage|p2a: Starmie|0 fnt\n|faint|p2a: Starmie\n|\n|t:|1786803678\n|switch|p2a: Tauros|Tauros|100/100\n|turn|26\n|\n|t:|1786803708\n|move|p2a: Tauros|Body Slam|p1a: Snorlax\n|-crit|p1a: Snorlax\n|-damage|p1a: Snorlax|55/100 par\n|move|p1a: Snorlax|Body Slam|p2a: Tauros\n|-crit|p2a: Tauros\n|-damage|p2a: Tauros|36/100\n|\n|upkeep\n|turn|27\n|\n|t:|1786803721\n|move|p2a: Tauros|Body Slam|p1a: Snorlax\n|-damage|p1a: Snorlax|30/100 par\n|move|p1a: Snorlax|Self-Destruct|p2a: Tauros|[miss]\n|-miss|p1a: Snorlax\n|-hint|In Gen 1, moves with 100% accuracy can still miss 1/256 of the time.\n|faint|p1a: Snorlax\n|inactive|Serpi n_n has 120 seconds left.\n|\n|t:|1786803740\n|switch|p1a: Tauros|Tauros|100/100\n|turn|28\n|inactive|Serpi n_n has 120 seconds left.\n|\n|t:|1786803754\n|move|p2a: Tauros|Hyper Beam|p1a: Tauros\n|-damage|p1a: Tauros|49/100\n|-mustrecharge|p2a: Tauros\n|move|p1a: Tauros|Hyper Beam|p2a: Tauros\n|-damage|p2a: Tauros|0 fnt\n|faint|p2a: Tauros\n|inactive|1000papercranes has 270 seconds left.\n|inactive|1000papercranes has 240 seconds left.\n|inactive|1000papercranes has 210 seconds left.\n|\n|t:|1786803861\n|switch|p2a: Zapdos|Zapdos|100/100\n|turn|29\n|inactive|Serpi n_n has 120 seconds left.\n|\n|t:|1786803895\n|move|p1a: Tauros|Body Slam|p2a: Zapdos\n|-damage|p2a: Zapdos|69/100\n|-status|p2a: Zapdos|par\n|cant|p2a: Zapdos|par\n|\n|upkeep\n|turn|30\n|inactive|1000papercranes has 180 seconds left.\n|inactive|1000papercranes has 150 seconds left.\n|inactive|1000papercranes has 120 seconds left.\n|inactive|1000papercranes has 90 seconds left.\n|\n|t:|1786804020\n|move|p1a: Tauros|Body Slam|p2a: Zapdos\n|-damage|p2a: Zapdos|40/100 par\n|move|p2a: Zapdos|Thunder Wave|p1a: Tauros\n|-status|p1a: Tauros|par\n|\n|upkeep\n|turn|31\n|inactive|Serpi n_n has 90 seconds left.\n|inactive|Serpi n_n has 60 seconds left.\n|inactive|Serpi n_n has 30 seconds left.\n|\n|t:|1786804114\n|switch|p2a: Exeggutor|Exeggutor|87/100 par\n|cant|p1a: Tauros|par\n|\n|upkeep\n|turn|32\n|inactive|Serpi n_n has 30 seconds left.\n|\n|t:|1786804133\n|switch|p1a: Exeggutor|Exeggutor|61/100 par\n|move|p2a: Exeggutor|Psychic|p1a: Exeggutor\n|-resisted|p1a: Exeggutor\n|-damage|p1a: Exeggutor|47/100 par\n|\n|upkeep\n|turn|33\n|inactive|Serpi n_n has 30 seconds left.\n|inactive|1000papercranes has 90 seconds left.\n|\n|t:|1786804150\n|switch|p2a: Zapdos|Zapdos|40/100 par\n|move|p1a: Exeggutor|Psychic|p2a: Zapdos\n|-damage|p2a: Zapdos|13/100 par\n|\n|upkeep\n|turn|34\n|inactive|Serpi n_n has 30 seconds left.\n|inactive|1000papercranes has 90 seconds left.\n|inactive|Serpi n_n has 20 seconds left.\n|inactive|Serpi n_n has 15 seconds left.\n|inactive|Serpi n_n has 10 seconds left.\n|\n|t:|1786804182\n|switch|p1a: Tauros|Tauros|49/100 par\n|move|p2a: Zapdos|Drill Peck|p1a: Tauros\n|-damage|p1a: Tauros|25/100 par\n|\n|upkeep\n|turn|35\n|inactive|Serpi n_n has 20 seconds left this turn.\n|\n|t:|1786804186\n|switch|p2a: Exeggutor|Exeggutor|87/100 par\n|cant|p1a: Tauros|par\n|\n|upkeep\n|turn|36\n|inactive|Serpi n_n has 30 seconds left this turn.\n|inactive|Serpi n_n has 20 seconds left.\n|inactive|Serpi n_n has 15 seconds left.\n|\n|t:|1786804205\n|switch|p2a: Zapdos|Zapdos|13/100 par\n|move|p1a: Tauros|Hyper Beam|p2a: Zapdos\n|-damage|p2a: Zapdos|0 fnt\n|faint|p2a: Zapdos\n|\n|t:|1786804210\n|switch|p2a: Exeggutor|Exeggutor|87/100 par\n|turn|37\n|inactive|Serpi n_n has 30 seconds left this turn.\n|\n|t:|1786804215\n|switch|p1a: Starmie|Starmie|100/100\n|move|p2a: Exeggutor|Psychic|p1a: Starmie\n|-resisted|p1a: Starmie\n|-damage|p1a: Starmie|83/100\n|\n|upkeep\n|turn|38\n|\n|t:|1786804218\n|move|p1a: Starmie|Surf|p2a: Exeggutor\n|-resisted|p2a: Exeggutor\n|-damage|p2a: Exeggutor|75/100 par\n|move|p2a: Exeggutor|Stun Spore|p1a: Starmie\n|-status|p1a: Starmie|par\n|\n|upkeep\n|turn|39\n|\n|t:|1786804223\n|cant|p1a: Starmie|par\n|move|p2a: Exeggutor|Psychic|p1a: Starmie\n|-resisted|p1a: Starmie\n|-damage|p1a: Starmie|63/100 par\n|\n|upkeep\n|turn|40\n|\n|t:|1786804226\n|move|p1a: Starmie|Recover|p1a: Starmie\n|-heal|p1a: Starmie|100/100 par\n|move|p2a: Exeggutor|Psychic|p1a: Starmie\n|-resisted|p1a: Starmie\n|-damage|p1a: Starmie|81/100 par\n|\n|upkeep\n|turn|41\n|inactive|Serpi n_n has 60 seconds left.\n|\n|t:|1786804231\n|move|p1a: Starmie|Recover|p1a: Starmie\n|-heal|p1a: Starmie|100/100 par\n|move|p2a: Exeggutor|Psychic|p1a: Starmie\n|-resisted|p1a: Starmie\n|-damage|p1a: Starmie|82/100 par\n|-unboost|p1a: Starmie|spa|1\n|-unboost|p1a: Starmie|spd|1\n|\n|upkeep\n|turn|42\n|\n|t:|1786804236\n|switch|p1a: Alakazam|Alakazam|66/100 slp\n|move|p2a: Exeggutor|Psychic|p1a: Alakazam\n|-resisted|p1a: Alakazam\n|-damage|p1a: Alakazam|51/100 slp\n|\n|upkeep\n|turn|43\n|\n|t:|1786804239\n|switch|p1a: Starmie|Starmie|82/100 par\n|move|p2a: Exeggutor|Psychic|p1a: Starmie\n|-resisted|p1a: Starmie\n|-damage|p1a: Starmie|63/100 par\n|\n|upkeep\n|turn|44\n|\n|t:|1786804241\n|move|p1a: Starmie|Recover|p1a: Starmie\n|-heal|p1a: Starmie|100/100 par\n|cant|p2a: Exeggutor|par\n|\n|upkeep\n|turn|45\n|\n|t:|1786804244\n|move|p1a: Starmie|Surf|p2a: Exeggutor\n|-resisted|p2a: Exeggutor\n|-damage|p2a: Exeggutor|63/100 par\n|move|p2a: Exeggutor|Psychic|p1a: Starmie\n|-resisted|p1a: Starmie\n|-damage|p1a: Starmie|82/100 par\n|-unboost|p1a: Starmie|spa|1\n|-unboost|p1a: Starmie|spd|1\n|\n|upkeep\n|turn|46\n|\n|t:|1786804246\n|switch|p1a: Alakazam|Alakazam|51/100 slp\n|move|p2a: Exeggutor|Psychic|p1a: Alakazam\n|-resisted|p1a: Alakazam\n|-damage|p1a: Alakazam|36/100 slp\n|\n|upkeep\n|turn|47\n|\n|t:|1786804248\n|switch|p1a: Starmie|Starmie|82/100 par\n|move|p2a: Exeggutor|Psychic|p1a: Starmie\n|-resisted|p1a: Starmie\n|-damage|p1a: Starmie|63/100 par\n|\n|upkeep\n|turn|48\n|\n|t:|1786804249\n|move|p1a: Starmie|Recover|p1a: Starmie\n|-heal|p1a: Starmie|100/100 par\n|cant|p2a: Exeggutor|par\n|\n|upkeep\n|turn|49\n|\n|t:|1786804252\n|move|p1a: Starmie|Surf|p2a: Exeggutor\n|-crit|p2a: Exeggutor\n|-resisted|p2a: Exeggutor\n|-damage|p2a: Exeggutor|40/100 par\n|move|p2a: Exeggutor|Psychic|p1a: Starmie\n|-resisted|p1a: Starmie\n|-damage|p1a: Starmie|83/100 par\n|-unboost|p1a: Starmie|spa|1\n|-unboost|p1a: Starmie|spd|1\n|\n|upkeep\n|turn|50\n|\n|t:|1786804255\n|switch|p1a: Alakazam|Alakazam|36/100 slp\n|move|p2a: Exeggutor|Psychic|p1a: Alakazam\n|-resisted|p1a: Alakazam\n|-damage|p1a: Alakazam|19/100 slp\n|\n|upkeep\n|turn|51\n|\n|t:|1786804257\n|switch|p1a: Starmie|Starmie|83/100 par\n|move|p2a: Exeggutor|Psychic|p1a: Starmie\n|-resisted|p1a: Starmie\n|-damage|p1a: Starmie|63/100 par\n|\n|upkeep\n|turn|52\n|\n|t:|1786804259\n|move|p1a: Starmie|Recover|p1a: Starmie\n|-heal|p1a: Starmie|100/100 par\n|move|p2a: Exeggutor|Psychic|p1a: Starmie\n|-resisted|p1a: Starmie\n|-damage|p1a: Starmie|81/100 par\n|\n|upkeep\n|turn|53\n|\n|t:|1786804261\n|cant|p1a: Starmie|par\n|move|p2a: Exeggutor|Psychic|p1a: Starmie\n|-resisted|p1a: Starmie\n|-damage|p1a: Starmie|61/100 par\n|-unboost|p1a: Starmie|spa|1\n|-unboost|p1a: Starmie|spd|1\n|\n|upkeep\n|turn|54\n|\n|t:|1786804266\n|move|p2a: Exeggutor|Psychic|p1a: Starmie\n|-resisted|p1a: Starmie\n|-damage|p1a: Starmie|29/100 par\n|move|p1a: Starmie|Recover|p1a: Starmie\n|-heal|p1a: Starmie|79/100 par\n|\n|upkeep\n|turn|55\n|\n|t:|1786804272\n|move|p2a: Exeggutor|Explosion|p1a: Starmie\n|-damage|p1a: Starmie|0 fnt\n|faint|p1a: Starmie\n|faint|p2a: Exeggutor\n|\n|win|Serpi n_n\n|c|☆Serpi n_n|ggs\n|c|☆1000papercranes|ggs\n|player|p1|\n","uploadtime":1786804272,"views":"106","formatid":"gen1ou","rating":null,"private":0,"password":null}