{"id":"smogtours-gen1ou-814550","format":"[Gen 1] OU","players":["Serpi n_n","WarumFelix"],"log":"|inactive|Battle timer is ON: inactive players will automatically lose when time's up.\n|t:|1737201446\n|gametype|singles\n|player|p1|Serpi n_n|#splxviraiders|\n|player|p2|WarumFelix|boarder|\n|teamsize|p1|6\n|teamsize|p2|6\n|gen|1\n|tier|[Gen 1] OU\n|rule|Desync Clause Mod: Desyncs changed to move failure.\n|rule|Sleep Clause Mod: Limit one foe put to sleep\n|rule|Freeze Clause Mod: Limit one foe frozen\n|rule|Species Clause: Limit one of each Pokémon\n|rule|OHKO Clause: OHKO moves are banned\n|rule|Evasion Moves Clause: Evasion moves are banned\n|rule|Endless Battle Clause: Forcing endless battles is banned\n|rule|HP Percentage Mod: HP is shown in percentages\n|\n|t:|1737201446\n|start\n|switch|p1a: Starmie|Starmie|100/100\n|switch|p2a: Gengar|Gengar|100/100\n|turn|1\n|c|☆WarumFelix|glhf\n|c|☆Serpi n_n|hf\n|inactive|Serpi n_n has 270 seconds left.\n|inactive|WarumFelix has 270 seconds left.\n|inactive|Serpi n_n has 240 seconds left.\n|inactive|Serpi n_n has 210 seconds left.\n|\n|t:|1737201540\n|switch|p1a: Exeggutor|Exeggutor|100/100\n|switch|p2a: Chansey|Chansey|100/100\n|\n|upkeep\n|turn|2\n|inactive|Serpi n_n has 270 seconds left.\n|inactive|WarumFelix has 270 seconds left.\n|\n|t:|1737201575\n|switch|p2a: Gengar|Gengar|100/100\n|move|p1a: Exeggutor|Sleep Powder|p2a: Gengar\n|-status|p2a: Gengar|slp|[from] move: Sleep Powder\n|\n|upkeep\n|turn|3\n|inactive|Serpi n_n has 270 seconds left.\n|inactive|WarumFelix has 270 seconds left.\n|\n|t:|1737201596\n|switch|p2a: Exeggutor|Exeggutor|100/100\n|move|p1a: Exeggutor|Stun Spore|p2a: Exeggutor\n|-status|p2a: Exeggutor|par\n|\n|upkeep\n|turn|4\n|inactive|Serpi n_n has 270 seconds left.\n|inactive|WarumFelix has 240 seconds left.\n|inactive|Serpi n_n has 240 seconds left.\n|\n|t:|1737201652\n|switch|p1a: Chansey|Chansey|100/100\n|move|p2a: Exeggutor|Psychic|p1a: Chansey\n|-damage|p1a: Chansey|85/100\n|\n|upkeep\n|turn|5\n|inactive|Serpi n_n has 210 seconds left.\n|inactive|WarumFelix has 210 seconds left.\n|\n|t:|1737201688\n|switch|p2a: Chansey|Chansey|100/100\n|move|p1a: Chansey|Thunder Wave|p2a: Chansey\n|-status|p2a: Chansey|par\n|\n|upkeep\n|turn|6\n|inactive|Serpi n_n has 210 seconds left.\n|inactive|Serpi n_n has 180 seconds left.\n|\n|t:|1737201747\n|switch|p1a: Zapdos|Zapdos|100/100\n|move|p2a: Chansey|Sing|p1a: Zapdos\n|-status|p1a: Zapdos|slp|[from] move: Sing\n|\n|upkeep\n|turn|7\n|\n|t:|1737201769\n|switch|p1a: Snorlax|Snorlax|100/100\n|switch|p2a: Tauros|Tauros|100/100\n|\n|upkeep\n|turn|8\n|\n|t:|1737201786\n|move|p2a: Tauros|Body Slam|p1a: Snorlax\n|-damage|p1a: Snorlax|77/100\n|move|p1a: Snorlax|Body Slam|p2a: Tauros\n|-damage|p2a: Tauros|71/100\n|\n|upkeep\n|turn|9\n|inactive|Serpi n_n has 150 seconds left.\n|inactive|WarumFelix has 180 seconds left.\n|rated|Smogon Premier League\n|\n|t:|1737201815\n|move|p2a: Tauros|Body Slam|p1a: Snorlax\n|-crit|p1a: Snorlax\n|-damage|p1a: Snorlax|30/100\n|move|p1a: Snorlax|Body Slam|p2a: Tauros\n|-damage|p2a: Tauros|40/100\n|\n|upkeep\n|turn|10\n|inactive|Serpi n_n has 150 seconds left.\n|inactive|WarumFelix has 150 seconds left.\n|inactive|WarumFelix has 120 seconds left.\n|\n|t:|1737201877\n|switch|p1a: Starmie|Starmie|100/100\n|move|p2a: Tauros|Body Slam|p1a: Starmie\n|-crit|p1a: Starmie\n|-damage|p1a: Starmie|35/100\n|-status|p1a: Starmie|par\n|\n|upkeep\n|turn|11\n|inactive|Serpi n_n has 150 seconds left.\n|inactive|WarumFelix has 120 seconds left.\n|inactive|WarumFelix has 90 seconds left.\n|\n|t:|1737201929\n|switch|p1a: Exeggutor|Exeggutor|100/100\n|move|p2a: Tauros|Body Slam|p1a: Exeggutor\n|-damage|p1a: Exeggutor|70/100\n|-status|p1a: Exeggutor|par\n|\n|upkeep\n|turn|12\n|\n|t:|1737201955\n|switch|p2a: Exeggutor|Exeggutor|100/100 par\n|move|p1a: Exeggutor|Psychic|p2a: Exeggutor\n|-resisted|p2a: Exeggutor\n|-damage|p2a: Exeggutor|88/100 par\n|\n|upkeep\n|turn|13\n|inactive|WarumFelix has 60 seconds left.\n|\n|t:|1737201972\n|switch|p1a: Chansey|Chansey|85/100\n|cant|p2a: Exeggutor|par\n|\n|upkeep\n|turn|14\n|inactive|WarumFelix has 60 seconds left.\n|\n|t:|1737201989\n|switch|p1a: Starmie|Starmie|35/100 par\n|move|p2a: Exeggutor|Mega Drain|p1a: Starmie\n|-supereffective|p1a: Starmie\n|-damage|p1a: Starmie|0 fnt\n|-heal|p2a: Exeggutor|100/100 par|[from] drain|[of] p1a: Starmie\n|faint|p1a: Starmie\n|\n|t:|1737201995\n|switch|p1a: Chansey|Chansey|85/100\n|turn|15\n|inactive|WarumFelix has 60 seconds left.\n|\n|t:|1737202009\n|switch|p2a: Chansey|Chansey|100/100 par\n|move|p1a: Chansey|Seismic Toss|p2a: Chansey\n|-damage|p2a: Chansey|86/100 par\n|\n|upkeep\n|turn|16\n|inactive|Serpi n_n has 150 seconds left.\n|\n|t:|1737202019\n|switch|p1a: Snorlax|Snorlax|30/100\n|move|p2a: Chansey|Ice Beam|p1a: Snorlax\n|-damage|p1a: Snorlax|11/100\n|\n|upkeep\n|turn|17\n|inactive|Serpi n_n has 150 seconds left.\n|inactive|WarumFelix has 60 seconds left.\n|\n|t:|1737202044\n|switch|p2a: Starmie|Starmie|100/100\n|move|p1a: Snorlax|Rest|p1a: Snorlax\n|-status|p1a: Snorlax|slp|[from] move: Rest\n|-heal|p1a: Snorlax|100/100 slp|[silent]\n|\n|upkeep\n|turn|18\n|\n|t:|1737202062\n|switch|p1a: Chansey|Chansey|85/100\n|move|p2a: Starmie|Surf|p1a: Chansey\n|-damage|p1a: Chansey|70/100\n|\n|upkeep\n|turn|19\n|inactive|WarumFelix has 60 seconds left.\n|inactive|Serpi n_n has 120 seconds left.\n|\n|t:|1737202116\n|switch|p2a: Exeggutor|Exeggutor|100/100 par\n|switch|p1a: Snorlax|Snorlax|100/100 slp\n|\n|upkeep\n|turn|20\n|\n|t:|1737202121\n|cant|p1a: Snorlax|slp\n|move|p2a: Exeggutor|Psychic|p1a: Snorlax\n|-damage|p1a: Snorlax|67/100 slp\n|\n|upkeep\n|turn|21\n|inactive|WarumFelix has 60 seconds left.\n|\n|t:|1737202136\n|-curestatus|p1a: Snorlax|slp|[msg]\n|move|p2a: Exeggutor|Psychic|p1a: Snorlax\n|-damage|p1a: Snorlax|36/100\n|-unboost|p1a: Snorlax|spa|1\n|-unboost|p1a: Snorlax|spd|1\n|\n|upkeep\n|turn|22\n|\n|t:|1737202146\n|switch|p1a: Chansey|Chansey|70/100\n|move|p2a: Exeggutor|Stun Spore|p1a: Chansey\n|-status|p1a: Chansey|par\n|\n|upkeep\n|turn|23\n|\n|t:|1737202155\n|switch|p2a: Chansey|Chansey|86/100 par\n|move|p1a: Chansey|Soft-Boiled|p1a: Chansey\n|-heal|p1a: Chansey|100/100 par\n|\n|upkeep\n|turn|24\n|\n|t:|1737202162\n|move|p2a: Chansey|Ice Beam|p1a: Chansey\n|-crit|p1a: Chansey\n|-damage|p1a: Chansey|81/100 par\n|cant|p1a: Chansey|par\n|\n|upkeep\n|turn|25\n|\n|t:|1737202173\n|move|p1a: Chansey|Thunder Wave|p2a: Chansey\n|-fail|p2a: Chansey|par\n|cant|p2a: Chansey|par\n|\n|upkeep\n|turn|26\n|\n|t:|1737202178\n|cant|p1a: Chansey|par\n|move|p2a: Chansey|Soft-Boiled|p2a: Chansey\n|-heal|p2a: Chansey|100/100 par\n|\n|upkeep\n|turn|27\n|\n|t:|1737202183\n|cant|p1a: Chansey|par\n|move|p2a: Chansey|Ice Beam|p1a: Chansey\n|-damage|p1a: Chansey|70/100 par\n|\n|upkeep\n|turn|28\n|\n|t:|1737202193\n|switch|p2a: Snorlax|Snorlax|100/100\n|move|p1a: Chansey|Thunder Wave|p2a: Snorlax\n|-status|p2a: Snorlax|par\n|\n|upkeep\n|turn|29\n|\n|t:|1737202218\n|switch|p1a: Snorlax|Snorlax|36/100\n|move|p2a: Snorlax|Body Slam|p1a: Snorlax\n|-damage|p1a: Snorlax|8/100\n|\n|upkeep\n|turn|30\n|\n|t:|1737202222\n|switch|p2a: Tauros|Tauros|40/100\n|move|p1a: Snorlax|Rest|p1a: Snorlax\n|-status|p1a: Snorlax|slp|[from] move: Rest\n|-heal|p1a: Snorlax|100/100 slp|[silent]\n|\n|upkeep\n|turn|31\n|inactive|Serpi n_n has 120 seconds left.\n|\n|t:|1737202255\n|move|p2a: Tauros|Body Slam|p1a: Snorlax\n|-damage|p1a: Snorlax|74/100 slp\n|cant|p1a: Snorlax|slp\n|\n|upkeep\n|turn|32\n|inactive|Serpi n_n has 120 seconds left.\n|\n|t:|1737202263\n|move|p2a: Tauros|Body Slam|p1a: Snorlax\n|-damage|p1a: Snorlax|50/100 slp\n|-curestatus|p1a: Snorlax|slp|[msg]\n|\n|upkeep\n|turn|33\n|\n|t:|1737202271\n|switch|p1a: Tauros|Tauros|100/100\n|move|p2a: Tauros|Body Slam|p1a: Tauros\n|-damage|p1a: Tauros|73/100\n|\n|upkeep\n|turn|34\n|\n|t:|1737202280\n|switch|p2a: Gengar|Gengar|100/100 slp\n|move|p1a: Tauros|Body Slam|p2a: Gengar\n|-immune|p2a: Gengar\n|\n|upkeep\n|turn|35\n|inactive|WarumFelix has 150 seconds left.\n|\n|t:|1737202289\n|cant|p2a: Gengar|slp\n|move|p1a: Tauros|Body Slam|p2a: Gengar\n|-immune|p2a: Gengar\n|\n|upkeep\n|turn|36\n|\n|t:|1737202294\n|move|p1a: Tauros|Body Slam|p2a: Gengar\n|-immune|p2a: Gengar\n|cant|p2a: Gengar|slp\n|\n|upkeep\n|turn|37\n|\n|t:|1737202298\n|switch|p2a: Exeggutor|Exeggutor|100/100 par\n|move|p1a: Tauros|Body Slam|p2a: Exeggutor\n|-damage|p2a: Exeggutor|73/100 par\n|\n|upkeep\n|turn|38\n|inactive|Serpi n_n has 150 seconds left.\n|inactive|WarumFelix has 150 seconds left.\n|\n|t:|1737202329\n|switch|p1a: Chansey|Chansey|70/100 par\n|move|p2a: Exeggutor|Psychic|p1a: Chansey\n|-damage|p1a: Chansey|52/100 par\n|\n|upkeep\n|turn|39\n|inactive|Serpi n_n has 150 seconds left.\n|inactive|WarumFelix has 150 seconds left.\n|\n|t:|1737202353\n|move|p2a: Exeggutor|Explosion|p1a: Chansey\n|-damage|p1a: Chansey|0 fnt\n|faint|p1a: Chansey\n|faint|p2a: Exeggutor\n|inactive|Serpi n_n has 150 seconds left.\n|\n|t:|1737202384\n|switch|p2a: Starmie|Starmie|100/100\n|switch|p1a: Snorlax|Snorlax|50/100\n|turn|40\n|\n|t:|1737202403\n|switch|p1a: Exeggutor|Exeggutor|70/100 par\n|move|p2a: Starmie|Surf|p1a: Exeggutor\n|-resisted|p1a: Exeggutor\n|-damage|p1a: Exeggutor|59/100 par\n|\n|upkeep\n|turn|41\n|inactive|WarumFelix has 120 seconds left.\n|\n|t:|1737202433\n|switch|p2a: Chansey|Chansey|100/100 par\n|cant|p1a: Exeggutor|par\n|\n|upkeep\n|turn|42\n|\n|t:|1737202450\n|switch|p1a: Snorlax|Snorlax|50/100\n|move|p2a: Chansey|Ice Beam|p1a: Snorlax\n|-damage|p1a: Snorlax|32/100\n|\n|upkeep\n|turn|43\n|\n|t:|1737202464\n|switch|p2a: Tauros|Tauros|40/100\n|move|p1a: Snorlax|Body Slam|p2a: Tauros\n|-damage|p2a: Tauros|7/100\n|\n|upkeep\n|turn|44\n|inactive|WarumFelix has 90 seconds left.\n|\n|t:|1737202496\n|switch|p1a: Tauros|Tauros|73/100\n|move|p2a: Tauros|Body Slam|p1a: Tauros\n|-damage|p1a: Tauros|42/100\n|\n|upkeep\n|turn|45\n|inactive|WarumFelix has 90 seconds left.\n|\n|t:|1737202508\n|switch|p2a: Gengar|Gengar|100/100 slp\n|move|p1a: Tauros|Body Slam|p2a: Gengar\n|-immune|p2a: Gengar\n|\n|upkeep\n|turn|46\n|\n|t:|1737202512\n|move|p1a: Tauros|Body Slam|p2a: Gengar\n|-immune|p2a: Gengar\n|cant|p2a: Gengar|slp\n|\n|upkeep\n|turn|47\n|inactive|Serpi n_n has 150 seconds left.\n|\n|t:|1737202526\n|move|p1a: Tauros|Blizzard|p2a: Gengar\n|-damage|p2a: Gengar|83/100 slp\n|-curestatus|p2a: Gengar|slp|[msg]\n|\n|upkeep\n|turn|48\n|\n|t:|1737202538\n|switch|p1a: Exeggutor|Exeggutor|59/100 par\n|move|p2a: Gengar|Night Shade|p1a: Exeggutor\n|-damage|p1a: Exeggutor|34/100 par\n|\n|upkeep\n|turn|49\n|\n|t:|1737202551\n|move|p2a: Gengar|Night Shade|p1a: Exeggutor\n|-damage|p1a: Exeggutor|8/100 par\n|cant|p1a: Exeggutor|par\n|\n|upkeep\n|turn|50\n|\n|t:|1737202559\n|move|p2a: Gengar|Thunderbolt|p1a: Exeggutor\n|-resisted|p1a: Exeggutor\n|-damage|p1a: Exeggutor|0 fnt\n|faint|p1a: Exeggutor\n|\n|t:|1737202574\n|switch|p1a: Zapdos|Zapdos|100/100 slp\n|turn|51\n|\n|t:|1737202583\n|move|p2a: Gengar|Night Shade|p1a: Zapdos\n|-damage|p1a: Zapdos|74/100 slp\n|cant|p1a: Zapdos|slp\n|\n|upkeep\n|turn|52\n|\n|t:|1737202585\n|move|p2a: Gengar|Night Shade|p1a: Zapdos\n|-damage|p1a: Zapdos|48/100 slp\n|cant|p1a: Zapdos|slp\n|\n|upkeep\n|turn|53\n|\n|t:|1737202587\n|move|p2a: Gengar|Night Shade|p1a: Zapdos\n|-damage|p1a: Zapdos|22/100 slp\n|cant|p1a: Zapdos|slp\n|\n|upkeep\n|turn|54\n|\n|t:|1737202591\n|move|p2a: Gengar|Night Shade|p1a: Zapdos\n|-damage|p1a: Zapdos|0 fnt\n|faint|p1a: Zapdos\n|\n|t:|1737202593\n|switch|p1a: Tauros|Tauros|42/100\n|turn|55\n|inactive|WarumFelix has 150 seconds left.\n|\n|t:|1737202603\n|move|p1a: Tauros|Blizzard|p2a: Gengar\n|-damage|p2a: Gengar|63/100\n|move|p2a: Gengar|Thunderbolt|p1a: Tauros\n|-crit|p1a: Tauros\n|-damage|p1a: Tauros|0 fnt\n|faint|p1a: Tauros\n|c|☆Serpi n_n|gg\n|-message|Serpi n_n forfeited.\n|\n|win|WarumFelix\n|c|☆WarumFelix|gg\n","uploadtime":1737202609,"views":"3441","formatid":"gen1ou","rating":null,"private":0,"password":null}