{"id":"smogtours-gen1ou-950606","format":"[Gen 1] OU","players":["Soda Krys","TG2513"],"log":"|inactive|Battle timer is ON: inactive players will automatically lose when time's up.\n|t:|1782575219\n|gametype|singles\n|player|p1|Soda Krys|gwynn|\n|player|p2|TG2513|brycenman|\n|gen|1\n|tier|[Gen 1] OU\n|rule|Desync Clause Mod: Desyncs changed to move failure.\n|rule|HP Percentage Mod: HP is shown in percentages\n|rule|Endless Battle Clause: Forcing endless battles is banned\n|rule|Sleep Clause Mod: Limit one foe put to sleep\n|rule|Freeze Clause Mod: Limit one foe frozen\n|rule|Species Clause: Limit one of each Pokémon\n|rule|OHKO Clause: OHKO moves are banned\n|rule|Evasion Moves Clause: Evasion moves are banned\n|\n|t:|1782575219\n|teamsize|p1|6\n|teamsize|p2|6\n|start\n|switch|p1a: Alakazam|Alakazam|100/100\n|switch|p2a: Jynx|Jynx|100/100\n|turn|1\n|c|☆TG2513|HF\n|inactive|Soda Krys has 270 seconds left.\n|\n|t:|1782575255\n|move|p1a: Alakazam|Thunder Wave|p2a: Jynx\n|-status|p2a: Jynx|par\n|cant|p2a: Jynx|par\n|\n|upkeep\n|turn|2\n|\n|t:|1782575259\n|move|p1a: Alakazam|Psychic|p2a: Jynx\n|-resisted|p2a: Jynx\n|-damage|p2a: Jynx|79/100 par\n|move|p2a: Jynx|Lovely Kiss|p1a: Alakazam\n|-status|p1a: Alakazam|slp|[from] move: Lovely Kiss\n|\n|upkeep\n|turn|3\n|\n|t:|1782575263\n|cant|p1a: Alakazam|slp\n|move|p2a: Jynx|Blizzard|p1a: Alakazam\n|-damage|p1a: Alakazam|63/100 slp\n|\n|upkeep\n|turn|4\n|\n|t:|1782575265\n|switch|p1a: Cloyster|Cloyster|100/100\n|switch|p2a: Snorlax|Snorlax|100/100\n|\n|upkeep\n|turn|5\n|\n|t:|1782575278\n|switch|p2a: Lapras|Lapras|100/100\n|move|p1a: Cloyster|Blizzard|p2a: Lapras\n|-resisted|p2a: Lapras\n|-damage|p2a: Lapras|93/100\n|\n|upkeep\n|turn|6\n|\n|t:|1782575283\n|move|p1a: Cloyster|Clamp|p2a: Lapras\n|-resisted|p2a: Lapras\n|-damage|p2a: Lapras|89/100\n|cant|p2a: Lapras|partiallytrapped\n|\n|upkeep\n|turn|7\n|\n|t:|1782575286\n|switch|p1a: Zapdos|Zapdos|100/100\n|switch|p2a: Gengar|Gengar|100/100\n|\n|upkeep\n|turn|8\n|c|☆Soda Krys|holy team\n|\n|t:|1782575300\n|switch|p2a: Snorlax|Snorlax|100/100\n|move|p1a: Zapdos|Thunder Wave|p2a: Snorlax\n|-status|p2a: Snorlax|par\n|\n|upkeep\n|turn|9\n|\n|t:|1782575304\n|switch|p1a: Snorlax|Snorlax|100/100\n|cant|p2a: Snorlax|par\n|\n|upkeep\n|turn|10\n|\n|t:|1782575306\n|move|p1a: Snorlax|Reflect|p1a: Snorlax\n|-start|p1a: Snorlax|Reflect\n|move|p2a: Snorlax|Reflect|p2a: Snorlax\n|-start|p2a: Snorlax|Reflect\n|\n|upkeep\n|turn|11\n|\n|t:|1782575309\n|move|p1a: Snorlax|Body Slam|p2a: Snorlax\n|-damage|p2a: Snorlax|88/100 par\n|cant|p2a: Snorlax|par\n|\n|upkeep\n|turn|12\n|\n|t:|1782575312\n|move|p1a: Snorlax|Body Slam|p2a: Snorlax\n|-damage|p2a: Snorlax|75/100 par\n|move|p2a: Snorlax|Body Slam|p1a: Snorlax\n|-damage|p1a: Snorlax|88/100\n|\n|upkeep\n|turn|13\n|\n|t:|1782575314\n|move|p1a: Snorlax|Body Slam|p2a: Snorlax\n|-damage|p2a: Snorlax|63/100 par\n|move|p2a: Snorlax|Body Slam|p1a: Snorlax\n|-damage|p1a: Snorlax|74/100\n|\n|upkeep\n|turn|14\n|\n|t:|1782575315\n|move|p1a: Snorlax|Body Slam|p2a: Snorlax\n|-damage|p2a: Snorlax|48/100 par\n|move|p2a: Snorlax|Body Slam|p1a: Snorlax\n|-damage|p1a: Snorlax|61/100\n|\n|upkeep\n|turn|15\n|\n|t:|1782575318\n|move|p1a: Snorlax|Body Slam|p2a: Snorlax\n|-damage|p2a: Snorlax|36/100 par\n|move|p2a: Snorlax|Rest|p2a: Snorlax\n|-status|p2a: Snorlax|slp|[from] move: Rest\n|-heal|p2a: Snorlax|100/100 slp|[silent]\n|\n|upkeep\n|turn|16\n|\n|t:|1782575320\n|switch|p1a: Cloyster|Cloyster|100/100\n|cant|p2a: Snorlax|slp\n|\n|upkeep\n|turn|17\n|\n|t:|1782575323\n|move|p1a: Cloyster|Clamp|p2a: Snorlax\n|-damage|p2a: Snorlax|92/100 slp\n|-curestatus|p2a: Snorlax|slp|[msg]\n|\n|upkeep\n|turn|18\n|\n|t:|1782575329\n|switch|p2a: Gengar|Gengar|100/100\n|move|p1a: Cloyster|Clamp|p2a: Gengar\n|-damage|p2a: Gengar|90/100\n|\n|upkeep\n|turn|19\n|\n|t:|1782575334\n|switch|p2a: Zapdos|Zapdos|100/100\n|move|p1a: Cloyster|Clamp|p2a: Zapdos\n|-crit|p2a: Zapdos\n|-damage|p2a: Zapdos|85/100\n|\n|upkeep\n|turn|20\n|\n|t:|1782575340\n|switch|p2a: Gengar|Gengar|90/100\n|move|p1a: Cloyster|Clamp|p2a: Gengar\n|-crit|p2a: Gengar\n|-damage|p2a: Gengar|70/100\n|\n|upkeep\n|turn|21\n|\n|t:|1782575343\n|switch|p2a: Zapdos|Zapdos|85/100\n|switch|p1a: Zapdos|Zapdos|100/100\n|\n|upkeep\n|turn|22\n|\n|t:|1782575348\n|move|p1a: Zapdos|Thunder Wave|p2a: Zapdos\n|-status|p2a: Zapdos|par\n|move|p2a: Zapdos|Thunder Wave|p1a: Zapdos\n|-status|p1a: Zapdos|par\n|\n|upkeep\n|turn|23\n|\n|t:|1782575351\n|move|p1a: Zapdos|Thunderbolt|p2a: Zapdos\n|-crit|p2a: Zapdos\n|-damage|p2a: Zapdos|27/100 par\n|move|p2a: Zapdos|Thunderbolt|p1a: Zapdos\n|-damage|p1a: Zapdos|70/100 par\n|\n|upkeep\n|turn|24\n|\n|t:|1782575353\n|move|p1a: Zapdos|Thunderbolt|p2a: Zapdos\n|-damage|p2a: Zapdos|0 fnt\n|faint|p2a: Zapdos\n|\n|t:|1782575360\n|switch|p2a: Gengar|Gengar|70/100\n|turn|25\n|\n|t:|1782575364\n|switch|p1a: Exeggutor|Exeggutor|100/100\n|move|p2a: Gengar|Psychic|p1a: Exeggutor\n|-crit|p1a: Exeggutor\n|-resisted|p1a: Exeggutor\n|-damage|p1a: Exeggutor|83/100\n|\n|upkeep\n|turn|26\n|\n|t:|1782575367\n|switch|p1a: Tauros|Tauros|100/100\n|move|p2a: Gengar|Explosion|p1a: Tauros\n|-damage|p1a: Tauros|42/100\n|faint|p2a: Gengar\n|\n|t:|1782575376\n|switch|p2a: Lapras|Lapras|89/100\n|turn|27\n|\n|t:|1782575384\n|move|p1a: Tauros|Body Slam|p2a: Lapras\n|-crit|p2a: Lapras\n|-damage|p2a: Lapras|39/100\n|move|p2a: Lapras|Body Slam|p1a: Tauros\n|-damage|p1a: Tauros|25/100\n|\n|upkeep\n|turn|28\n|\n|t:|1782575388\n|move|p1a: Tauros|Hyper Beam|p2a: Lapras\n|-damage|p2a: Lapras|0 fnt\n|faint|p2a: Lapras\n|\n|t:|1782575390\n|switch|p2a: Tauros|Tauros|100/100\n|turn|29\n|\n|t:|1782575392\n|move|p1a: Tauros|Hyper Beam|p2a: Tauros\n|-damage|p2a: Tauros|46/100\n|-mustrecharge|p1a: Tauros\n|move|p2a: Tauros|Body Slam|p1a: Tauros\n|-damage|p1a: Tauros|0 fnt\n|faint|p1a: Tauros\n|\n|t:|1782575394\n|switch|p1a: Cloyster|Cloyster|100/100\n|turn|30\n|\n|t:|1782575399\n|move|p2a: Tauros|Body Slam|p1a: Cloyster\n|-damage|p1a: Cloyster|79/100\n|-status|p1a: Cloyster|par\n|move|p1a: Cloyster|Blizzard|p2a: Tauros\n|-damage|p2a: Tauros|0 fnt\n|faint|p2a: Tauros\n|\n|t:|1782575404\n|switch|p2a: Snorlax|Snorlax|92/100\n|turn|31\n|\n|t:|1782575407\n|move|p2a: Snorlax|Reflect|p2a: Snorlax\n|-start|p2a: Snorlax|Reflect\n|move|p1a: Cloyster|Blizzard|p2a: Snorlax\n|-damage|p2a: Snorlax|61/100\n|\n|upkeep\n|turn|32\n|\n|t:|1782575411\n|move|p2a: Snorlax|Body Slam|p1a: Cloyster\n|-damage|p1a: Cloyster|55/100 par\n|move|p1a: Cloyster|Blizzard|p2a: Snorlax\n|-damage|p2a: Snorlax|29/100\n|\n|upkeep\n|turn|33\n|\n|t:|1782575414\n|move|p2a: Snorlax|Rest|p2a: Snorlax\n|-status|p2a: Snorlax|slp|[from] move: Rest\n|-heal|p2a: Snorlax|100/100 slp|[silent]\n|cant|p1a: Cloyster|par\n|\n|upkeep\n|turn|34\n|\n|t:|1782575416\n|switch|p1a: Exeggutor|Exeggutor|83/100\n|cant|p2a: Snorlax|slp\n|\n|upkeep\n|turn|35\n|\n|t:|1782575418\n|switch|p1a: Snorlax|Snorlax|61/100\n|-curestatus|p2a: Snorlax|slp|[msg]\n|\n|upkeep\n|turn|36\n|\n|t:|1782575420\n|move|p1a: Snorlax|Reflect|p1a: Snorlax\n|-start|p1a: Snorlax|Reflect\n|move|p2a: Snorlax|Body Slam|p1a: Snorlax\n|-damage|p1a: Snorlax|47/100\n|\n|upkeep\n|turn|37\n|\n|t:|1782575421\n|move|p1a: Snorlax|Body Slam|p2a: Snorlax\n|-damage|p2a: Snorlax|87/100\n|move|p2a: Snorlax|Body Slam|p1a: Snorlax\n|-damage|p1a: Snorlax|34/100\n|\n|upkeep\n|turn|38\n|\n|t:|1782575423\n|move|p2a: Snorlax|Body Slam|p1a: Snorlax\n|-damage|p1a: Snorlax|21/100\n|move|p1a: Snorlax|Body Slam|p2a: Snorlax\n|-damage|p2a: Snorlax|74/100\n|\n|upkeep\n|turn|39\n|\n|t:|1782575426\n|move|p2a: Snorlax|Body Slam|p1a: Snorlax\n|-damage|p1a: Snorlax|8/100\n|move|p1a: Snorlax|Rest|p1a: Snorlax\n|-status|p1a: Snorlax|slp|[from] move: Rest\n|-heal|p1a: Snorlax|100/100 slp|[silent]\n|\n|upkeep\n|turn|40\n|\n|t:|1782575431\n|cant|p1a: Snorlax|slp\n|move|p2a: Snorlax|Body Slam|p1a: Snorlax\n|-damage|p1a: Snorlax|87/100 slp\n|\n|upkeep\n|turn|41\n|\n|t:|1782575432\n|-curestatus|p1a: Snorlax|slp|[msg]\n|move|p2a: Snorlax|Body Slam|p1a: Snorlax\n|-damage|p1a: Snorlax|74/100\n|\n|upkeep\n|turn|42\n|\n|t:|1782575435\n|move|p1a: Snorlax|Body Slam|p2a: Snorlax\n|-damage|p2a: Snorlax|59/100\n|move|p2a: Snorlax|Body Slam|p1a: Snorlax\n|-damage|p1a: Snorlax|60/100\n|\n|upkeep\n|turn|43\n|\n|t:|1782575438\n|move|p2a: Snorlax|Body Slam|p1a: Snorlax\n|-damage|p1a: Snorlax|47/100\n|move|p1a: Snorlax|Body Slam|p2a: Snorlax\n|-damage|p2a: Snorlax|47/100\n|\n|upkeep\n|turn|44\n|\n|t:|1782575441\n|move|p2a: Snorlax|Body Slam|p1a: Snorlax\n|-damage|p1a: Snorlax|33/100\n|move|p1a: Snorlax|Body Slam|p2a: Snorlax\n|-damage|p2a: Snorlax|32/100\n|\n|upkeep\n|turn|45\n|\n|t:|1782575443\n|move|p1a: Snorlax|Body Slam|p2a: Snorlax\n|-damage|p2a: Snorlax|19/100\n|move|p2a: Snorlax|Rest|p2a: Snorlax\n|-status|p2a: Snorlax|slp|[from] move: Rest\n|-heal|p2a: Snorlax|100/100 slp|[silent]\n|\n|upkeep\n|turn|46\n|\n|t:|1782575446\n|switch|p1a: Exeggutor|Exeggutor|83/100\n|cant|p2a: Snorlax|slp\n|\n|upkeep\n|turn|47\n|\n|t:|1782575448\n|move|p1a: Exeggutor|Psychic|p2a: Snorlax\n|-damage|p2a: Snorlax|69/100 slp\n|-unboost|p2a: Snorlax|spa|1\n|-unboost|p2a: Snorlax|spd|1\n|-curestatus|p2a: Snorlax|slp|[msg]\n|\n|upkeep\n|turn|48\n|\n|t:|1782575451\n|move|p1a: Exeggutor|Psychic|p2a: Snorlax\n|-damage|p2a: Snorlax|19/100\n|move|p2a: Snorlax|Body Slam|p1a: Exeggutor\n|-damage|p1a: Exeggutor|52/100\n|-status|p1a: Exeggutor|par\n|\n|upkeep\n|turn|49\n|\n|t:|1782575453\n|move|p2a: Snorlax|Rest|p2a: Snorlax\n|-status|p2a: Snorlax|slp|[from] move: Rest\n|-heal|p2a: Snorlax|100/100 slp|[silent]\n|move|p1a: Exeggutor|Psychic|p2a: Snorlax\n|-damage|p2a: Snorlax|49/100 slp\n|\n|upkeep\n|turn|50\n|\n|t:|1782575455\n|cant|p2a: Snorlax|slp\n|cant|p1a: Exeggutor|par\n|\n|upkeep\n|turn|51\n|\n|t:|1782575459\n|switch|p2a: Jynx|Jynx|79/100 par\n|move|p1a: Exeggutor|Psychic|p2a: Jynx\n|-resisted|p2a: Jynx\n|-damage|p2a: Jynx|61/100 par\n|\n|upkeep\n|turn|52\n|\n|t:|1782575468\n|switch|p1a: Cloyster|Cloyster|55/100 par\n|move|p2a: Jynx|Blizzard|p1a: Cloyster\n|-crit|p1a: Cloyster\n|-resisted|p1a: Cloyster\n|-damage|p1a: Cloyster|33/100 par\n|\n|upkeep\n|turn|53\n|\n|t:|1782575474\n|move|p2a: Jynx|Psychic|p1a: Cloyster\n|-damage|p1a: Cloyster|0 fnt\n|faint|p1a: Cloyster\n|\n|t:|1782575475\n|switch|p1a: Snorlax|Snorlax|33/100\n|turn|54\n|\n|t:|1782575484\n|move|p1a: Snorlax|Self-Destruct|p2a: Jynx\n|-damage|p2a: Jynx|0 fnt\n|faint|p2a: Jynx\n|faint|p1a: Snorlax\n|\n|t:|1782575486\n|switch|p1a: Exeggutor|Exeggutor|52/100 par\n|switch|p2a: Snorlax|Snorlax|49/100 slp\n|turn|55\n|\n|t:|1782575489\n|-curestatus|p2a: Snorlax|slp|[msg]\n|move|p1a: Exeggutor|Sleep Powder|p2a: Snorlax|[miss]\n|-miss|p1a: Exeggutor\n|\n|upkeep\n|turn|56\n|\n|t:|1782575493\n|move|p2a: Snorlax|Body Slam|p1a: Exeggutor\n|-damage|p1a: Exeggutor|24/100 par\n|move|p1a: Exeggutor|Sleep Powder|p2a: Snorlax|[miss]\n|-miss|p1a: Exeggutor\n|\n|upkeep\n|turn|57\n|\n|t:|1782575498\n|move|p2a: Snorlax|Body Slam|p1a: Exeggutor\n|-damage|p1a: Exeggutor|0 fnt\n|faint|p1a: Exeggutor\n|\n|t:|1782575499\n|switch|p1a: Zapdos|Zapdos|70/100 par\n|turn|58\n|\n|t:|1782575503\n|move|p2a: Snorlax|Body Slam|p1a: Zapdos\n|-damage|p1a: Zapdos|40/100 par\n|cant|p1a: Zapdos|par\n|\n|upkeep\n|turn|59\n|\n|t:|1782575507\n|move|p2a: Snorlax|Body Slam|p1a: Zapdos\n|-damage|p1a: Zapdos|8/100 par\n|move|p1a: Zapdos|Thunder Wave|p2a: Snorlax\n|-status|p2a: Snorlax|par\n|\n|upkeep\n|turn|60\n|\n|t:|1782575512\n|move|p1a: Zapdos|Rest|p1a: Zapdos\n|-status|p1a: Zapdos|slp|[from] move: Rest\n|-heal|p1a: Zapdos|100/100 slp|[silent]\n|move|p2a: Snorlax|Body Slam|p1a: Zapdos\n|-damage|p1a: Zapdos|69/100 slp\n|\n|upkeep\n|turn|61\n|\n|t:|1782575515\n|cant|p1a: Zapdos|slp\n|cant|p2a: Snorlax|par\n|\n|upkeep\n|turn|62\n|\n|t:|1782575516\n|-curestatus|p1a: Zapdos|slp|[msg]\n|move|p2a: Snorlax|Rest|p2a: Snorlax\n|-status|p2a: Snorlax|slp|[from] move: Rest\n|-heal|p2a: Snorlax|100/100 slp|[silent]\n|\n|upkeep\n|turn|63\n|\n|t:|1782575518\n|move|p1a: Zapdos|Thunderbolt|p2a: Snorlax\n|-damage|p2a: Snorlax|66/100 slp\n|cant|p2a: Snorlax|slp\n|\n|upkeep\n|turn|64\n|\n|t:|1782575519\n|move|p1a: Zapdos|Thunderbolt|p2a: Snorlax\n|-damage|p2a: Snorlax|36/100 slp\n|-curestatus|p2a: Snorlax|slp|[msg]\n|\n|upkeep\n|turn|65\n|\n|t:|1782575524\n|move|p1a: Zapdos|Thunderbolt|p2a: Snorlax\n|-damage|p2a: Snorlax|6/100\n|move|p2a: Snorlax|Body Slam|p1a: Zapdos\n|-damage|p1a: Zapdos|40/100\n|-status|p1a: Zapdos|par\n|\n|upkeep\n|turn|66\n|\n|t:|1782575528\n|move|p2a: Snorlax|Rest|p2a: Snorlax\n|-status|p2a: Snorlax|slp|[from] move: Rest\n|-heal|p2a: Snorlax|100/100 slp|[silent]\n|move|p1a: Zapdos|Thunderbolt|p2a: Snorlax\n|-damage|p2a: Snorlax|69/100 slp\n|\n|upkeep\n|turn|67\n|\n|t:|1782575530\n|cant|p2a: Snorlax|slp\n|move|p1a: Zapdos|Thunderbolt|p2a: Snorlax\n|-damage|p2a: Snorlax|36/100 slp\n|\n|upkeep\n|turn|68\n|\n|t:|1782575532\n|-curestatus|p2a: Snorlax|slp|[msg]\n|move|p1a: Zapdos|Thunder Wave|p2a: Snorlax\n|-status|p2a: Snorlax|par\n|\n|upkeep\n|turn|69\n|\n|t:|1782575535\n|move|p1a: Zapdos|Thunderbolt|p2a: Snorlax\n|-crit|p2a: Snorlax\n|-damage|p2a: Snorlax|0 fnt\n|faint|p2a: Snorlax\n|\n|win|Soda Krys\n|c|☆Soda Krys|gg19\n|c|☆TG2513|almost. gg\n|c|☆Soda Krys|9-10\n","uploadtime":1782575535,"views":"63","formatid":"gen1ou","rating":null,"private":0,"password":null}