{"id":"smogtours-gen1ou-902192","format":"[Gen 1] OU","players":["Laroxyl","nicole7735"],"log":"|inactive|Battle timer is ON: inactive players will automatically lose when time's up.\n|t:|1769293960\n|gametype|singles\n|player|p1|Laroxyl|#splxviitigers2|\n|player|p2|nicole7735|#splxviiscooters|\n|gen|1\n|tier|[Gen 1] OU\n|rule|Desync Clause Mod: Desyncs changed to move failure.\n|rule|Sleep Clause Mod: Limit one foe put to sleep\n|rule|Freeze Clause Mod: Limit one foe frozen\n|rule|Species Clause: Limit one of each Pokémon\n|rule|OHKO Clause: OHKO moves are banned\n|rule|Evasion Moves Clause: Evasion moves are banned\n|rule|Endless Battle Clause: Forcing endless battles is banned\n|rule|HP Percentage Mod: HP is shown in percentages\n|\n|t:|1769293960\n|teamsize|p1|6\n|teamsize|p2|6\n|start\n|switch|p1a: Alakazam|Alakazam|100/100\n|switch|p2a: Gengar|Gengar|100/100\n|turn|1\n|c|☆nicole7735|hf\n|rated|Smogon Premier League\n|c|☆Laroxyl|hf\n|\n|t:|1769293977\n|switch|p2a: Chansey|Chansey|100/100\n|move|p1a: Alakazam|Thunder Wave|p2a: Chansey\n|-status|p2a: Chansey|par\n|\n|upkeep\n|turn|2\n|\n|t:|1769293981\n|move|p1a: Alakazam|Psychic|p2a: Chansey\n|-crit|p2a: Chansey\n|-damage|p2a: Chansey|67/100 par\n|move|p2a: Chansey|Sing|p1a: Alakazam\n|-status|p1a: Alakazam|slp|[from] move: Sing\n|\n|upkeep\n|turn|3\n|\n|t:|1769293994\n|cant|p1a: Alakazam|slp\n|cant|p2a: Chansey|par\n|\n|upkeep\n|turn|4\n|\n|t:|1769294002\n|cant|p1a: Alakazam|slp\n|cant|p2a: Chansey|par\n|\n|upkeep\n|turn|5\n|\n|t:|1769294008\n|-curestatus|p1a: Alakazam|slp|[msg]\n|cant|p2a: Chansey|par\n|\n|upkeep\n|turn|6\n|\n|t:|1769294011\n|move|p1a: Alakazam|Psychic|p2a: Chansey\n|-damage|p2a: Chansey|49/100 par\n|move|p2a: Chansey|Soft-Boiled|p2a: Chansey\n|-heal|p2a: Chansey|99/100 par\n|\n|upkeep\n|turn|7\n|\n|t:|1769294015\n|move|p1a: Alakazam|Psychic|p2a: Chansey\n|-damage|p2a: Chansey|82/100 par\n|-unboost|p2a: Chansey|spa|1\n|-unboost|p2a: Chansey|spd|1\n|move|p2a: Chansey|Sing|p1a: Alakazam|[miss]\n|-miss|p2a: Chansey\n|\n|upkeep\n|turn|8\n|\n|t:|1769294021\n|move|p1a: Alakazam|Psychic|p2a: Chansey\n|-crit|p2a: Chansey\n|-damage|p2a: Chansey|45/100 par\n|move|p2a: Chansey|Soft-Boiled|p2a: Chansey\n|-heal|p2a: Chansey|95/100 par\n|\n|upkeep\n|turn|9\n|\n|t:|1769294027\n|move|p1a: Alakazam|Psychic|p2a: Chansey\n|-damage|p2a: Chansey|67/100 par\n|move|p2a: Chansey|Sing|p1a: Alakazam|[miss]\n|-miss|p2a: Chansey\n|\n|upkeep\n|turn|10\n|\n|t:|1769294032\n|move|p1a: Alakazam|Psychic|p2a: Chansey\n|-damage|p2a: Chansey|37/100 par\n|move|p2a: Chansey|Soft-Boiled|p2a: Chansey\n|-heal|p2a: Chansey|87/100 par\n|\n|upkeep\n|turn|11\n|\n|t:|1769294037\n|move|p1a: Alakazam|Psychic|p2a: Chansey\n|-damage|p2a: Chansey|59/100 par\n|move|p2a: Chansey|Soft-Boiled|p2a: Chansey\n|-heal|p2a: Chansey|100/100 par\n|\n|upkeep\n|turn|12\n|\n|t:|1769294042\n|move|p1a: Alakazam|Psychic|p2a: Chansey\n|-crit|p2a: Chansey\n|-damage|p2a: Chansey|65/100 par\n|cant|p2a: Chansey|par\n|\n|upkeep\n|turn|13\n|\n|t:|1769294047\n|move|p1a: Alakazam|Psychic|p2a: Chansey\n|-damage|p2a: Chansey|39/100 par\n|move|p2a: Chansey|Soft-Boiled|p2a: Chansey\n|-heal|p2a: Chansey|89/100 par\n|\n|upkeep\n|turn|14\n|\n|t:|1769294051\n|move|p1a: Alakazam|Seismic Toss|p2a: Chansey\n|-damage|p2a: Chansey|75/100 par\n|move|p2a: Chansey|Soft-Boiled|p2a: Chansey\n|-heal|p2a: Chansey|100/100 par\n|\n|upkeep\n|turn|15\n|\n|t:|1769294057\n|move|p1a: Alakazam|Psychic|p2a: Chansey\n|-crit|p2a: Chansey\n|-damage|p2a: Chansey|66/100 par\n|-unboost|p2a: Chansey|spa|1\n|-unboost|p2a: Chansey|spd|1\n|move|p2a: Chansey|Sing|p1a: Alakazam\n|-status|p1a: Alakazam|slp|[from] move: Sing\n|\n|upkeep\n|turn|16\n|\n|t:|1769294072\n|switch|p1a: Snorlax|Snorlax|100/100\n|move|p2a: Chansey|Soft-Boiled|p2a: Chansey\n|-heal|p2a: Chansey|100/100 par\n|\n|upkeep\n|turn|17\n|\n|t:|1769294092\n|switch|p2a: Snorlax|Snorlax|100/100\n|move|p1a: Snorlax|Body Slam|p2a: Snorlax\n|-crit|p2a: Snorlax\n|-damage|p2a: Snorlax|48/100\n|\n|upkeep\n|turn|18\n|\n|t:|1769294111\n|move|p2a: Snorlax|Reflect|p2a: Snorlax\n|-start|p2a: Snorlax|Reflect\n|move|p1a: Snorlax|Reflect|p1a: Snorlax\n|-start|p1a: Snorlax|Reflect\n|\n|upkeep\n|turn|19\n|\n|t:|1769294123\n|switch|p1a: Exeggutor|Exeggutor|100/100\n|move|p2a: Snorlax|Body Slam|p1a: Exeggutor\n|-damage|p1a: Exeggutor|72/100\n|\n|upkeep\n|turn|20\n|\n|t:|1769294133\n|switch|p1a: Snorlax|Snorlax|100/100\n|move|p2a: Snorlax|Body Slam|p1a: Snorlax\n|-damage|p1a: Snorlax|72/100\n|\n|upkeep\n|turn|21\n|\n|t:|1769294137\n|move|p1a: Snorlax|Reflect|p1a: Snorlax\n|-start|p1a: Snorlax|Reflect\n|move|p2a: Snorlax|Body Slam|p1a: Snorlax\n|-damage|p1a: Snorlax|59/100\n|\n|upkeep\n|turn|22\n|\n|t:|1769294144\n|move|p1a: Snorlax|Rest|p1a: Snorlax\n|-status|p1a: Snorlax|slp|[from] move: Rest\n|-heal|p1a: Snorlax|100/100 slp|[silent]\n|move|p2a: Snorlax|Rest|p2a: Snorlax\n|-status|p2a: Snorlax|slp|[from] move: Rest\n|-heal|p2a: Snorlax|100/100 slp|[silent]\n|\n|upkeep\n|turn|23\n|\n|t:|1769294146\n|cant|p1a: Snorlax|slp\n|cant|p2a: Snorlax|slp\n|\n|upkeep\n|turn|24\n|\n|t:|1769294150\n|-curestatus|p2a: Snorlax|slp|[msg]\n|-curestatus|p1a: Snorlax|slp|[msg]\n|\n|upkeep\n|turn|25\n|\n|t:|1769294153\n|move|p2a: Snorlax|Body Slam|p1a: Snorlax\n|-crit|p1a: Snorlax\n|-damage|p1a: Snorlax|52/100\n|move|p1a: Snorlax|Body Slam|p2a: Snorlax\n|-damage|p2a: Snorlax|88/100\n|\n|upkeep\n|turn|26\n|\n|t:|1769294160\n|switch|p2a: Gengar|Gengar|100/100\n|move|p1a: Snorlax|Rest|p1a: Snorlax\n|-status|p1a: Snorlax|slp|[from] move: Rest\n|-heal|p1a: Snorlax|100/100 slp|[silent]\n|\n|upkeep\n|turn|27\n|inactive|Laroxyl has 270 seconds left.\n|\n|t:|1769294192\n|switch|p1a: Exeggutor|Exeggutor|72/100\n|move|p2a: Gengar|Psychic|p1a: Exeggutor\n|-crit|p1a: Exeggutor\n|-resisted|p1a: Exeggutor\n|-damage|p1a: Exeggutor|53/100\n|\n|upkeep\n|turn|28\n|inactive|Laroxyl has 270 seconds left.\n|\n|t:|1769294202\n|switch|p2a: Chansey|Chansey|100/100 par\n|switch|p1a: Snorlax|Snorlax|100/100 slp\n|\n|upkeep\n|turn|29\n|\n|t:|1769294210\n|switch|p2a: Tauros|Tauros|100/100\n|cant|p1a: Snorlax|slp\n|\n|upkeep\n|turn|30\n|\n|t:|1769294211\n|move|p2a: Tauros|Body Slam|p1a: Snorlax\n|-crit|p1a: Snorlax\n|-damage|p1a: Snorlax|53/100 slp\n|-curestatus|p1a: Snorlax|slp|[msg]\n|\n|upkeep\n|turn|31\n|\n|t:|1769294218\n|switch|p1a: Starmie|Starmie|100/100\n|move|p2a: Tauros|Body Slam|p1a: Starmie\n|-damage|p1a: Starmie|68/100\n|\n|upkeep\n|turn|32\n|\n|t:|1769294243\n|switch|p2a: Chansey|Chansey|100/100 par\n|move|p1a: Starmie|Recover|p1a: Starmie\n|-heal|p1a: Starmie|100/100\n|\n|upkeep\n|turn|33\n|\n|t:|1769294254\n|switch|p1a: Snorlax|Snorlax|53/100\n|cant|p2a: Chansey|par\n|\n|upkeep\n|turn|34\n|inactive|Laroxyl has 270 seconds left.\n|\n|t:|1769294274\n|switch|p2a: Gengar|Gengar|100/100\n|move|p1a: Snorlax|Body Slam|p2a: Gengar\n|-immune|p2a: Gengar\n|\n|upkeep\n|turn|35\n|inactive|Laroxyl has 270 seconds left.\n|\n|t:|1769294287\n|switch|p1a: Exeggutor|Exeggutor|53/100\n|move|p2a: Gengar|Night Shade|p1a: Exeggutor\n|-damage|p1a: Exeggutor|27/100\n|\n|upkeep\n|turn|36\n|inactive|Laroxyl has 270 seconds left.\n|inactive|nicole7735 has 270 seconds left.\n|inactive|Laroxyl has 240 seconds left.\n|\n|t:|1769294342\n|move|p2a: Gengar|Night Shade|p1a: Exeggutor\n|-damage|p1a: Exeggutor|2/100\n|move|p1a: Exeggutor|Sleep Powder|p2a: Gengar|[miss]\n|-miss|p1a: Exeggutor\n|\n|upkeep\n|turn|37\n|inactive|Laroxyl has 210 seconds left.\n|inactive|Laroxyl disconnected and has 300 seconds to reconnect!\n|player|p1|\n|inactive|Laroxyl reconnected and has 200 seconds left.\n|player|p1|Laroxyl|#splxviitigers2|\n|\n|t:|1769294410\n|switch|p1a: Chansey|Chansey|100/100\n|move|p2a: Gengar|Night Shade|p1a: Chansey\n|-damage|p1a: Chansey|86/100\n|\n|upkeep\n|turn|38\n|inactive|nicole7735 has 270 seconds left.\n|inactive|Laroxyl has 180 seconds left.\n|\n|t:|1769294453\n|switch|p2a: Chansey|Chansey|100/100 par\n|switch|p1a: Alakazam|Alakazam|100/100 slp\n|\n|upkeep\n|turn|39\n|inactive|nicole7735 has 270 seconds left.\n|inactive|Laroxyl has 150 seconds left.\n|\n|t:|1769294475\n|switch|p1a: Snorlax|Snorlax|53/100\n|cant|p2a: Chansey|par\n|\n|upkeep\n|turn|40\n|inactive|Laroxyl has 150 seconds left.\n|\n|t:|1769294487\n|switch|p2a: Gengar|Gengar|100/100\n|move|p1a: Snorlax|Earthquake|p2a: Gengar\n|-supereffective|p2a: Gengar\n|-damage|p2a: Gengar|26/100\n|\n|upkeep\n|turn|41\n|inactive|Laroxyl has 150 seconds left.\n|inactive|nicole7735 has 270 seconds left.\n|inactive|Laroxyl has 120 seconds left.\n|inactive|nicole7735 has 240 seconds left.\n|inactive|Laroxyl has 90 seconds left.\n|inactive|nicole7735 has 210 seconds left.\n|\n|t:|1769294564\n|switch|p2a: Exeggutor|Exeggutor|100/100\n|switch|p1a: Starmie|Starmie|100/100\n|\n|upkeep\n|turn|42\n|inactive|Laroxyl has 90 seconds left.\n|inactive|nicole7735 has 210 seconds left.\n|\n|t:|1769294586\n|switch|p1a: Alakazam|Alakazam|100/100 slp\n|move|p2a: Exeggutor|Stun Spore|p1a: Alakazam\n|-fail|p1a: Alakazam\n|\n|upkeep\n|turn|43\n|inactive|nicole7735 has 210 seconds left.\n|\n|t:|1769294611\n|switch|p1a: Chansey|Chansey|86/100\n|switch|p2a: Tauros|Tauros|100/100\n|\n|upkeep\n|turn|44\n|inactive|nicole7735 has 210 seconds left.\n|inactive|Laroxyl has 60 seconds left.\n|\n|t:|1769294635\n|switch|p2a: Snorlax|Snorlax|88/100\n|switch|p1a: Exeggutor|Exeggutor|2/100\n|\n|upkeep\n|turn|45\n|inactive|Laroxyl has 60 seconds left.\n|inactive|nicole7735 has 210 seconds left.\n|\n|t:|1769294683\n|switch|p2a: Chansey|Chansey|100/100 par\n|move|p1a: Exeggutor|Sleep Powder|p2a: Chansey\n|-fail|p2a: Chansey\n|\n|upkeep\n|turn|46\n|inactive|Laroxyl has 30 seconds left.\n|\n|t:|1769294701\n|switch|p2a: Gengar|Gengar|26/100\n|move|p1a: Exeggutor|Psychic|p2a: Gengar\n|-supereffective|p2a: Gengar\n|-damage|p2a: Gengar|0 fnt\n|faint|p2a: Gengar\n|inactive|nicole7735 has 180 seconds left.\n|\n|t:|1769294738\n|switch|p2a: Zapdos|Zapdos|100/100\n|turn|47\n|inactive|Laroxyl has 30 seconds left.\n|inactive|Laroxyl has 20 seconds left.\n|\n|t:|1769294767\n|move|p2a: Zapdos|Drill Peck|p1a: Exeggutor|[miss]\n|-miss|p2a: Zapdos\n|-hint|In Gen 1, moves with 100% accuracy can still miss 1/256 of the time.\n|move|p1a: Exeggutor|Explosion|p2a: Zapdos\n|-damage|p2a: Zapdos|29/100\n|faint|p1a: Exeggutor\n|inactive|Laroxyl has 25 seconds left this turn.\n|inactive|Laroxyl has 20 seconds left.\n|inactive|Laroxyl has 15 seconds left.\n|\n|t:|1769294778\n|switch|p1a: Tauros|Tauros|100/100\n|turn|48\n|inactive|Laroxyl has 25 seconds left this turn.\n|inactive|Laroxyl has 20 seconds left.\n|inactive|Laroxyl has 15 seconds left.\n|inactive|Laroxyl has 10 seconds left.\n|\n|t:|1769294793\n|switch|p2a: Snorlax|Snorlax|88/100\n|move|p1a: Tauros|Blizzard|p2a: Snorlax\n|-crit|p2a: Snorlax\n|-damage|p2a: Snorlax|49/100\n|\n|upkeep\n|turn|49\n|inactive|Laroxyl has 20 seconds left this turn.\n|inactive|Laroxyl has 15 seconds left.\n|inactive|Laroxyl has 10 seconds left.\n|\n|t:|1769294808\n|move|p1a: Tauros|Body Slam|p2a: Snorlax\n|-crit|p2a: Snorlax\n|-damage|p2a: Snorlax|0 fnt\n|faint|p2a: Snorlax\n|\n|t:|1769294815\n|switch|p2a: Tauros|Tauros|100/100\n|turn|50\n|inactive|Laroxyl has 25 seconds left this turn.\n|inactive|Laroxyl has 20 seconds left.\n|\n|t:|1769294821\n|move|p1a: Tauros|Body Slam|p2a: Tauros|[miss]\n|-miss|p1a: Tauros\n|-hint|In Gen 1, moves with 100% accuracy can still miss 1/256 of the time.\n|move|p2a: Tauros|Body Slam|p1a: Tauros\n|-damage|p1a: Tauros|70/100\n|\n|upkeep\n|turn|51\n|inactive|Laroxyl has 30 seconds left this turn.\n|inactive|nicole7735 has 180 seconds left.\n|\n|t:|1769294827\n|move|p2a: Tauros|Body Slam|p1a: Tauros\n|-damage|p1a: Tauros|41/100\n|move|p1a: Tauros|Body Slam|p2a: Tauros\n|-damage|p2a: Tauros|69/100\n|\n|upkeep\n|turn|52\n|inactive|Laroxyl has 30 seconds left.\n|\n|t:|1769294841\n|move|p2a: Tauros|Body Slam|p1a: Tauros\n|-crit|p1a: Tauros\n|-damage|p1a: Tauros|0 fnt\n|faint|p1a: Tauros\n|inactive|Laroxyl has 30 seconds left.\n|\n|t:|1769294851\n|switch|p1a: Starmie|Starmie|100/100\n|turn|53\n|inactive|Laroxyl has 30 seconds left.\n|\n|t:|1769294861\n|switch|p2a: Chansey|Chansey|100/100 par\n|move|p1a: Starmie|Psychic|p2a: Chansey\n|-damage|p2a: Chansey|85/100 par\n|\n|upkeep\n|turn|54\n|inactive|nicole7735 has 210 seconds left.\n|inactive|Laroxyl has 30 seconds left.\n|inactive|Laroxyl has 20 seconds left.\n|inactive|Laroxyl has 15 seconds left.\n|\n|t:|1769294886\n|switch|p1a: Snorlax|Snorlax|53/100\n|move|p2a: Chansey|Thunder Wave|p1a: Snorlax\n|-status|p1a: Snorlax|par\n|\n|upkeep\n|turn|55\n|inactive|Laroxyl has 25 seconds left this turn.\n|inactive|Laroxyl has 20 seconds left.\n|inactive|nicole7735 has 210 seconds left.\n|\n|t:|1769294912\n|switch|p2a: Tauros|Tauros|69/100\n|move|p1a: Snorlax|Body Slam|p2a: Tauros\n|-damage|p2a: Tauros|37/100\n|\n|upkeep\n|turn|56\n|inactive|Laroxyl has 30 seconds left this turn.\n|inactive|Laroxyl has 20 seconds left.\n|inactive|Laroxyl has 15 seconds left.\n|\n|t:|1769294930\n|switch|p1a: Starmie|Starmie|100/100\n|move|p2a: Tauros|Body Slam|p1a: Starmie\n|-damage|p1a: Starmie|68/100\n|\n|upkeep\n|turn|57\n|inactive|Laroxyl has 25 seconds left this turn.\n|inactive|Laroxyl has 20 seconds left.\n|inactive|nicole7735 has 210 seconds left.\n|\n|t:|1769294942\n|move|p1a: Starmie|Recover|p1a: Starmie\n|-heal|p1a: Starmie|100/100\n|move|p2a: Tauros|Body Slam|p1a: Starmie\n|-crit|p1a: Starmie\n|-damage|p1a: Starmie|37/100\n|\n|upkeep\n|turn|58\n|inactive|Laroxyl has 30 seconds left this turn.\n|\n|t:|1769294947\n|switch|p2a: Chansey|Chansey|85/100 par\n|move|p1a: Starmie|Recover|p1a: Starmie\n|-heal|p1a: Starmie|87/100\n|\n|upkeep\n|turn|59\n|inactive|Laroxyl has 30 seconds left.\n|inactive|Laroxyl has 20 seconds left.\n|\n|t:|1769294969\n|switch|p1a: Snorlax|Snorlax|53/100 par\n|move|p2a: Chansey|Seismic Toss|p1a: Snorlax\n|-damage|p1a: Snorlax|34/100 par\n|\n|upkeep\n|turn|60\n|inactive|Laroxyl has 30 seconds left this turn.\n|inactive|Laroxyl has 20 seconds left.\n|inactive|nicole7735 has 210 seconds left.\n|inactive|nicole7735 has 180 seconds left.\n|\n|t:|1769295021\n|switch|p2a: Exeggutor|Exeggutor|100/100\n|cant|p1a: Snorlax|par\n|\n|upkeep\n|turn|61\n|inactive|Laroxyl has 30 seconds left this turn.\n|inactive|nicole7735 has 180 seconds left.\n|inactive|Laroxyl has 20 seconds left.\n|\n|t:|1769295038\n|switch|p1a: Chansey|Chansey|86/100\n|move|p2a: Exeggutor|Stun Spore|p1a: Chansey|[miss]\n|-miss|p2a: Exeggutor\n|\n|upkeep\n|turn|62\n|inactive|Laroxyl has 30 seconds left this turn.\n|inactive|Laroxyl has 20 seconds left.\n|\n|t:|1769295050\n|move|p2a: Exeggutor|Stun Spore|p1a: Chansey\n|-status|p1a: Chansey|par\n|move|p1a: Chansey|Ice Beam|p2a: Exeggutor\n|-supereffective|p2a: Exeggutor\n|-damage|p2a: Exeggutor|68/100\n|\n|upkeep\n|turn|63\n|inactive|Laroxyl has 30 seconds left this turn.\n|inactive|nicole7735 has 180 seconds left.\n|inactive|Laroxyl has 20 seconds left.\n|inactive|Laroxyl has 15 seconds left.\n|\n|t:|1769295067\n|switch|p2a: Chansey|Chansey|85/100 par\n|move|p1a: Chansey|Soft-Boiled|p1a: Chansey\n|-heal|p1a: Chansey|100/100 par\n|\n|upkeep\n|turn|64\n|inactive|Laroxyl has 25 seconds left this turn.\n|inactive|Laroxyl has 20 seconds left.\n|\n|t:|1769295072\n|move|p2a: Chansey|Seismic Toss|p1a: Chansey\n|-damage|p1a: Chansey|86/100 par\n|move|p1a: Chansey|Thunderbolt|p2a: Chansey\n|-damage|p2a: Chansey|73/100 par\n|\n|upkeep\n|turn|65\n|inactive|Laroxyl has 30 seconds left this turn.\n|\n|t:|1769295077\n|move|p1a: Chansey|Thunderbolt|p2a: Chansey\n|-damage|p2a: Chansey|63/100 par\n|move|p2a: Chansey|Seismic Toss|p1a: Chansey\n|-damage|p1a: Chansey|72/100 par\n|\n|upkeep\n|turn|66\n|\n|t:|1769295082\n|move|p1a: Chansey|Soft-Boiled|p1a: Chansey\n|-heal|p1a: Chansey|100/100 par\n|move|p2a: Chansey|Seismic Toss|p1a: Chansey\n|-damage|p1a: Chansey|86/100 par\n|\n|upkeep\n|turn|67\n|\n|t:|1769295090\n|move|p2a: Chansey|Seismic Toss|p1a: Chansey\n|-damage|p1a: Chansey|72/100 par\n|cant|p1a: Chansey|par\n|\n|upkeep\n|turn|68\n|\n|t:|1769295107\n|move|p1a: Chansey|Soft-Boiled|p1a: Chansey\n|-heal|p1a: Chansey|100/100 par\n|cant|p2a: Chansey|par\n|\n|upkeep\n|turn|69\n|\n|t:|1769295113\n|move|p1a: Chansey|Thunderbolt|p2a: Chansey\n|-damage|p2a: Chansey|52/100 par\n|cant|p2a: Chansey|par\n|\n|upkeep\n|turn|70\n|\n|t:|1769295123\n|move|p1a: Chansey|Thunderbolt|p2a: Chansey\n|-damage|p2a: Chansey|41/100 par\n|move|p2a: Chansey|Seismic Toss|p1a: Chansey\n|-damage|p1a: Chansey|86/100 par\n|\n|upkeep\n|turn|71\n|\n|t:|1769295131\n|move|p2a: Chansey|Seismic Toss|p1a: Chansey\n|-damage|p1a: Chansey|72/100 par\n|move|p1a: Chansey|Thunderbolt|p2a: Chansey\n|-damage|p2a: Chansey|31/100 par\n|\n|upkeep\n|turn|72\n|\n|t:|1769295149\n|move|p2a: Chansey|Seismic Toss|p1a: Chansey\n|-damage|p1a: Chansey|58/100 par\n|move|p1a: Chansey|Ice Beam|p2a: Chansey\n|-damage|p2a: Chansey|21/100 par\n|\n|upkeep\n|turn|73\n|\n|t:|1769295156\n|move|p2a: Chansey|Soft-Boiled|p2a: Chansey\n|-heal|p2a: Chansey|71/100 par\n|move|p1a: Chansey|Soft-Boiled|p1a: Chansey\n|-heal|p1a: Chansey|100/100 par\n|\n|upkeep\n|turn|74\n|\n|t:|1769295167\n|move|p2a: Chansey|Sing|p1a: Chansey|[miss]\n|-miss|p2a: Chansey\n|cant|p1a: Chansey|par\n|\n|upkeep\n|turn|75\n|\n|t:|1769295172\n|move|p2a: Chansey|Sing|p1a: Chansey\n|-fail|p1a: Chansey\n|move|p1a: Chansey|Thunderbolt|p2a: Chansey\n|-damage|p2a: Chansey|60/100 par\n|\n|upkeep\n|turn|76\n|inactive|Laroxyl has 60 seconds left.\n|\n|t:|1769295179\n|move|p2a: Chansey|Seismic Toss|p1a: Chansey\n|-damage|p1a: Chansey|86/100 par\n|move|p1a: Chansey|Thunderbolt|p2a: Chansey\n|-damage|p2a: Chansey|50/100 par\n|\n|upkeep\n|turn|77\n|\n|t:|1769295185\n|move|p2a: Chansey|Soft-Boiled|p2a: Chansey\n|-heal|p2a: Chansey|99/100 par\n|move|p1a: Chansey|Thunderbolt|p2a: Chansey\n|-damage|p2a: Chansey|89/100 par\n|\n|upkeep\n|turn|78\n|\n|t:|1769295201\n|cant|p2a: Chansey|par\n|move|p1a: Chansey|Thunderbolt|p2a: Chansey\n|-damage|p2a: Chansey|79/100 par\n|\n|upkeep\n|turn|79\n|\n|t:|1769295206\n|move|p1a: Chansey|Thunderbolt|p2a: Chansey\n|-damage|p2a: Chansey|68/100 par\n|move|p2a: Chansey|Seismic Toss|p1a: Chansey\n|-damage|p1a: Chansey|72/100 par\n|\n|upkeep\n|turn|80\n|\n|t:|1769295210\n|move|p2a: Chansey|Seismic Toss|p1a: Chansey\n|-damage|p1a: Chansey|58/100 par\n|move|p1a: Chansey|Thunder Wave|p2a: Chansey\n|-fail|p2a: Chansey|par\n|\n|upkeep\n|turn|81\n|\n|t:|1769295221\n|switch|p2a: Exeggutor|Exeggutor|68/100\n|move|p1a: Chansey|Thunder Wave|p2a: Exeggutor\n|-status|p2a: Exeggutor|par\n|\n|upkeep\n|turn|82\n|inactive|Laroxyl has 90 seconds left.\n|\n|t:|1769295264\n|move|p2a: Exeggutor|Psychic|p1a: Chansey\n|-damage|p1a: Chansey|41/100 par\n|cant|p1a: Chansey|par\n|\n|upkeep\n|turn|83\n|\n|t:|1769295270\n|move|p2a: Exeggutor|Psychic|p1a: Chansey\n|-damage|p1a: Chansey|25/100 par\n|cant|p1a: Chansey|par\n|\n|upkeep\n|turn|84\n|\n|t:|1769295278\n|move|p2a: Exeggutor|Psychic|p1a: Chansey\n|-damage|p1a: Chansey|8/100 par\n|move|p1a: Chansey|Soft-Boiled|p1a: Chansey\n|-heal|p1a: Chansey|58/100 par\n|\n|upkeep\n|turn|85\n|\n|t:|1769295285\n|cant|p2a: Exeggutor|par\n|move|p1a: Chansey|Soft-Boiled|p1a: Chansey\n|-heal|p1a: Chansey|100/100 par\n|\n|upkeep\n|turn|86\n|inactive|Laroxyl has 90 seconds left.\n|\n|t:|1769295299\n|cant|p2a: Exeggutor|par\n|cant|p1a: Chansey|par\n|\n|upkeep\n|turn|87\n|inactive|Laroxyl has 90 seconds left.\n|inactive|Laroxyl has 60 seconds left.\n|\n|t:|1769295340\n|move|p2a: Exeggutor|Psychic|p1a: Chansey\n|-damage|p1a: Chansey|84/100 par\n|move|p1a: Chansey|Ice Beam|p2a: Exeggutor\n|-supereffective|p2a: Exeggutor\n|-damage|p2a: Exeggutor|37/100 par\n|\n|upkeep\n|turn|88\n|inactive|Laroxyl has 60 seconds left.\n|inactive|nicole7735 has 270 seconds left.\n|inactive|nicole7735 has 240 seconds left.\n|\n|t:|1769295404\n|switch|p1a: Alakazam|Alakazam|100/100 slp\n|move|p2a: Exeggutor|Rest|p2a: Exeggutor\n|-status|p2a: Exeggutor|slp|[from] move: Rest\n|-heal|p2a: Exeggutor|100/100 slp|[silent]\n|\n|upkeep\n|turn|89\n|\n|t:|1769295416\n|switch|p1a: Starmie|Starmie|87/100\n|switch|p2a: Tauros|Tauros|37/100\n|\n|upkeep\n|turn|90\n|\n|t:|1769295425\n|switch|p2a: Chansey|Chansey|68/100 par\n|move|p1a: Starmie|Psychic|p2a: Chansey\n|-damage|p2a: Chansey|53/100 par\n|-unboost|p2a: Chansey|spa|1\n|-unboost|p2a: Chansey|spd|1\n|\n|upkeep\n|turn|91\n|\n|t:|1769295438\n|move|p1a: Starmie|Psychic|p2a: Chansey\n|-damage|p2a: Chansey|31/100 par\n|move|p2a: Chansey|Soft-Boiled|p2a: Chansey\n|-heal|p2a: Chansey|81/100 par\n|\n|upkeep\n|turn|92\n|inactive|Laroxyl has 30 seconds left.\n|inactive|Laroxyl has 20 seconds left.\n|inactive|nicole7735 has 240 seconds left.\n|\n|t:|1769295481\n|switch|p1a: Snorlax|Snorlax|34/100 par\n|move|p2a: Chansey|Seismic Toss|p1a: Snorlax\n|-damage|p1a: Snorlax|14/100 par\n|\n|upkeep\n|turn|93\n|inactive|Laroxyl has 30 seconds left this turn.\n|inactive|nicole7735 has 240 seconds left.\n|\n|t:|1769295493\n|switch|p2a: Tauros|Tauros|37/100\n|move|p1a: Snorlax|Rest|p1a: Snorlax\n|-status|p1a: Snorlax|slp|[from] move: Rest\n|-heal|p1a: Snorlax|100/100 slp|[silent]\n|\n|upkeep\n|turn|94\n|\n|t:|1769295496\n|move|p2a: Tauros|Body Slam|p1a: Snorlax\n|-damage|p1a: Snorlax|75/100 slp\n|cant|p1a: Snorlax|slp\n|\n|upkeep\n|turn|95\n|\n|t:|1769295499\n|move|p2a: Tauros|Body Slam|p1a: Snorlax\n|-damage|p1a: Snorlax|50/100 slp\n|-curestatus|p1a: Snorlax|slp|[msg]\n|\n|upkeep\n|turn|96\n|\n|t:|1769295520\n|switch|p1a: Alakazam|Alakazam|100/100 slp\n|move|p2a: Tauros|Body Slam|p1a: Alakazam\n|-damage|p1a: Alakazam|51/100 slp\n|\n|upkeep\n|turn|97\n|\n|t:|1769295524\n|-curestatus|p1a: Alakazam|slp|[msg]\n|move|p2a: Tauros|Body Slam|p1a: Alakazam\n|-damage|p1a: Alakazam|3/100\n|\n|upkeep\n|turn|98\n|\n|t:|1769295542\n|switch|p2a: Chansey|Chansey|81/100 par\n|move|p1a: Alakazam|Psychic|p2a: Chansey\n|-damage|p2a: Chansey|63/100 par\n|-unboost|p2a: Chansey|spa|1\n|-unboost|p2a: Chansey|spd|1\n|\n|upkeep\n|turn|99\n|\n|t:|1769295548\n|move|p1a: Alakazam|Recover|p1a: Alakazam\n|-heal|p1a: Alakazam|53/100\n|cant|p2a: Chansey|par\n|\n|upkeep\n|turn|100\n|\n|t:|1769295559\n|move|p1a: Alakazam|Recover|p1a: Alakazam\n|-heal|p1a: Alakazam|100/100\n|move|p2a: Chansey|Sing|p1a: Alakazam\n|-status|p1a: Alakazam|slp|[from] move: Sing\n|\n|upkeep\n|turn|101\n|\n|t:|1769295579\n|switch|p2a: Tauros|Tauros|37/100\n|cant|p1a: Alakazam|slp\n|\n|upkeep\n|turn|102\n|\n|t:|1769295583\n|cant|p1a: Alakazam|slp\n|move|p2a: Tauros|Body Slam|p1a: Alakazam\n|-damage|p1a: Alakazam|53/100 slp\n|\n|upkeep\n|turn|103\n|\n|t:|1769295586\n|cant|p1a: Alakazam|slp\n|move|p2a: Tauros|Hyper Beam|p1a: Alakazam\n|-crit|p1a: Alakazam\n|-damage|p1a: Alakazam|0 fnt\n|faint|p1a: Alakazam\n|inactive|Laroxyl has 60 seconds left.\n|\n|t:|1769295591\n|switch|p1a: Starmie|Starmie|87/100\n|turn|104\n|inactive|Laroxyl has 60 seconds left.\n|\n|t:|1769295613\n|switch|p1a: Snorlax|Snorlax|50/100\n|move|p2a: Tauros|Body Slam|p1a: Snorlax\n|-damage|p1a: Snorlax|23/100\n|\n|upkeep\n|turn|105\n|\n|t:|1769295623\n|switch|p1a: Starmie|Starmie|87/100\n|move|p2a: Tauros|Body Slam|p1a: Starmie\n|-damage|p1a: Starmie|51/100\n|-status|p1a: Starmie|par\n|\n|upkeep\n|turn|106\n|inactive|Laroxyl has 60 seconds left.\n|\n|t:|1769295633\n|switch|p1a: Chansey|Chansey|84/100 par\n|move|p2a: Tauros|Hyper Beam|p1a: Chansey\n|-damage|p1a: Chansey|16/100 par\n|-mustrecharge|p2a: Tauros\n|\n|upkeep\n|turn|107\n|inactive|Laroxyl has 60 seconds left.\n|\n|t:|1769295651\n|cant|p2a: Tauros|recharge\n|cant|p1a: Chansey|par\n|\n|upkeep\n|turn|108\n|c|☆Laroxyl|gg\n|inactive|Laroxyl has 60 seconds left.\n|\n|t:|1769295660\n|move|p2a: Tauros|Body Slam|p1a: Chansey\n|-damage|p1a: Chansey|0 fnt\n|faint|p1a: Chansey\n|inactive|Laroxyl has 60 seconds left.\n|\n|t:|1769295667\n|switch|p1a: Starmie|Starmie|51/100 par\n|turn|109\n|\n|t:|1769295670\n|move|p2a: Tauros|Hyper Beam|p1a: Starmie\n|-damage|p1a: Starmie|0 fnt\n|faint|p1a: Starmie\n|\n|t:|1769295672\n|switch|p1a: Snorlax|Snorlax|23/100\n|turn|110\n|\n|t:|1769295677\n|move|p2a: Tauros|Body Slam|p1a: Snorlax\n|-damage|p1a: Snorlax|0 fnt\n|faint|p1a: Snorlax\n|\n|win|nicole7735\n","uploadtime":1769295677,"views":"1007","formatid":"gen1ou","rating":null,"private":0,"password":null}