{"id":"smogtours-gen1ou-949929","format":"[Gen 1] OU","players":["TG2513","Soda Krys"],"log":"|inactive|Battle timer is ON: inactive players will automatically lose when time's up.\n|t:|1782332156\n|gametype|singles\n|player|p1|TG2513|brycenman|\n|player|p2|Soda Krys|lass-gen1rb|\n|gen|1\n|tier|[Gen 1] OU\n|rule|Desync Clause Mod: Desyncs changed to move failure.\n|rule|HP Percentage Mod: HP is shown in percentages\n|rule|Endless Battle Clause: Forcing endless battles is banned\n|rule|Sleep Clause Mod: Limit one foe put to sleep\n|rule|Freeze Clause Mod: Limit one foe frozen\n|rule|Species Clause: Limit one of each Pokémon\n|rule|OHKO Clause: OHKO moves are banned\n|rule|Evasion Moves Clause: Evasion moves are banned\n|\n|t:|1782332156\n|teamsize|p1|6\n|teamsize|p2|6\n|start\n|switch|p1a: Gengar|Gengar|100/100\n|switch|p2a: Starmie|Starmie|100/100\n|turn|1\n|inactive|Soda Krys also wants the timer to be on.\n|\n|t:|1782332162\n|switch|p1a: Jynx|Jynx|100/100\n|move|p2a: Starmie|Psychic|p1a: Jynx\n|-resisted|p1a: Jynx\n|-damage|p1a: Jynx|85/100\n|\n|upkeep\n|turn|2\n|\n|t:|1782332165\n|move|p2a: Starmie|Thunder Wave|p1a: Jynx\n|-status|p1a: Jynx|par\n|cant|p1a: Jynx|par\n|\n|upkeep\n|turn|3\n|\n|t:|1782332167\n|move|p2a: Starmie|Surf|p1a: Jynx\n|-crit|p1a: Jynx\n|-damage|p1a: Jynx|18/100 par\n|move|p1a: Jynx|Lovely Kiss|p2a: Starmie\n|-status|p2a: Starmie|slp|[from] move: Lovely Kiss\n|\n|upkeep\n|turn|4\n|\n|t:|1782332172\n|switch|p2a: Snorlax|Snorlax|100/100\n|move|p1a: Jynx|Blizzard|p2a: Snorlax\n|-damage|p2a: Snorlax|64/100\n|\n|upkeep\n|turn|5\n|\n|t:|1782332175\n|move|p2a: Snorlax|Earthquake|p1a: Jynx\n|-damage|p1a: Jynx|0 fnt\n|faint|p1a: Jynx\n|\n|t:|1782332181\n|switch|p1a: Chansey|Chansey|100/100\n|turn|6\n|\n|t:|1782332184\n|switch|p2a: Chansey|Chansey|100/100\n|move|p1a: Chansey|Thunder Wave|p2a: Chansey\n|-status|p2a: Chansey|par\n|\n|upkeep\n|turn|7\n|\n|t:|1782332190\n|move|p1a: Chansey|Thunderbolt|p2a: Chansey\n|-damage|p2a: Chansey|90/100 par\n|move|p2a: Chansey|Sing|p1a: Chansey|[miss]\n|-miss|p2a: Chansey\n|\n|upkeep\n|turn|8\n|\n|t:|1782332197\n|switch|p1a: Gengar|Gengar|100/100\n|move|p2a: Chansey|Seismic Toss|p1a: Gengar\n|-damage|p1a: Gengar|70/100\n|\n|upkeep\n|turn|9\n|\n|t:|1782332201\n|switch|p2a: Snorlax|Snorlax|64/100\n|move|p1a: Gengar|Thunderbolt|p2a: Snorlax\n|-crit|p2a: Snorlax\n|-damage|p2a: Snorlax|23/100\n|-status|p2a: Snorlax|par\n|\n|upkeep\n|turn|10\n|\n|t:|1782332206\n|move|p1a: Gengar|Thunderbolt|p2a: Snorlax\n|-crit|p2a: Snorlax\n|-damage|p2a: Snorlax|0 fnt\n|faint|p2a: Snorlax\n|\n|t:|1782332208\n|switch|p2a: Exeggutor|Exeggutor|100/100\n|turn|11\n|\n|t:|1782332212\n|switch|p2a: Starmie|Starmie|100/100 slp\n|move|p1a: Gengar|Explosion|p2a: Starmie\n|-damage|p2a: Starmie|34/100 slp\n|faint|p1a: Gengar\n|\n|t:|1782332221\n|switch|p1a: Snorlax|Snorlax|100/100\n|turn|12\n|\n|t:|1782332225\n|switch|p2a: Exeggutor|Exeggutor|100/100\n|move|p1a: Snorlax|Body Slam|p2a: Exeggutor\n|-damage|p2a: Exeggutor|68/100\n|-status|p2a: Exeggutor|par\n|\n|upkeep\n|turn|13\n|\n|t:|1782332234\n|switch|p1a: Starmie|Starmie|100/100\n|move|p2a: Exeggutor|Sleep Powder|p1a: Starmie\n|-status|p1a: Starmie|slp|[from] move: Sleep Powder\n|\n|upkeep\n|turn|14\n|\n|t:|1782332241\n|switch|p1a: Snorlax|Snorlax|100/100\n|switch|p2a: Chansey|Chansey|90/100 par\n|\n|upkeep\n|turn|15\n|\n|t:|1782332246\n|move|p1a: Snorlax|Earthquake|p2a: Chansey\n|-damage|p2a: Chansey|56/100 par\n|move|p2a: Chansey|Thunder Wave|p1a: Snorlax\n|-status|p1a: Snorlax|par\n|\n|upkeep\n|turn|16\n|\n|t:|1782332252\n|cant|p2a: Chansey|par\n|move|p1a: Snorlax|Hyper Beam|p2a: Chansey\n|-damage|p2a: Chansey|0 fnt\n|faint|p2a: Chansey\n|\n|t:|1782332257\n|switch|p2a: Zapdos|Zapdos|100/100\n|turn|17\n|\n|t:|1782332261\n|move|p2a: Zapdos|Thunderbolt|p1a: Snorlax\n|-crit|p1a: Snorlax\n|-damage|p1a: Snorlax|35/100 par\n|move|p1a: Snorlax|Body Slam|p2a: Zapdos\n|-damage|p2a: Zapdos|70/100\n|-status|p2a: Zapdos|par\n|\n|upkeep\n|turn|18\n|\n|t:|1782332265\n|switch|p1a: Chansey|Chansey|100/100\n|move|p2a: Zapdos|Agility|p2a: Zapdos\n|-boost|p2a: Zapdos|spe|2\n|\n|upkeep\n|turn|19\n|\n|t:|1782332268\n|cant|p2a: Zapdos|par\n|move|p1a: Chansey|Ice Beam|p2a: Zapdos\n|-supereffective|p2a: Zapdos\n|-damage|p2a: Zapdos|34/100 par\n|\n|upkeep\n|turn|20\n|\n|t:|1782332271\n|move|p2a: Zapdos|Thunder Wave|p1a: Chansey\n|-status|p1a: Chansey|par\n|cant|p1a: Chansey|par\n|\n|upkeep\n|turn|21\n|\n|t:|1782332273\n|move|p2a: Zapdos|Drill Peck|p1a: Chansey\n|-damage|p1a: Chansey|67/100 par\n|move|p1a: Chansey|Ice Beam|p2a: Zapdos\n|-supereffective|p2a: Zapdos\n|-damage|p2a: Zapdos|1/100 par\n|\n|upkeep\n|turn|22\n|\n|t:|1782332278\n|move|p2a: Zapdos|Drill Peck|p1a: Chansey\n|-damage|p1a: Chansey|33/100 par\n|move|p1a: Chansey|Thunderbolt|p2a: Zapdos\n|-damage|p2a: Zapdos|0 fnt\n|faint|p2a: Zapdos\n|\n|t:|1782332281\n|switch|p2a: Tauros|Tauros|100/100\n|turn|23\n|\n|t:|1782332288\n|switch|p1a: Starmie|Starmie|100/100 slp\n|move|p2a: Tauros|Body Slam|p1a: Starmie\n|-damage|p1a: Starmie|68/100 slp\n|\n|upkeep\n|turn|24\n|\n|t:|1782332290\n|cant|p1a: Starmie|slp\n|move|p2a: Tauros|Body Slam|p1a: Starmie\n|-damage|p1a: Starmie|32/100 slp\n|\n|upkeep\n|turn|25\n|\n|t:|1782332292\n|-curestatus|p1a: Starmie|slp|[msg]\n|move|p2a: Tauros|Body Slam|p1a: Starmie\n|-crit|p1a: Starmie\n|-damage|p1a: Starmie|0 fnt\n|faint|p1a: Starmie\n|\n|t:|1782332293\n|switch|p1a: Tauros|Tauros|100/100\n|turn|26\n|\n|t:|1782332296\n|move|p1a: Tauros|Body Slam|p2a: Tauros\n|-damage|p2a: Tauros|70/100\n|move|p2a: Tauros|Body Slam|p1a: Tauros\n|-damage|p1a: Tauros|70/100\n|\n|upkeep\n|turn|27\n|\n|t:|1782332300\n|move|p2a: Tauros|Body Slam|p1a: Tauros\n|-crit|p1a: Tauros\n|-damage|p1a: Tauros|9/100\n|move|p1a: Tauros|Body Slam|p2a: Tauros\n|-damage|p2a: Tauros|39/100\n|\n|upkeep\n|turn|28\n|\n|t:|1782332303\n|move|p2a: Tauros|Body Slam|p1a: Tauros\n|-damage|p1a: Tauros|0 fnt\n|faint|p1a: Tauros\n|\n|t:|1782332306\n|switch|p1a: Snorlax|Snorlax|35/100 par\n|turn|29\n|\n|t:|1782332308\n|move|p2a: Tauros|Body Slam|p1a: Snorlax\n|-damage|p1a: Snorlax|11/100 par\n|move|p1a: Snorlax|Hyper Beam|p2a: Tauros\n|-crit|p2a: Tauros\n|-damage|p2a: Tauros|0 fnt\n|faint|p2a: Tauros\n|\n|t:|1782332311\n|switch|p2a: Exeggutor|Exeggutor|68/100 par\n|turn|30\n|\n|t:|1782332324\n|switch|p2a: Starmie|Starmie|34/100 slp\n|cant|p1a: Snorlax|par\n|\n|upkeep\n|turn|31\n|\n|t:|1782332328\n|-curestatus|p2a: Starmie|slp|[msg]\n|cant|p1a: Snorlax|par\n|\n|upkeep\n|turn|32\n|\n|t:|1782332331\n|move|p2a: Starmie|Psychic|p1a: Snorlax\n|-damage|p1a: Snorlax|0 fnt\n|faint|p1a: Snorlax\n|\n|t:|1782332332\n|switch|p1a: Chansey|Chansey|33/100 par\n|turn|33\n|\n|t:|1782332335\n|move|p2a: Starmie|Surf|p1a: Chansey\n|-damage|p1a: Chansey|18/100 par\n|move|p1a: Chansey|Soft-Boiled|p1a: Chansey\n|-heal|p1a: Chansey|68/100 par\n|\n|upkeep\n|turn|34\n|\n|t:|1782332339\n|move|p2a: Starmie|Recover|p2a: Starmie\n|-heal|p2a: Starmie|83/100\n|cant|p1a: Chansey|par\n|\n|upkeep\n|turn|35\n|\n|t:|1782332341\n|move|p2a: Starmie|Surf|p1a: Chansey\n|-crit|p1a: Chansey\n|-damage|p1a: Chansey|40/100 par\n|move|p1a: Chansey|Thunder Wave|p2a: Starmie\n|-status|p2a: Starmie|par\n|\n|upkeep\n|turn|36\n|\n|t:|1782332344\n|move|p2a: Starmie|Surf|p1a: Chansey\n|-damage|p1a: Chansey|25/100 par\n|cant|p1a: Chansey|par\n|\n|upkeep\n|turn|37\n|\n|t:|1782332346\n|move|p2a: Starmie|Surf|p1a: Chansey\n|-damage|p1a: Chansey|8/100 par\n|move|p1a: Chansey|Soft-Boiled|p1a: Chansey\n|-heal|p1a: Chansey|58/100 par\n|\n|upkeep\n|turn|38\n|\n|t:|1782332348\n|switch|p2a: Exeggutor|Exeggutor|68/100 par\n|move|p1a: Chansey|Soft-Boiled|p1a: Chansey\n|-heal|p1a: Chansey|100/100 par\n|\n|upkeep\n|turn|39\n|\n|t:|1782332352\n|move|p2a: Exeggutor|Explosion|p1a: Chansey\n|-damage|p1a: Chansey|0 fnt\n|faint|p1a: Chansey\n|faint|p2a: Exeggutor\n|\n|win|Soda Krys\n|c|☆Soda Krys|gg 3-6\n","uploadtime":1782332352,"views":"64","formatid":"gen1ou","rating":null,"private":0,"password":null}