{"id":"smogtours-gen1ou-917079","format":"[Gen 1] OU","players":["LNumbers","nicole7735"],"log":"|inactive|Battle timer is ON: inactive players will automatically lose when time's up.\n|t:|1773519420\n|gametype|singles\n|player|p1|LNumbers|#splxviityrants2|\n|player|p2|nicole7735|#splxviiscooters|\n|gen|1\n|tier|[Gen 1] OU\n|rule|Desync Clause Mod: Desyncs changed to move failure.\n|rule|HP Percentage Mod: HP is shown in percentages\n|rule|Endless Battle Clause: Forcing endless battles is banned\n|rule|Sleep Clause Mod: Limit one foe put to sleep\n|rule|Freeze Clause Mod: Limit one foe frozen\n|rule|Species Clause: Limit one of each Pokémon\n|rule|OHKO Clause: OHKO moves are banned\n|rule|Evasion Moves Clause: Evasion moves are banned\n|\n|t:|1773519420\n|teamsize|p1|6\n|teamsize|p2|6\n|start\n|switch|p1a: Jynx|Jynx|100/100\n|switch|p2a: Alakazam|Alakazam|100/100\n|turn|1\n|c|☆LNumbers|hf\n|c|☆nicole7735|hf\n|inactive|nicole7735 has 270 seconds left.\n|\n|t:|1773519468\n|move|p2a: Alakazam|Thunder Wave|p1a: Jynx\n|-status|p1a: Jynx|par\n|move|p1a: Jynx|Lovely Kiss|p2a: Alakazam\n|-status|p2a: Alakazam|slp|[from] move: Lovely Kiss\n|\n|upkeep\n|turn|2\n|\n|t:|1773519488\n|cant|p2a: Alakazam|slp\n|cant|p1a: Jynx|par\n|\n|upkeep\n|turn|3\n|\n|t:|1773519494\n|-curestatus|p2a: Alakazam|slp|[msg]\n|move|p1a: Jynx|Ice Beam|p2a: Alakazam\n|-damage|p2a: Alakazam|71/100\n|\n|upkeep\n|turn|4\n|\n|t:|1773519501\n|move|p2a: Alakazam|Seismic Toss|p1a: Jynx\n|-damage|p1a: Jynx|70/100 par\n|move|p1a: Jynx|Lovely Kiss|p2a: Alakazam|[miss]\n|-miss|p1a: Jynx\n|\n|upkeep\n|turn|5\n|\n|t:|1773519507\n|move|p2a: Alakazam|Seismic Toss|p1a: Jynx\n|-damage|p1a: Jynx|40/100 par\n|move|p1a: Jynx|Lovely Kiss|p2a: Alakazam\n|-status|p2a: Alakazam|slp|[from] move: Lovely Kiss\n|\n|upkeep\n|turn|6\n|inactive|LNumbers has 270 seconds left.\n|\n|t:|1773519547\n|switch|p2a: Chansey|Chansey|100/100\n|move|p1a: Jynx|Ice Beam|p2a: Chansey\n|-crit|p2a: Chansey\n|-damage|p2a: Chansey|73/100\n|\n|upkeep\n|turn|7\n|\n|t:|1773519560\n|move|p2a: Chansey|Seismic Toss|p1a: Jynx\n|-damage|p1a: Jynx|10/100 par\n|move|p1a: Jynx|Rest|p1a: Jynx\n|-status|p1a: Jynx|slp|[from] move: Rest\n|-heal|p1a: Jynx|100/100 slp|[silent]\n|\n|upkeep\n|turn|8\n|\n|t:|1773519569\n|move|p2a: Chansey|Seismic Toss|p1a: Jynx\n|-damage|p1a: Jynx|70/100 slp\n|cant|p1a: Jynx|slp\n|\n|upkeep\n|turn|9\n|inactive|LNumbers has 270 seconds left.\n|\n|t:|1773519575\n|move|p2a: Chansey|Seismic Toss|p1a: Jynx\n|-damage|p1a: Jynx|40/100 slp\n|-curestatus|p1a: Jynx|slp|[msg]\n|\n|upkeep\n|turn|10\n|\n|t:|1773519582\n|move|p2a: Chansey|Seismic Toss|p1a: Jynx\n|-damage|p1a: Jynx|10/100\n|move|p1a: Jynx|Rest|p1a: Jynx\n|-status|p1a: Jynx|slp|[from] move: Rest\n|-heal|p1a: Jynx|100/100 slp|[silent]\n|\n|upkeep\n|turn|11\n|\n|t:|1773519586\n|move|p2a: Chansey|Seismic Toss|p1a: Jynx\n|-damage|p1a: Jynx|70/100 slp\n|cant|p1a: Jynx|slp\n|\n|upkeep\n|turn|12\n|\n|t:|1773519592\n|switch|p1a: Chansey|Chansey|100/100\n|move|p2a: Chansey|Seismic Toss|p1a: Chansey\n|-damage|p1a: Chansey|86/100\n|\n|upkeep\n|turn|13\n|\n|t:|1773519608\n|switch|p1a: Jynx|Jynx|70/100 slp\n|move|p2a: Chansey|Seismic Toss|p1a: Jynx\n|-damage|p1a: Jynx|40/100 slp\n|\n|upkeep\n|turn|14\n|inactive|nicole7735 has 270 seconds left.\n|inactive|LNumbers has 270 seconds left.\n|\n|t:|1773519657\n|-curestatus|p1a: Jynx|slp|[msg]\n|move|p2a: Chansey|Seismic Toss|p1a: Jynx\n|-damage|p1a: Jynx|10/100\n|\n|upkeep\n|turn|15\n|rated|Smogon Premier League\n|inactive|LNumbers has 240 seconds left.\n|\n|t:|1773519696\n|move|p1a: Jynx|Rest|p1a: Jynx\n|-status|p1a: Jynx|slp|[from] move: Rest\n|-heal|p1a: Jynx|100/100 slp|[silent]\n|move|p2a: Chansey|Seismic Toss|p1a: Jynx\n|-damage|p1a: Jynx|70/100 slp\n|\n|upkeep\n|turn|16\n|inactive|LNumbers has 240 seconds left.\n|inactive|nicole7735 has 270 seconds left.\n|\n|t:|1773519708\n|cant|p1a: Jynx|slp\n|move|p2a: Chansey|Seismic Toss|p1a: Jynx\n|-damage|p1a: Jynx|40/100 slp\n|\n|upkeep\n|turn|17\n|inactive|LNumbers has 240 seconds left.\n|\n|t:|1773519714\n|-curestatus|p1a: Jynx|slp|[msg]\n|move|p2a: Chansey|Thunder Wave|p1a: Jynx\n|-status|p1a: Jynx|par\n|\n|upkeep\n|turn|18\n|inactive|LNumbers has 240 seconds left.\n|inactive|LNumbers has 210 seconds left.\n|\n|t:|1773519776\n|switch|p2a: Tauros|Tauros|100/100\n|move|p1a: Jynx|Rest|p1a: Jynx\n|-status|p1a: Jynx|slp|[from] move: Rest\n|-heal|p1a: Jynx|100/100 slp|[silent]\n|\n|upkeep\n|turn|19\n|\n|t:|1773519783\n|switch|p1a: Cloyster|Cloyster|100/100\n|move|p2a: Tauros|Body Slam|p1a: Cloyster\n|-damage|p1a: Cloyster|79/100\n|\n|upkeep\n|turn|20\n|inactive|nicole7735 has 270 seconds left.\n|inactive|LNumbers has 180 seconds left.\n|inactive|nicole7735 has 240 seconds left.\n|\n|t:|1773519845\n|switch|p2a: Jynx|Jynx|100/100\n|move|p1a: Cloyster|Blizzard|p2a: Jynx\n|-resisted|p2a: Jynx\n|-damage|p2a: Jynx|80/100\n|\n|upkeep\n|turn|21\n|inactive|LNumbers has 150 seconds left.\n|inactive|LNumbers has 120 seconds left.\n|\n|t:|1773519904\n|switch|p1a: Jynx|Jynx|100/100 slp\n|move|p2a: Jynx|Psychic|p1a: Jynx\n|-resisted|p1a: Jynx\n|-damage|p1a: Jynx|85/100 slp\n|\n|upkeep\n|turn|22\n|inactive|LNumbers has 120 seconds left.\n|inactive|LNumbers has 90 seconds left.\n|\n|t:|1773519953\n|switch|p1a: Chansey|Chansey|86/100\n|move|p2a: Jynx|Psychic|p1a: Chansey\n|-damage|p1a: Chansey|73/100\n|-unboost|p1a: Chansey|spa|1\n|-unboost|p1a: Chansey|spd|1\n|\n|upkeep\n|turn|23\n|inactive|LNumbers has 90 seconds left.\n|\n|t:|1773519963\n|switch|p1a: Jynx|Jynx|85/100 slp\n|move|p2a: Jynx|Lovely Kiss|p1a: Jynx\n|-fail|p1a: Jynx|slp\n|\n|upkeep\n|turn|24\n|\n|t:|1773519969\n|switch|p1a: Chansey|Chansey|73/100\n|move|p2a: Jynx|Psychic|p1a: Chansey\n|-crit|p1a: Chansey\n|-damage|p1a: Chansey|45/100\n|\n|upkeep\n|turn|25\n|\n|t:|1773519973\n|switch|p1a: Jynx|Jynx|85/100 slp\n|move|p2a: Jynx|Lovely Kiss|p1a: Jynx|[miss]\n|-miss|p2a: Jynx\n|\n|upkeep\n|turn|26\n|\n|t:|1773519977\n|cant|p1a: Jynx|slp\n|move|p2a: Jynx|Psychic|p1a: Jynx\n|-crit|p1a: Jynx\n|-resisted|p1a: Jynx\n|-damage|p1a: Jynx|57/100 slp\n|\n|upkeep\n|turn|27\n|inactive|LNumbers has 120 seconds left.\n|\n|t:|1773519984\n|move|p2a: Jynx|Psychic|p1a: Jynx\n|-resisted|p1a: Jynx\n|-damage|p1a: Jynx|42/100 slp\n|-curestatus|p1a: Jynx|slp|[msg]\n|\n|upkeep\n|turn|28\n|\n|t:|1773520001\n|move|p2a: Jynx|Blizzard|p1a: Jynx\n|-resisted|p1a: Jynx\n|-damage|p1a: Jynx|22/100\n|move|p1a: Jynx|Psychic|p2a: Jynx\n|-resisted|p2a: Jynx\n|-damage|p2a: Jynx|65/100\n|-unboost|p2a: Jynx|spa|1\n|-unboost|p2a: Jynx|spd|1\n|\n|upkeep\n|turn|29\n|inactive|LNumbers has 120 seconds left.\n|inactive|nicole7735 has 270 seconds left.\n|\n|t:|1773520038\n|move|p2a: Jynx|Psychic|p1a: Jynx\n|-resisted|p1a: Jynx\n|-damage|p1a: Jynx|12/100\n|-unboost|p1a: Jynx|spa|1\n|-unboost|p1a: Jynx|spd|1\n|move|p1a: Jynx|Rest|p1a: Jynx\n|-status|p1a: Jynx|slp|[from] move: Rest\n|-heal|p1a: Jynx|100/100 slp|[silent]\n|\n|upkeep\n|turn|30\n|inactive|LNumbers has 90 seconds left.\n|inactive|nicole7735 has 240 seconds left.\n|inactive|LNumbers has 60 seconds left.\n|inactive|nicole7735 has 210 seconds left.\n|inactive|nicole7735 has 180 seconds left.\n|inactive|nicole7735 has 150 seconds left.\n|\n|t:|1773520159\n|switch|p2a: Tauros|Tauros|100/100\n|cant|p1a: Jynx|slp\n|\n|upkeep\n|turn|31\n|inactive|LNumbers has 30 seconds left.\n|\n|t:|1773520188\n|switch|p1a: Rhydon|Rhydon|100/100\n|move|p2a: Tauros|Body Slam|p1a: Rhydon\n|-resisted|p1a: Rhydon\n|-damage|p1a: Rhydon|90/100\n|\n|upkeep\n|turn|32\n|inactive|LNumbers has 30 seconds left.\n|\n|t:|1773520204\n|switch|p1a: Cloyster|Cloyster|79/100\n|move|p2a: Tauros|Blizzard|p1a: Cloyster\n|-crit|p1a: Cloyster\n|-resisted|p1a: Cloyster\n|-damage|p1a: Cloyster|66/100\n|\n|upkeep\n|turn|33\n|inactive|LNumbers has 30 seconds left.\n|\n|t:|1773520222\n|switch|p2a: Cloyster|Cloyster|100/100\n|move|p1a: Cloyster|Clamp|p2a: Cloyster\n|-resisted|p2a: Cloyster\n|-damage|p2a: Cloyster|94/100\n|\n|upkeep\n|turn|34\n|inactive|LNumbers has 30 seconds left.\n|inactive|nicole7735 has 150 seconds left.\n|\n|t:|1773520245\n|switch|p2a: Jynx|Jynx|65/100\n|move|p1a: Cloyster|Clamp|p2a: Jynx\n|-damage|p2a: Jynx|54/100\n|\n|upkeep\n|turn|35\n|inactive|LNumbers has 30 seconds left.\n|\n|t:|1773520255\n|switch|p2a: Cloyster|Cloyster|94/100\n|move|p1a: Cloyster|Clamp|p2a: Cloyster\n|-crit|p2a: Cloyster\n|-resisted|p2a: Cloyster\n|-damage|p2a: Cloyster|80/100\n|\n|upkeep\n|turn|36\n|\n|t:|1773520265\n|switch|p2a: Chansey|Chansey|73/100\n|move|p1a: Cloyster|Clamp|p2a: Chansey\n|-damage|p2a: Chansey|68/100\n|\n|upkeep\n|turn|37\n|\n|t:|1773520273\n|switch|p2a: Jynx|Jynx|54/100\n|move|p1a: Cloyster|Clamp|p2a: Jynx\n|-damage|p2a: Jynx|41/100\n|\n|upkeep\n|turn|38\n|\n|t:|1773520279\n|switch|p2a: Cloyster|Cloyster|80/100\n|move|p1a: Cloyster|Clamp|p2a: Cloyster\n|-resisted|p2a: Cloyster\n|-damage|p2a: Cloyster|72/100\n|\n|upkeep\n|turn|39\n|\n|t:|1773520289\n|switch|p2a: Alakazam|Alakazam|71/100 slp\n|move|p1a: Cloyster|Clamp|p2a: Alakazam\n|-damage|p2a: Alakazam|62/100 slp\n|\n|upkeep\n|turn|40\n|inactive|LNumbers has 60 seconds left.\n|\n|t:|1773520301\n|-curestatus|p2a: Alakazam|slp|[msg]\n|move|p1a: Cloyster|Clamp|p2a: Alakazam|[from] Clamp\n|-damage|p2a: Alakazam|53/100\n|\n|upkeep\n|turn|41\n|inactive|LNumbers has 60 seconds left.\n|\n|t:|1773520317\n|switch|p2a: Cloyster|Cloyster|72/100\n|switch|p1a: Exeggutor|Exeggutor|100/100\n|\n|upkeep\n|turn|42\n|inactive|LNumbers has 60 seconds left.\n|inactive|nicole7735 has 180 seconds left.\n|inactive|LNumbers has 30 seconds left.\n|\n|t:|1773520364\n|move|p2a: Cloyster|Blizzard|p1a: Exeggutor\n|-crit|p1a: Exeggutor\n|-supereffective|p1a: Exeggutor\n|-damage|p1a: Exeggutor|0 fnt\n|faint|p1a: Exeggutor\n|c|☆LNumbers|come on\n|inactive|LNumbers has 30 seconds left.\n|\n|t:|1773520373\n|switch|p1a: Jynx|Jynx|100/100 slp\n|turn|43\n|inactive|nicole7735 has 150 seconds left.\n|inactive|nicole7735 has 120 seconds left.\n|\n|t:|1773520435\n|switch|p2a: Jynx|Jynx|41/100\n|-curestatus|p1a: Jynx|slp|[msg]\n|\n|upkeep\n|turn|44\n|\n|t:|1773520440\n|move|p1a: Jynx|Lovely Kiss|p2a: Jynx\n|-status|p2a: Jynx|slp|[from] move: Lovely Kiss\n|cant|p2a: Jynx|slp\n|\n|upkeep\n|turn|45\n|\n|t:|1773520449\n|switch|p2a: Chansey|Chansey|68/100\n|move|p1a: Jynx|Ice Beam|p2a: Chansey\n|-crit|p2a: Chansey\n|-damage|p2a: Chansey|38/100\n|\n|upkeep\n|turn|46\n|\n|t:|1773520462\n|switch|p1a: Chansey|Chansey|45/100\n|move|p2a: Chansey|Soft-Boiled|p2a: Chansey\n|-heal|p2a: Chansey|88/100\n|\n|upkeep\n|turn|47\n|inactive|LNumbers has 60 seconds left.\n|\n|t:|1773520473\n|move|p1a: Chansey|Soft-Boiled|p1a: Chansey\n|-heal|p1a: Chansey|95/100\n|move|p2a: Chansey|Thunder Wave|p1a: Chansey\n|-status|p1a: Chansey|par\n|\n|upkeep\n|turn|48\n|inactive|LNumbers has 60 seconds left.\n|\n|t:|1773520501\n|move|p2a: Chansey|Seismic Toss|p1a: Chansey\n|-damage|p1a: Chansey|81/100 par\n|cant|p1a: Chansey|par\n|\n|upkeep\n|turn|49\n|\n|t:|1773520507\n|move|p2a: Chansey|Seismic Toss|p1a: Chansey\n|-damage|p1a: Chansey|67/100 par\n|move|p1a: Chansey|Ice Beam|p2a: Chansey\n|-crit|p2a: Chansey\n|-damage|p2a: Chansey|67/100\n|-status|p2a: Chansey|frz\n|\n|upkeep\n|turn|50\n|inactive|nicole7735 has 120 seconds left.\n|inactive|nicole7735 has 90 seconds left.\n|\n|t:|1773520575\n|switch|p2a: Alakazam|Alakazam|53/100\n|move|p1a: Chansey|Thunder Wave|p2a: Alakazam\n|-status|p2a: Alakazam|par\n|\n|upkeep\n|turn|51\n|inactive|LNumbers has 30 seconds left.\n|\n|t:|1773520601\n|cant|p2a: Alakazam|par\n|move|p1a: Chansey|Soft-Boiled|p1a: Chansey\n|-heal|p1a: Chansey|100/100 par\n|\n|upkeep\n|turn|52\n|inactive|LNumbers has 30 seconds left.\n|\n|t:|1773520611\n|switch|p1a: Rhydon|Rhydon|90/100\n|cant|p2a: Alakazam|par\n|\n|upkeep\n|turn|53\n|\n|t:|1773520624\n|switch|p2a: Cloyster|Cloyster|72/100\n|move|p1a: Rhydon|Earthquake|p2a: Cloyster\n|-damage|p2a: Cloyster|44/100\n|\n|upkeep\n|turn|54\n|\n|t:|1773520633\n|switch|p1a: Chansey|Chansey|100/100 par\n|move|p2a: Cloyster|Clamp|p1a: Chansey|[miss]\n|-miss|p2a: Cloyster\n|\n|upkeep\n|turn|55\n|inactive|nicole7735 has 90 seconds left.\n|\n|t:|1773520643\n|move|p2a: Cloyster|Clamp|p1a: Chansey\n|-crit|p1a: Chansey\n|-damage|p1a: Chansey|91/100 par\n|cant|p1a: Chansey|partiallytrapped\n|\n|upkeep\n|turn|56\n|\n|t:|1773520649\n|switch|p1a: Cloyster|Cloyster|66/100\n|move|p2a: Cloyster|Clamp|p1a: Cloyster\n|-resisted|p1a: Cloyster\n|-damage|p1a: Cloyster|59/100\n|\n|upkeep\n|turn|57\n|\n|t:|1773520653\n|switch|p1a: Chansey|Chansey|91/100 par\n|move|p2a: Cloyster|Clamp|p1a: Chansey\n|-damage|p1a: Chansey|86/100 par\n|\n|upkeep\n|turn|58\n|inactive|LNumbers has 60 seconds left.\n|inactive|LNumbers has 30 seconds left.\n|inactive|LNumbers has 20 seconds left.\n|\n|t:|1773520705\n|move|p2a: Cloyster|Clamp|p1a: Chansey|[from] Clamp\n|-damage|p1a: Chansey|80/100 par\n|cant|p1a: Chansey|partiallytrapped\n|\n|upkeep\n|turn|59\n|inactive|LNumbers has 30 seconds left this turn.\n|\n|t:|1773520709\n|move|p2a: Cloyster|Clamp|p1a: Chansey|[miss]\n|-miss|p2a: Cloyster\n|move|p1a: Chansey|Thunderbolt|p2a: Cloyster\n|-supereffective|p2a: Cloyster\n|-damage|p2a: Cloyster|0 fnt\n|faint|p2a: Cloyster\n|inactive|nicole7735 has 120 seconds left.\n|\n|t:|1773520731\n|switch|p2a: Alakazam|Alakazam|53/100 par\n|turn|60\n|\n|t:|1773520742\n|switch|p1a: Rhydon|Rhydon|90/100\n|cant|p2a: Alakazam|par\n|\n|upkeep\n|turn|61\n|\n|t:|1773520755\n|switch|p2a: Jynx|Jynx|41/100 slp\n|move|p1a: Rhydon|Earthquake|p2a: Jynx\n|-damage|p2a: Jynx|0 fnt\n|faint|p2a: Jynx\n|\n|t:|1773520757\n|switch|p2a: Tauros|Tauros|100/100\n|turn|62\n|inactive|LNumbers has 30 seconds left.\n|inactive|nicole7735 has 120 seconds left.\n|inactive|LNumbers has 20 seconds left.\n|inactive|LNumbers has 15 seconds left.\n|\n|t:|1773520800\n|switch|p1a: Cloyster|Cloyster|59/100\n|move|p2a: Tauros|Earthquake|p1a: Cloyster\n|-damage|p1a: Cloyster|41/100\n|\n|upkeep\n|turn|63\n|inactive|LNumbers has 25 seconds left this turn.\n|inactive|LNumbers has 20 seconds left.\n|inactive|LNumbers has 15 seconds left.\n|\n|t:|1773520815\n|move|p2a: Tauros|Body Slam|p1a: Cloyster\n|-damage|p1a: Cloyster|20/100\n|move|p1a: Cloyster|Blizzard|p2a: Tauros\n|-damage|p2a: Tauros|53/100\n|\n|upkeep\n|turn|64\n|inactive|LNumbers has 25 seconds left this turn.\n|inactive|LNumbers has 20 seconds left.\n|inactive|LNumbers has 15 seconds left.\n|\n|t:|1773520825\n|move|p2a: Tauros|Body Slam|p1a: Cloyster\n|-damage|p1a: Cloyster|0 fnt\n|faint|p1a: Cloyster\n|inactive|LNumbers has 20 seconds left this turn.\n|\n|t:|1773520827\n|switch|p1a: Tauros|Tauros|100/100\n|turn|65\n|inactive|LNumbers has 30 seconds left this turn.\n|inactive|nicole7735 has 90 seconds left.\n|\n|t:|1773520858\n|switch|p2a: Chansey|Chansey|67/100 frz\n|move|p1a: Tauros|Body Slam|p2a: Chansey\n|-damage|p2a: Chansey|27/100 frz\n|\n|upkeep\n|turn|66\n|inactive|LNumbers has 30 seconds left.\n|inactive|LNumbers has 20 seconds left.\n|inactive|LNumbers has 15 seconds left.\n|\n|t:|1773520879\n|move|p1a: Tauros|Body Slam|p2a: Chansey\n|-crit|p2a: Chansey\n|-damage|p2a: Chansey|0 fnt\n|faint|p2a: Chansey\n|\n|t:|1773520883\n|switch|p2a: Snorlax|Snorlax|100/100\n|turn|67\n|inactive|LNumbers has 30 seconds left this turn.\n|inactive|LNumbers has 20 seconds left.\n|inactive|LNumbers has 15 seconds left.\n|inactive|LNumbers has 10 seconds left.\n|inactive|nicole7735 has 90 seconds left.\n|\n|t:|1773520924\n|switch|p1a: Rhydon|Rhydon|90/100\n|move|p2a: Snorlax|Earthquake|p1a: Rhydon\n|-supereffective|p1a: Rhydon\n|-damage|p1a: Rhydon|56/100\n|\n|upkeep\n|turn|68\n|inactive|LNumbers has 20 seconds left this turn.\n|inactive|nicole7735 has 90 seconds left.\n|\n|t:|1773520956\n|move|p1a: Rhydon|Earthquake|p2a: Snorlax\n|-damage|p2a: Snorlax|66/100\n|move|p2a: Snorlax|Earthquake|p1a: Rhydon\n|-supereffective|p1a: Rhydon\n|-damage|p1a: Rhydon|21/100\n|\n|upkeep\n|turn|69\n|inactive|LNumbers has 30 seconds left this turn.\n|inactive|nicole7735 has 60 seconds left.\n|inactive|nicole7735 has 30 seconds left.\n|inactive|nicole7735 has 20 seconds left.\n|inactive|nicole7735 has 15 seconds left.\n|inactive|nicole7735 has 10 seconds left.\n|\n|t:|1773521027\n|move|p1a: Rhydon|Earthquake|p2a: Snorlax\n|-damage|p2a: Snorlax|33/100\n|move|p2a: Snorlax|Earthquake|p1a: Rhydon\n|-crit|p1a: Rhydon\n|-supereffective|p1a: Rhydon\n|-damage|p1a: Rhydon|0 fnt\n|faint|p1a: Rhydon\n|inactive|LNumbers has 30 seconds left.\n|inactive|LNumbers has 20 seconds left.\n|\n|t:|1773521042\n|switch|p1a: Tauros|Tauros|100/100\n|turn|70\n|inactive|LNumbers has 30 seconds left this turn.\n|inactive|nicole7735 has 25 seconds left this turn.\n|\n|t:|1773521051\n|move|p1a: Tauros|Hyper Beam|p2a: Snorlax\n|-damage|p2a: Snorlax|0 fnt\n|faint|p2a: Snorlax\n|inactive|nicole7735 has 30 seconds left this turn.\n|\n|t:|1773521054\n|switch|p2a: Tauros|Tauros|53/100\n|turn|71\n|\n|t:|1773521060\n|move|p1a: Tauros|Body Slam|p2a: Tauros\n|-damage|p2a: Tauros|25/100\n|move|p2a: Tauros|Blizzard|p1a: Tauros\n|-damage|p1a: Tauros|75/100\n|\n|upkeep\n|turn|72\n|\n|t:|1773521072\n|move|p2a: Tauros|Hyper Beam|p1a: Tauros\n|-damage|p1a: Tauros|24/100\n|-mustrecharge|p2a: Tauros\n|move|p1a: Tauros|Body Slam|p2a: Tauros\n|-damage|p2a: Tauros|0 fnt\n|faint|p2a: Tauros\n|\n|t:|1773521074\n|switch|p2a: Alakazam|Alakazam|53/100 par\n|turn|73\n|\n|t:|1773521086\n|move|p1a: Tauros|Hyper Beam|p2a: Alakazam\n|-damage|p2a: Alakazam|0 fnt\n|faint|p2a: Alakazam\n|\n|win|LNumbers\n","uploadtime":1773521086,"views":"778","formatid":"gen1ou","rating":null,"private":0,"password":null}