{"id":"smogtours-gen1ou-956186","format":"[Gen 1] OU","players":["stunner047","TheStupe"],"log":"|inactive|Battle timer is ON: inactive players will automatically lose when time's up.\n|t:|1784149648\n|gametype|singles\n|player|p1|stunner047|#rbypliiidingdangdewgongs|\n|player|p2|TheStupe|psychicf-gen4|\n|gen|1\n|tier|[Gen 1] OU\n|rule|Desync Clause Mod: Desyncs resolve to link battle behavior from the acting player's perspective.\n|rule|HP Percentage Mod: HP is shown in percentages\n|rule|Endless Battle Clause: Forcing endless battles is banned\n|rule|Sleep Clause Mod: Limit one foe put to sleep\n|rule|Freeze Clause Mod: Limit one foe frozen\n|rule|Species Clause: Limit one of each Pokémon\n|rule|OHKO Clause: OHKO moves are banned\n|rule|Evasion Moves Clause: Evasion moves are banned\n|\n|t:|1784149648\n|teamsize|p1|6\n|teamsize|p2|6\n|start\n|switch|p1a: Alakazam|Alakazam|100/100\n|switch|p2a: Jolteon|Jolteon|100/100\n|turn|1\n|c|☆TheStupe|hf\n|c|☆stunner047|gl hf\n|\n|t:|1784149659\n|switch|p2a: Exeggutor|Exeggutor|100/100\n|switch|p1a: Exeggutor|Exeggutor|100/100\n|\n|upkeep\n|turn|2\n|\n|t:|1784149670\n|switch|p2a: Jolteon|Jolteon|100/100\n|move|p1a: Exeggutor|Sleep Powder|p2a: Jolteon\n|-status|p2a: Jolteon|slp|[from] move: Sleep Powder\n|\n|upkeep\n|turn|3\n|\n|t:|1784149673\n|cant|p2a: Jolteon|slp\n|move|p1a: Exeggutor|Psychic|p2a: Jolteon\n|-damage|p2a: Jolteon|67/100 slp\n|\n|upkeep\n|turn|4\n|\n|t:|1784149675\n|switch|p2a: Exeggutor|Exeggutor|100/100\n|move|p1a: Exeggutor|Stun Spore|p2a: Exeggutor|[miss]\n|-miss|p1a: Exeggutor\n|\n|upkeep\n|turn|5\n|\n|t:|1784149678\n|move|p1a: Exeggutor|Stun Spore|p2a: Exeggutor\n|-status|p2a: Exeggutor|par\n|move|p2a: Exeggutor|Sleep Powder|p1a: Exeggutor\n|-status|p1a: Exeggutor|slp|[from] move: Sleep Powder\n|\n|upkeep\n|turn|6\n|\n|t:|1784149682\n|switch|p2a: Tauros|Tauros|100/100\n|cant|p1a: Exeggutor|slp\n|\n|upkeep\n|turn|7\n|\n|t:|1784149684\n|switch|p1a: Snorlax|Snorlax|100/100\n|move|p2a: Tauros|Body Slam|p1a: Snorlax\n|-damage|p1a: Snorlax|77/100\n|\n|upkeep\n|turn|8\n|\n|t:|1784149686\n|move|p2a: Tauros|Blizzard|p1a: Snorlax\n|-damage|p1a: Snorlax|58/100\n|move|p1a: Snorlax|Body Slam|p2a: Tauros\n|-damage|p2a: Tauros|67/100\n|\n|upkeep\n|turn|9\n|\n|t:|1784149692\n|move|p2a: Tauros|Body Slam|p1a: Snorlax\n|-damage|p1a: Snorlax|31/100\n|move|p1a: Snorlax|Body Slam|p2a: Tauros\n|-damage|p2a: Tauros|37/100\n|\n|upkeep\n|turn|10\n|\n|t:|1784149696\n|switch|p1a: Starmie|Starmie|100/100\n|move|p2a: Tauros|Hyper Beam|p1a: Starmie\n|-crit|p1a: Starmie\n|-damage|p1a: Starmie|0 fnt\n|faint|p1a: Starmie\n|\n|t:|1784149700\n|switch|p1a: Alakazam|Alakazam|100/100\n|turn|11\n|\n|t:|1784149717\n|switch|p2a: Exeggutor|Exeggutor|100/100 par\n|move|p1a: Alakazam|Psychic|p2a: Exeggutor\n|-resisted|p2a: Exeggutor\n|-damage|p2a: Exeggutor|86/100 par\n|\n|upkeep\n|turn|12\n|\n|t:|1784149727\n|switch|p1a: Exeggutor|Exeggutor|100/100 slp\n|move|p2a: Exeggutor|Psychic|p1a: Exeggutor\n|-resisted|p1a: Exeggutor\n|-damage|p1a: Exeggutor|88/100 slp\n|\n|upkeep\n|turn|13\n|\n|t:|1784149733\n|switch|p1a: Alakazam|Alakazam|100/100\n|switch|p2a: Starmie|Starmie|100/100\n|\n|upkeep\n|turn|14\n|\n|t:|1784149747\n|switch|p2a: Exeggutor|Exeggutor|86/100 par\n|move|p1a: Alakazam|Thunder Wave|p2a: Exeggutor\n|-fail|p2a: Exeggutor|par\n|\n|upkeep\n|turn|15\n|\n|t:|1784149751\n|move|p1a: Alakazam|Seismic Toss|p2a: Exeggutor\n|-damage|p2a: Exeggutor|61/100 par\n|move|p2a: Exeggutor|Psychic|p1a: Alakazam\n|-resisted|p1a: Alakazam\n|-damage|p1a: Alakazam|84/100\n|\n|upkeep\n|turn|16\n|\n|t:|1784149754\n|switch|p1a: Exeggutor|Exeggutor|88/100 slp\n|move|p2a: Exeggutor|Explosion|p1a: Exeggutor\n|-damage|p1a: Exeggutor|11/100 slp\n|faint|p2a: Exeggutor\n|\n|t:|1784149756\n|switch|p2a: Tauros|Tauros|37/100\n|turn|17\n|\n|t:|1784149758\n|move|p2a: Tauros|Body Slam|p1a: Exeggutor\n|-damage|p1a: Exeggutor|0 fnt\n|faint|p1a: Exeggutor\n|\n|t:|1784149760\n|switch|p1a: Alakazam|Alakazam|84/100\n|turn|18\n|\n|t:|1784149767\n|switch|p2a: Starmie|Starmie|100/100\n|move|p1a: Alakazam|Psychic|p2a: Starmie\n|-resisted|p2a: Starmie\n|-damage|p2a: Starmie|81/100\n|\n|upkeep\n|turn|19\n|\n|t:|1784149771\n|switch|p1a: Chansey|Chansey|100/100\n|move|p2a: Starmie|Thunder Wave|p1a: Chansey\n|-status|p1a: Chansey|par\n|\n|upkeep\n|turn|20\n|\n|t:|1784149783\n|switch|p2a: Jolteon|Jolteon|67/100 slp\n|move|p1a: Chansey|Thunder Wave|p2a: Jolteon\n|-fail|p2a: Jolteon\n|\n|upkeep\n|turn|21\n|\n|t:|1784149787\n|switch|p2a: Snorlax|Snorlax|100/100\n|move|p1a: Chansey|Seismic Toss|p2a: Snorlax\n|-damage|p2a: Snorlax|81/100\n|\n|upkeep\n|turn|22\n|\n|t:|1784149793\n|move|p2a: Snorlax|Surf|p1a: Chansey\n|-damage|p1a: Chansey|92/100 par\n|move|p1a: Chansey|Thunder Wave|p2a: Snorlax\n|-status|p2a: Snorlax|par\n|\n|upkeep\n|turn|23\n|\n|t:|1784149796\n|move|p1a: Chansey|Seismic Toss|p2a: Snorlax\n|-damage|p2a: Snorlax|62/100 par\n|move|p2a: Snorlax|Body Slam|p1a: Chansey\n|-damage|p1a: Chansey|47/100 par\n|\n|upkeep\n|turn|24\n|\n|t:|1784149802\n|switch|p1a: Snorlax|Snorlax|31/100\n|move|p2a: Snorlax|Body Slam|p1a: Snorlax\n|-damage|p1a: Snorlax|3/100\n|\n|upkeep\n|turn|25\n|\n|t:|1784149804\n|switch|p2a: Jolteon|Jolteon|67/100 slp\n|move|p1a: Snorlax|Body Slam|p2a: Jolteon\n|-damage|p2a: Jolteon|22/100 slp\n|\n|upkeep\n|turn|26\n|\n|t:|1784149809\n|-curestatus|p2a: Jolteon|slp|[msg]\n|move|p1a: Snorlax|Rest|p1a: Snorlax\n|-status|p1a: Snorlax|slp|[from] move: Rest\n|-heal|p1a: Snorlax|100/100 slp|[silent]\n|\n|upkeep\n|turn|27\n|\n|t:|1784149815\n|switch|p1a: Chansey|Chansey|47/100 par\n|move|p2a: Jolteon|Thunderbolt|p1a: Chansey\n|-damage|p1a: Chansey|30/100 par\n|\n|upkeep\n|turn|28\n|\n|t:|1784149820\n|move|p2a: Jolteon|Double Kick|p1a: Chansey\n|-supereffective|p1a: Chansey\n|-damage|p1a: Chansey|15/100 par\n|-damage|p1a: Chansey|0 fnt\n|-hitcount|p1a: Chansey|2\n|faint|p1a: Chansey\n|\n|t:|1784149841\n|switch|p1a: Alakazam|Alakazam|84/100\n|turn|29\n|\n|t:|1784149848\n|move|p2a: Jolteon|Thunder Wave|p1a: Alakazam\n|-status|p1a: Alakazam|par\n|move|p1a: Alakazam|Psychic|p2a: Jolteon\n|-damage|p2a: Jolteon|0 fnt\n|faint|p2a: Jolteon\n|\n|t:|1784149850\n|switch|p2a: Tauros|Tauros|37/100\n|turn|30\n|\n|t:|1784149853\n|switch|p1a: Snorlax|Snorlax|100/100 slp\n|move|p2a: Tauros|Hyper Beam|p1a: Snorlax\n|-damage|p1a: Snorlax|57/100 slp\n|-mustrecharge|p2a: Tauros\n|\n|upkeep\n|turn|31\n|\n|t:|1784149855\n|cant|p2a: Tauros|recharge\n|cant|p1a: Snorlax|slp\n|\n|upkeep\n|turn|32\n|\n|t:|1784149857\n|move|p2a: Tauros|Body Slam|p1a: Snorlax\n|-damage|p1a: Snorlax|31/100 slp\n|-curestatus|p1a: Snorlax|slp|[msg]\n|\n|upkeep\n|turn|33\n|\n|t:|1784149860\n|move|p2a: Tauros|Hyper Beam|p1a: Snorlax\n|-crit|p1a: Snorlax\n|-damage|p1a: Snorlax|0 fnt\n|faint|p1a: Snorlax\n|\n|t:|1784149861\n|switch|p1a: Tauros|Tauros|100/100\n|turn|34\n|\n|t:|1784149879\n|switch|p2a: Snorlax|Snorlax|62/100 par\n|move|p1a: Tauros|Body Slam|p2a: Snorlax\n|-damage|p2a: Snorlax|36/100 par\n|\n|upkeep\n|turn|35\n|\n|t:|1784149883\n|move|p1a: Tauros|Hyper Beam|p2a: Snorlax\n|-damage|p2a: Snorlax|0 fnt\n|faint|p2a: Snorlax\n|\n|t:|1784149887\n|switch|p2a: Zapdos|Zapdos|100/100\n|turn|36\n|\n|t:|1784149891\n|switch|p1a: Alakazam|Alakazam|84/100 par\n|move|p2a: Zapdos|Thunder Wave|p1a: Alakazam\n|-fail|p1a: Alakazam|par\n|\n|upkeep\n|turn|37\n|\n|t:|1784149893\n|move|p2a: Zapdos|Drill Peck|p1a: Alakazam\n|-crit|p1a: Alakazam\n|-damage|p1a: Alakazam|3/100 par\n|move|p1a: Alakazam|Thunder Wave|p2a: Zapdos\n|-status|p2a: Zapdos|par\n|\n|upkeep\n|turn|38\n|\n|t:|1784149897\n|cant|p1a: Alakazam|par\n|move|p2a: Zapdos|Agility|p2a: Zapdos\n|-boost|p2a: Zapdos|spe|2\n|\n|upkeep\n|turn|39\n|\n|t:|1784149899\n|cant|p2a: Zapdos|par\n|move|p1a: Alakazam|Psychic|p2a: Zapdos\n|-crit|p2a: Zapdos\n|-damage|p2a: Zapdos|47/100 par\n|\n|upkeep\n|turn|40\n|\n|t:|1784149901\n|move|p2a: Zapdos|Drill Peck|p1a: Alakazam\n|-damage|p1a: Alakazam|0 fnt\n|faint|p1a: Alakazam\n|\n|t:|1784149902\n|switch|p1a: Tauros|Tauros|100/100\n|turn|41\n|\n|t:|1784149906\n|move|p2a: Zapdos|Thunder Wave|p1a: Tauros\n|-status|p1a: Tauros|par\n|cant|p1a: Tauros|par\n|\n|upkeep\n|turn|42\n|\n|t:|1784149908\n|move|p2a: Zapdos|Thunderbolt|p1a: Tauros\n|-damage|p1a: Tauros|55/100 par\n|move|p1a: Tauros|Hyper Beam|p2a: Zapdos\n|-damage|p2a: Zapdos|0 fnt\n|faint|p2a: Zapdos\n|\n|t:|1784149910\n|switch|p2a: Starmie|Starmie|81/100\n|turn|43\n|\n|t:|1784149913\n|move|p2a: Starmie|Psychic|p1a: Tauros\n|-damage|p1a: Tauros|16/100 par\n|move|p1a: Tauros|Hyper Beam|p2a: Starmie\n|-damage|p2a: Starmie|24/100\n|-mustrecharge|p1a: Tauros\n|\n|upkeep\n|turn|44\n|c|☆stunner047|gg\n|c|☆TheStupe|gg\n|-message|stunner047 forfeited.\n|\n|win|TheStupe\n|player|p1|\n","uploadtime":1784149920,"views":"35","formatid":"gen1ou","rating":null,"private":0,"password":null}