{"id":"smogtours-gen1ou-915097","format":"[Gen 1] OU","players":["Ct0wn","Sceptross"],"log":"|inactive|Battle timer is ON: inactive players will automatically lose when time's up.\n|t:|1772918865\n|gametype|singles\n|player|p1|Ct0wn|#splxviiclassiest2|\n|player|p2|Sceptross|#splxviicryonicles2|\n|gen|1\n|tier|[Gen 1] OU\n|rule|Desync Clause Mod: Desyncs changed to move failure.\n|rule|Sleep Clause Mod: Limit one foe put to sleep\n|rule|Freeze Clause Mod: Limit one foe frozen\n|rule|Species Clause: Limit one of each Pokémon\n|rule|OHKO Clause: OHKO moves are banned\n|rule|Evasion Moves Clause: Evasion moves are banned\n|rule|Endless Battle Clause: Forcing endless battles is banned\n|rule|HP Percentage Mod: HP is shown in percentages\n|\n|t:|1772918865\n|teamsize|p1|6\n|teamsize|p2|6\n|start\n|switch|p1a: Gengar|Gengar|100/100\n|switch|p2a: Alakazam|Alakazam|100/100\n|turn|1\n|c|☆Sceptross|gl hf\n|c|☆Ct0wn|U2!\n|inactive|Sceptross has 270 seconds left.\n|\n|t:|1772918898\n|switch|p1a: Alakazam|Alakazam|100/100\n|move|p2a: Alakazam|Psychic|p1a: Alakazam\n|-resisted|p1a: Alakazam\n|-damage|p1a: Alakazam|83/100\n|\n|upkeep\n|turn|2\n|\n|t:|1772918911\n|switch|p2a: Exeggutor|Exeggutor|100/100\n|move|p1a: Alakazam|Thunder Wave|p2a: Exeggutor\n|-status|p2a: Exeggutor|par\n|\n|upkeep\n|turn|3\n|\n|t:|1772918930\n|switch|p1a: Gengar|Gengar|100/100\n|move|p2a: Exeggutor|Sleep Powder|p1a: Gengar\n|-status|p1a: Gengar|slp|[from] move: Sleep Powder\n|\n|upkeep\n|turn|4\n|\n|t:|1772918935\n|switch|p1a: Alakazam|Alakazam|83/100\n|move|p2a: Exeggutor|Stun Spore|p1a: Alakazam|[miss]\n|-miss|p2a: Exeggutor\n|\n|upkeep\n|turn|5\n|\n|t:|1772918940\n|move|p1a: Alakazam|Seismic Toss|p2a: Exeggutor\n|-damage|p2a: Exeggutor|75/100 par\n|move|p2a: Exeggutor|Stun Spore|p1a: Alakazam\n|-status|p1a: Alakazam|par\n|\n|upkeep\n|turn|6\n|inactive|Sceptross has 270 seconds left.\n|\n|t:|1772918975\n|move|p1a: Alakazam|Seismic Toss|p2a: Exeggutor\n|-damage|p2a: Exeggutor|50/100 par\n|cant|p2a: Exeggutor|par\n|\n|upkeep\n|turn|7\n|\n|t:|1772918984\n|switch|p1a: Gengar|Gengar|100/100 slp\n|move|p2a: Exeggutor|Rest|p2a: Exeggutor\n|-status|p2a: Exeggutor|slp|[from] move: Rest\n|-heal|p2a: Exeggutor|100/100 slp|[silent]\n|\n|upkeep\n|turn|8\n|\n|t:|1772918995\n|switch|p1a: EG Lapras|Lapras|100/100\n|cant|p2a: Exeggutor|slp\n|\n|upkeep\n|turn|9\n|inactive|Sceptross has 270 seconds left.\n|\n|t:|1772919040\n|switch|p2a: Cloyster|Cloyster|100/100\n|move|p1a: EG Lapras|Blizzard|p2a: Cloyster\n|-resisted|p2a: Cloyster\n|-damage|p2a: Cloyster|89/100\n|\n|upkeep\n|turn|10\n|\n|t:|1772919050\n|switch|p2a: Alakazam|Alakazam|100/100\n|switch|p1a: Gengar|Gengar|100/100 slp\n|\n|upkeep\n|turn|11\n|inactive|Sceptross has 240 seconds left.\n|inactive|Sceptross has 210 seconds left.\n|\n|t:|1772919124\n|switch|p1a: Alakazam|Alakazam|83/100 par\n|move|p2a: Alakazam|Seismic Toss|p1a: Alakazam\n|-damage|p1a: Alakazam|51/100 par\n|\n|upkeep\n|turn|12\n|inactive|Sceptross has 180 seconds left.\n|\n|t:|1772919153\n|switch|p2a: Exeggutor|Exeggutor|100/100 slp\n|cant|p1a: Alakazam|par\n|\n|upkeep\n|turn|13\n|inactive|Ct0wn has 270 seconds left.\n|\n|t:|1772919185\n|-curestatus|p2a: Exeggutor|slp|[msg]\n|move|p1a: Alakazam|Recover|p1a: Alakazam\n|-heal|p1a: Alakazam|100/100 par\n|\n|upkeep\n|turn|14\n|inactive|Sceptross has 180 seconds left.\n|inactive|Sceptross has 150 seconds left.\n|\n|t:|1772919244\n|switch|p2a: Alakazam|Alakazam|100/100\n|move|p1a: Alakazam|Thunder Wave|p2a: Alakazam\n|-status|p2a: Alakazam|par\n|\n|upkeep\n|turn|15\n|\n|t:|1772919252\n|cant|p2a: Alakazam|par\n|move|p1a: Alakazam|Seismic Toss|p2a: Alakazam\n|-damage|p2a: Alakazam|69/100 par\n|\n|upkeep\n|turn|16\n|\n|t:|1772919254\n|move|p2a: Alakazam|Recover|p2a: Alakazam\n|-heal|p2a: Alakazam|100/100 par\n|cant|p1a: Alakazam|par\n|\n|upkeep\n|turn|17\n|\n|t:|1772919257\n|cant|p2a: Alakazam|par\n|move|p1a: Alakazam|Seismic Toss|p2a: Alakazam\n|-damage|p2a: Alakazam|69/100 par\n|\n|upkeep\n|turn|18\n|\n|t:|1772919261\n|move|p1a: Alakazam|Psychic|p2a: Alakazam\n|-resisted|p2a: Alakazam\n|-damage|p2a: Alakazam|51/100 par\n|move|p2a: Alakazam|Recover|p2a: Alakazam\n|-heal|p2a: Alakazam|100/100 par\n|\n|upkeep\n|turn|19\n|inactive|Sceptross has 180 seconds left.\n|\n|t:|1772919268\n|move|p2a: Alakazam|Seismic Toss|p1a: Alakazam\n|-damage|p1a: Alakazam|69/100 par\n|cant|p1a: Alakazam|par\n|\n|upkeep\n|turn|20\n|\n|t:|1772919273\n|cant|p2a: Alakazam|par\n|move|p1a: Alakazam|Recover|p1a: Alakazam\n|-heal|p1a: Alakazam|100/100 par\n|\n|upkeep\n|turn|21\n|\n|t:|1772919276\n|move|p2a: Alakazam|Seismic Toss|p1a: Alakazam\n|-damage|p1a: Alakazam|69/100 par\n|move|p1a: Alakazam|Psychic|p2a: Alakazam\n|-resisted|p2a: Alakazam\n|-damage|p2a: Alakazam|83/100 par\n|\n|upkeep\n|turn|22\n|\n|t:|1772919298\n|cant|p1a: Alakazam|par\n|move|p2a: Alakazam|Psychic|p1a: Alakazam\n|-resisted|p1a: Alakazam\n|-damage|p1a: Alakazam|52/100 par\n|-unboost|p1a: Alakazam|spa|1\n|-unboost|p1a: Alakazam|spd|1\n|\n|upkeep\n|turn|23\n|\n|t:|1772919304\n|switch|p2a: Rhydon|Rhydon|100/100\n|move|p1a: Alakazam|Recover|p1a: Alakazam\n|-heal|p1a: Alakazam|100/100 par\n|\n|upkeep\n|turn|24\n|\n|t:|1772919314\n|switch|p1a: Exeggutor|Exeggutor|100/100\n|move|p2a: Rhydon|Body Slam|p1a: Exeggutor\n|-damage|p1a: Exeggutor|76/100\n|-status|p1a: Exeggutor|par\n|\n|upkeep\n|turn|25\n|\n|t:|1772919332\n|switch|p2a: Alakazam|Alakazam|83/100 par\n|cant|p1a: Exeggutor|par\n|\n|upkeep\n|turn|26\n|\n|t:|1772919342\n|switch|p1a: Alakazam|Alakazam|100/100 par\n|cant|p2a: Alakazam|par\n|\n|upkeep\n|turn|27\n|\n|t:|1772919347\n|cant|p1a: Alakazam|par\n|move|p2a: Alakazam|Seismic Toss|p1a: Alakazam\n|-damage|p1a: Alakazam|69/100 par\n|\n|upkeep\n|turn|28\n|inactive|Sceptross has 210 seconds left.\n|\n|t:|1772919358\n|move|p1a: Alakazam|Psychic|p2a: Alakazam\n|-resisted|p2a: Alakazam\n|-damage|p2a: Alakazam|66/100 par\n|cant|p2a: Alakazam|par\n|\n|upkeep\n|turn|29\n|\n|t:|1772919364\n|cant|p1a: Alakazam|par\n|move|p2a: Alakazam|Recover|p2a: Alakazam\n|-heal|p2a: Alakazam|100/100 par\n|\n|upkeep\n|turn|30\n|\n|t:|1772919369\n|move|p1a: Alakazam|Recover|p1a: Alakazam\n|-heal|p1a: Alakazam|100/100 par\n|cant|p2a: Alakazam|par\n|\n|upkeep\n|turn|31\n|\n|t:|1772919374\n|cant|p1a: Alakazam|par\n|move|p2a: Alakazam|Seismic Toss|p1a: Alakazam\n|-damage|p1a: Alakazam|69/100 par\n|\n|upkeep\n|turn|32\n|\n|t:|1772919379\n|move|p2a: Alakazam|Psychic|p1a: Alakazam\n|-resisted|p1a: Alakazam\n|-damage|p1a: Alakazam|52/100 par\n|move|p1a: Alakazam|Recover|p1a: Alakazam\n|-heal|p1a: Alakazam|100/100 par\n|\n|upkeep\n|turn|33\n|\n|t:|1772919383\n|move|p2a: Alakazam|Seismic Toss|p1a: Alakazam\n|-damage|p1a: Alakazam|69/100 par\n|cant|p1a: Alakazam|par\n|\n|upkeep\n|turn|34\n|\n|t:|1772919388\n|move|p2a: Alakazam|Seismic Toss|p1a: Alakazam\n|-damage|p1a: Alakazam|37/100 par\n|move|p1a: Alakazam|Recover|p1a: Alakazam\n|-heal|p1a: Alakazam|86/100 par\n|\n|upkeep\n|turn|35\n|\n|t:|1772919395\n|move|p2a: Alakazam|Psychic|p1a: Alakazam\n|-resisted|p1a: Alakazam\n|-damage|p1a: Alakazam|69/100 par\n|-unboost|p1a: Alakazam|spa|1\n|-unboost|p1a: Alakazam|spd|1\n|move|p1a: Alakazam|Psychic|p2a: Alakazam\n|-resisted|p2a: Alakazam\n|-damage|p2a: Alakazam|89/100 par\n|\n|upkeep\n|turn|36\n|inactive|Sceptross has 270 seconds left.\n|\n|t:|1772919403\n|move|p2a: Alakazam|Seismic Toss|p1a: Alakazam\n|-damage|p1a: Alakazam|37/100 par\n|move|p1a: Alakazam|Psychic|p2a: Alakazam\n|-resisted|p2a: Alakazam\n|-damage|p2a: Alakazam|78/100 par\n|-unboost|p2a: Alakazam|spa|1\n|-unboost|p2a: Alakazam|spd|1\n|\n|upkeep\n|turn|37\n|inactive|Sceptross has 270 seconds left.\n|inactive|Sceptross has 240 seconds left.\n|\n|t:|1772919456\n|cant|p1a: Alakazam|par\n|move|p2a: Alakazam|Seismic Toss|p1a: Alakazam\n|-damage|p1a: Alakazam|5/100 par\n|\n|upkeep\n|turn|38\n|\n|t:|1772919461\n|switch|p2a: Rhydon|Rhydon|100/100\n|move|p1a: Alakazam|Recover|p1a: Alakazam\n|-heal|p1a: Alakazam|55/100 par\n|\n|upkeep\n|turn|39\n|\n|t:|1772919468\n|switch|p1a: Exeggutor|Exeggutor|76/100 par\n|move|p2a: Rhydon|Earthquake|p1a: Exeggutor\n|-resisted|p1a: Exeggutor\n|-damage|p1a: Exeggutor|57/100 par\n|\n|upkeep\n|turn|40\n|inactive|Sceptross has 240 seconds left.\n|\n|t:|1772919495\n|switch|p2a: Alakazam|Alakazam|78/100 par\n|move|p1a: Exeggutor|Psychic|p2a: Alakazam\n|-resisted|p2a: Alakazam\n|-damage|p2a: Alakazam|61/100 par\n|\n|upkeep\n|turn|41\n|\n|t:|1772919507\n|move|p2a: Alakazam|Recover|p2a: Alakazam\n|-heal|p2a: Alakazam|100/100 par\n|move|p1a: Exeggutor|Psychic|p2a: Alakazam\n|-resisted|p2a: Alakazam\n|-damage|p2a: Alakazam|86/100 par\n|\n|upkeep\n|turn|42\n|inactive|Sceptross has 210 seconds left.\n|inactive|Sceptross has 180 seconds left.\n|\n|t:|1772919568\n|cant|p2a: Alakazam|par\n|move|p1a: Exeggutor|Psychic|p2a: Alakazam\n|-resisted|p2a: Alakazam\n|-damage|p2a: Alakazam|69/100 par\n|-unboost|p2a: Alakazam|spa|1\n|-unboost|p2a: Alakazam|spd|1\n|\n|upkeep\n|turn|43\n|\n|t:|1772919575\n|switch|p2a: Exeggutor|Exeggutor|100/100\n|move|p1a: Exeggutor|Double-Edge|p2a: Exeggutor\n|-damage|p2a: Exeggutor|79/100\n|-damage|p1a: Exeggutor|52/100 par|[from] Recoil|[of] p2a: Exeggutor\n|\n|upkeep\n|turn|44\n|inactive|Sceptross has 180 seconds left.\n|inactive|Ct0wn has 270 seconds left.\n|inactive|Ct0wn has 240 seconds left.\n|\n|t:|1772919636\n|move|p2a: Exeggutor|Psychic|p1a: Exeggutor\n|-resisted|p1a: Exeggutor\n|-damage|p1a: Exeggutor|38/100 par\n|move|p1a: Exeggutor|Psychic|p2a: Exeggutor\n|-resisted|p2a: Exeggutor\n|-damage|p2a: Exeggutor|66/100\n|\n|upkeep\n|turn|45\n|inactive|Ct0wn has 240 seconds left.\n|inactive|Sceptross has 180 seconds left.\n|inactive|Ct0wn has 210 seconds left.\n|inactive|Sceptross has 150 seconds left.\n|inactive|Sceptross has 120 seconds left.\n|\n|t:|1772919712\n|switch|p2a: Alakazam|Alakazam|69/100 par\n|cant|p1a: Exeggutor|par\n|\n|upkeep\n|turn|46\n|\n|t:|1772919725\n|cant|p2a: Alakazam|par\n|move|p1a: Exeggutor|Explosion|p2a: Alakazam\n|-crit|p2a: Alakazam\n|-damage|p2a: Alakazam|0 fnt\n|faint|p2a: Alakazam\n|faint|p1a: Exeggutor\n|rated|Smogon Premier League\n|\n|t:|1772919743\n|switch|p2a: Cloyster|Cloyster|89/100\n|switch|p1a: EG Lapras|Lapras|100/100\n|turn|47\n|\n|t:|1772919752\n|move|p2a: Cloyster|Clamp|p1a: EG Lapras\n|-resisted|p1a: EG Lapras\n|-damage|p1a: EG Lapras|96/100\n|cant|p1a: EG Lapras|partiallytrapped\n|\n|upkeep\n|turn|48\n|\n|t:|1772919762\n|move|p2a: Cloyster|Clamp|p1a: EG Lapras|[from] Clamp\n|-damage|p1a: EG Lapras|92/100\n|cant|p1a: EG Lapras|partiallytrapped\n|\n|upkeep\n|turn|49\n|inactive|Sceptross has 120 seconds left.\n|\n|t:|1772919779\n|move|p2a: Cloyster|Clamp|p1a: EG Lapras|[from] Clamp\n|-damage|p1a: EG Lapras|88/100\n|cant|p1a: EG Lapras|partiallytrapped\n|\n|upkeep\n|turn|50\n|\n|t:|1772919785\n|switch|p1a: Gengar|Gengar|100/100 slp\n|move|p2a: Cloyster|Clamp|p1a: Gengar\n|-damage|p1a: Gengar|91/100 slp\n|\n|upkeep\n|turn|51\n|inactive|Sceptross has 120 seconds left.\n|\n|t:|1772919800\n|switch|p1a: Snorlax|Snorlax|100/100\n|move|p2a: Cloyster|Clamp|p1a: Snorlax|[miss]\n|-miss|p2a: Cloyster\n|\n|upkeep\n|turn|52\n|\n|t:|1772919826\n|switch|p1a: EG Lapras|Lapras|88/100\n|move|p2a: Cloyster|Blizzard|p1a: EG Lapras\n|-resisted|p1a: EG Lapras\n|-damage|p1a: EG Lapras|81/100\n|\n|upkeep\n|turn|53\n|inactive|Sceptross has 90 seconds left.\n|\n|t:|1772919862\n|switch|p2a: Exeggutor|Exeggutor|66/100\n|move|p1a: EG Lapras|Thunderbolt|p2a: Exeggutor\n|-resisted|p2a: Exeggutor\n|-damage|p2a: Exeggutor|58/100\n|\n|upkeep\n|turn|54\n|inactive|Ct0wn has 210 seconds left.\n|inactive|Sceptross has 60 seconds left.\n|\n|t:|1772919901\n|switch|p2a: Starmie|Starmie|100/100\n|move|p1a: EG Lapras|Blizzard|p2a: Starmie\n|-resisted|p2a: Starmie\n|-damage|p2a: Starmie|79/100\n|\n|upkeep\n|turn|55\n|inactive|Sceptross has 60 seconds left.\n|\n|t:|1772919922\n|switch|p1a: Gengar|Gengar|91/100 slp\n|move|p2a: Starmie|Thunder Wave|p1a: Gengar\n|-fail|p1a: Gengar\n|\n|upkeep\n|turn|56\n|inactive|Sceptross has 60 seconds left.\n|inactive|Ct0wn has 180 seconds left.\n|\n|t:|1772919951\n|move|p2a: Starmie|Surf|p1a: Gengar\n|-damage|p1a: Gengar|60/100 slp\n|cant|p1a: Gengar|slp\n|\n|upkeep\n|turn|57\n|\n|t:|1772919958\n|move|p2a: Starmie|Surf|p1a: Gengar\n|-damage|p1a: Gengar|30/100 slp\n|cant|p1a: Gengar|slp\n|\n|upkeep\n|turn|58\n|inactive|Sceptross has 60 seconds left.\n|\n|t:|1772919978\n|move|p2a: Starmie|Surf|p1a: Gengar\n|-damage|p1a: Gengar|0 fnt\n|faint|p1a: Gengar\n|\n|t:|1772919983\n|switch|p1a: Snorlax|Snorlax|100/100\n|turn|59\n|inactive|Sceptross has 60 seconds left.\n|\n|t:|1772920014\n|switch|p2a: Rhydon|Rhydon|100/100\n|move|p1a: Snorlax|Body Slam|p2a: Rhydon\n|-resisted|p2a: Rhydon\n|-damage|p2a: Rhydon|88/100\n|\n|upkeep\n|turn|60\n|\n|t:|1772920026\n|move|p2a: Rhydon|Earthquake|p1a: Snorlax\n|-damage|p1a: Snorlax|68/100\n|move|p1a: Snorlax|Earthquake|p2a: Rhydon\n|-supereffective|p2a: Rhydon\n|-damage|p2a: Rhydon|50/100\n|\n|upkeep\n|turn|61\n|inactive|Sceptross has 60 seconds left.\n|inactive|Ct0wn has 180 seconds left.\n|\n|t:|1772920078\n|switch|p1a: Alakazam|Alakazam|55/100 par\n|move|p2a: Rhydon|Earthquake|p1a: Alakazam\n|-damage|p1a: Alakazam|0 fnt\n|faint|p1a: Alakazam\n|\n|t:|1772920080\n|switch|p1a: EG Lapras|Lapras|81/100\n|turn|62\n|inactive|Sceptross has 60 seconds left.\n|inactive|Sceptross has 30 seconds left.\n|inactive|Sceptross has 20 seconds left.\n|\n|t:|1772920139\n|move|p1a: EG Lapras|Sing|p2a: Rhydon\n|-status|p2a: Rhydon|slp|[from] move: Sing\n|cant|p2a: Rhydon|slp\n|\n|upkeep\n|turn|63\n|inactive|Sceptross has 30 seconds left this turn.\n|inactive|Sceptross has 20 seconds left.\n|inactive|Sceptross has 15 seconds left.\n|\n|t:|1772920159\n|switch|p2a: Exeggutor|Exeggutor|58/100\n|move|p1a: EG Lapras|Body Slam|p2a: Exeggutor\n|-crit|p2a: Exeggutor\n|-damage|p2a: Exeggutor|23/100\n|\n|upkeep\n|turn|64\n|inactive|Sceptross has 25 seconds left this turn.\n|inactive|Sceptross has 20 seconds left.\n|inactive|Sceptross has 15 seconds left.\n|inactive|Sceptross has 10 seconds left.\n|inactive|Ct0wn has 150 seconds left.\n|\n|t:|1772920189\n|move|p1a: EG Lapras|Blizzard|p2a: Exeggutor|[miss]\n|-miss|p1a: EG Lapras\n|move|p2a: Exeggutor|Psychic|p1a: EG Lapras\n|-damage|p1a: EG Lapras|55/100\n|-unboost|p1a: EG Lapras|spa|1\n|-unboost|p1a: EG Lapras|spd|1\n|\n|upkeep\n|turn|65\n|inactive|Sceptross has 20 seconds left this turn.\n|inactive|Sceptross has 15 seconds left.\n|inactive|Sceptross has 10 seconds left.\n|inactive|Sceptross has 5 seconds left.\n|\n|t:|1772920204\n|move|p1a: EG Lapras|Blizzard|p2a: Exeggutor\n|-supereffective|p2a: Exeggutor\n|-damage|p2a: Exeggutor|0 fnt\n|faint|p2a: Exeggutor\n|inactive|Sceptross has 10 seconds left this turn.\n|inactive|Sceptross has 5 seconds left.\n|\n|t:|1772920210\n|switch|p2a: Cloyster|Cloyster|89/100\n|turn|66\n|inactive|Sceptross has 15 seconds left this turn.\n|\n|t:|1772920215\n|move|p2a: Cloyster|Clamp|p1a: EG Lapras|[miss]\n|-miss|p2a: Cloyster\n|move|p1a: EG Lapras|Thunderbolt|p2a: Cloyster\n|-supereffective|p2a: Cloyster\n|-damage|p2a: Cloyster|56/100\n|\n|upkeep\n|turn|67\n|inactive|Sceptross has 25 seconds left this turn.\n|inactive|Sceptross has 20 seconds left.\n|\n|t:|1772920232\n|switch|p1a: Snorlax|Snorlax|68/100\n|move|p2a: Cloyster|Clamp|p1a: Snorlax\n|-crit|p1a: Snorlax\n|-damage|p1a: Snorlax|50/100\n|\n|upkeep\n|turn|68\n|inactive|Sceptross has 30 seconds left this turn.\n|\n|t:|1772920237\n|switch|p1a: EG Lapras|Lapras|55/100\n|move|p2a: Cloyster|Clamp|p1a: EG Lapras\n|-resisted|p1a: EG Lapras\n|-damage|p1a: EG Lapras|51/100\n|\n|upkeep\n|turn|69\n|\n|t:|1772920241\n|move|p2a: Cloyster|Clamp|p1a: EG Lapras|[from] Clamp\n|-damage|p1a: EG Lapras|47/100\n|cant|p1a: EG Lapras|partiallytrapped\n|\n|upkeep\n|turn|70\n|\n|t:|1772920247\n|move|p2a: Cloyster|Clamp|p1a: EG Lapras|[from] Clamp\n|-damage|p1a: EG Lapras|43/100\n|cant|p1a: EG Lapras|partiallytrapped\n|\n|upkeep\n|turn|71\n|\n|t:|1772920262\n|move|p2a: Cloyster|Clamp|p1a: EG Lapras\n|-crit|p1a: EG Lapras\n|-resisted|p1a: EG Lapras\n|-damage|p1a: EG Lapras|36/100\n|cant|p1a: EG Lapras|partiallytrapped\n|\n|upkeep\n|turn|72\n|\n|t:|1772920281\n|switch|p2a: Tauros|Tauros|100/100\n|cant|p1a: EG Lapras|partiallytrapped\n|\n|upkeep\n|turn|73\n|inactive|Sceptross has 30 seconds left.\n|\n|t:|1772920313\n|move|p2a: Tauros|Body Slam|p1a: EG Lapras\n|-damage|p1a: EG Lapras|11/100\n|-status|p1a: EG Lapras|par\n|move|p1a: EG Lapras|Blizzard|p2a: Tauros\n|-crit|p2a: Tauros\n|-damage|p2a: Tauros|0 fnt\n|faint|p2a: Tauros\n|inactive|Sceptross has 30 seconds left this turn.\n|inactive|Sceptross has 20 seconds left.\n|\n|t:|1772920325\n|switch|p2a: Starmie|Starmie|79/100\n|turn|74\n|inactive|Sceptross has 30 seconds left this turn.\n|\n|t:|1772920338\n|move|p2a: Starmie|Thunderbolt|p1a: EG Lapras\n|-supereffective|p1a: EG Lapras\n|-damage|p1a: EG Lapras|0 fnt\n|faint|p1a: EG Lapras\n|\n|t:|1772920341\n|switch|p1a: Snorlax|Snorlax|50/100\n|turn|75\n|\n|t:|1772920345\n|switch|p2a: Rhydon|Rhydon|50/100 slp\n|move|p1a: Snorlax|Body Slam|p2a: Rhydon\n|-resisted|p2a: Rhydon\n|-damage|p2a: Rhydon|40/100 slp\n|\n|upkeep\n|turn|76\n|\n|t:|1772920350\n|switch|p1a: Tauros|Tauros|100/100\n|-curestatus|p2a: Rhydon|slp|[msg]\n|\n|upkeep\n|turn|77\n|\n|t:|1772920358\n|move|p1a: Tauros|Blizzard|p2a: Rhydon\n|-supereffective|p2a: Rhydon\n|-damage|p2a: Rhydon|0 fnt\n|faint|p2a: Rhydon\n|\n|t:|1772920364\n|switch|p2a: Starmie|Starmie|79/100\n|turn|78\n|\n|t:|1772920383\n|move|p2a: Starmie|Thunder Wave|p1a: Tauros\n|-status|p1a: Tauros|par\n|move|p1a: Tauros|Body Slam|p2a: Starmie\n|-damage|p2a: Starmie|44/100\n|\n|upkeep\n|turn|79\n|\n|t:|1772920394\n|move|p2a: Starmie|Recover|p2a: Starmie\n|-heal|p2a: Starmie|94/100\n|move|p1a: Tauros|Body Slam|p2a: Starmie\n|-damage|p2a: Starmie|60/100\n|\n|upkeep\n|turn|80\n|\n|t:|1772920401\n|move|p2a: Starmie|Surf|p1a: Tauros\n|-damage|p1a: Tauros|61/100 par\n|move|p1a: Tauros|Body Slam|p2a: Starmie\n|-crit|p2a: Starmie\n|-damage|p2a: Starmie|0 fnt\n|faint|p2a: Starmie\n|\n|t:|1772920413\n|switch|p2a: Cloyster|Cloyster|56/100\n|turn|81\n|\n|t:|1772920423\n|move|p2a: Cloyster|Clamp|p1a: Tauros\n|-damage|p1a: Tauros|47/100 par\n|cant|p1a: Tauros|partiallytrapped\n|\n|upkeep\n|turn|82\n|\n|t:|1772920430\n|move|p2a: Cloyster|Clamp|p1a: Tauros|[from] Clamp\n|-damage|p1a: Tauros|33/100 par\n|cant|p1a: Tauros|partiallytrapped\n|\n|upkeep\n|turn|83\n|\n|t:|1772920437\n|move|p2a: Cloyster|Clamp|p1a: Tauros|[from] Clamp\n|-damage|p1a: Tauros|19/100 par\n|cant|p1a: Tauros|partiallytrapped\n|\n|upkeep\n|turn|84\n|\n|t:|1772920439\n|move|p2a: Cloyster|Clamp|p1a: Tauros|[from] Clamp\n|-damage|p1a: Tauros|4/100 par\n|cant|p1a: Tauros|partiallytrapped\n|\n|upkeep\n|turn|85\n|\n|t:|1772920441\n|move|p2a: Cloyster|Blizzard|p1a: Tauros\n|-damage|p1a: Tauros|0 fnt\n|faint|p1a: Tauros\n|\n|t:|1772920443\n|switch|p1a: Snorlax|Snorlax|50/100\n|turn|86\n|\n|t:|1772920458\n|move|p2a: Cloyster|Clamp|p1a: Snorlax\n|-damage|p1a: Snorlax|40/100\n|cant|p1a: Snorlax|partiallytrapped\n|\n|upkeep\n|turn|87\n|\n|t:|1772920460\n|move|p2a: Cloyster|Clamp|p1a: Snorlax|[from] Clamp\n|-damage|p1a: Snorlax|30/100\n|cant|p1a: Snorlax|partiallytrapped\n|\n|upkeep\n|turn|88\n|\n|t:|1772920463\n|move|p2a: Cloyster|Clamp|p1a: Snorlax|[from] Clamp\n|-damage|p1a: Snorlax|20/100\n|cant|p1a: Snorlax|partiallytrapped\n|\n|upkeep\n|turn|89\n|\n|t:|1772920464\n|move|p2a: Cloyster|Blizzard|p1a: Snorlax\n|-damage|p1a: Snorlax|0 fnt\n|faint|p1a: Snorlax\n|\n|win|Sceptross\n|c|☆Sceptross|ggs\n|c|☆Ct0wn|Ggs\n|player|p1|\n","uploadtime":1772920464,"views":"931","formatid":"gen1ou","rating":null,"private":0,"password":null}