{"id":"smogtours-gen1ou-817287","format":"[Gen 1] OU","players":["Amaranth","spies rby"],"log":"|inactive|Battle timer is ON: inactive players will automatically lose when time's up.\n|t:|1738436403\n|gametype|singles\n|player|p1|Amaranth|#amaranth|\n|player|p2|spies rby|#splxvityrants2|\n|teamsize|p1|6\n|teamsize|p2|6\n|gen|1\n|tier|[Gen 1] OU\n|rule|Desync Clause Mod: Desyncs changed to move failure.\n|rule|Sleep Clause Mod: Limit one foe put to sleep\n|rule|Freeze Clause Mod: Limit one foe frozen\n|rule|Species Clause: Limit one of each Pokémon\n|rule|OHKO Clause: OHKO moves are banned\n|rule|Evasion Moves Clause: Evasion moves are banned\n|rule|Endless Battle Clause: Forcing endless battles is banned\n|rule|HP Percentage Mod: HP is shown in percentages\n|\n|t:|1738436403\n|start\n|switch|p1a: Tauros|Tauros|100/100\n|switch|p2a: Alakazam|Alakazam|100/100\n|turn|1\n|c|☆spies rby|gl hf\n|c|☆Amaranth|glhf\n|\n|t:|1738436421\n|switch|p2a: Gengar|Gengar|100/100\n|move|p1a: Tauros|Body Slam|p2a: Gengar\n|-immune|p2a: Gengar\n|\n|upkeep\n|turn|2\n|\n|t:|1738436426\n|switch|p2a: Exeggutor|Exeggutor|100/100\n|move|p1a: Tauros|Earthquake|p2a: Exeggutor\n|-resisted|p2a: Exeggutor\n|-damage|p2a: Exeggutor|90/100\n|\n|upkeep\n|turn|3\n|\n|t:|1738436440\n|switch|p1a: Articuno|Articuno|100/100\n|move|p2a: Exeggutor|Sleep Powder|p1a: Articuno|[miss]\n|-miss|p2a: Exeggutor\n|\n|upkeep\n|turn|4\n|\n|t:|1738436445\n|switch|p2a: Starmie|Starmie|100/100\n|move|p1a: Articuno|Blizzard|p2a: Starmie|[miss]\n|-miss|p1a: Articuno\n|\n|upkeep\n|turn|5\n|\n|t:|1738436459\n|switch|p2a: Gengar|Gengar|100/100\n|move|p1a: Articuno|Blizzard|p2a: Gengar\n|-damage|p2a: Gengar|60/100\n|-status|p2a: Gengar|frz\n|\n|upkeep\n|turn|6\n|\n|t:|1738436467\n|switch|p2a: Starmie|Starmie|100/100\n|switch|p1a: Exeggutor|Exeggutor|100/100\n|\n|upkeep\n|turn|7\n|rated|Smogon Premier League\n|\n|t:|1738436494\n|move|p2a: Starmie|Thunder Wave|p1a: Exeggutor\n|-status|p1a: Exeggutor|par\n|move|p1a: Exeggutor|Sleep Powder|p2a: Starmie\n|-status|p2a: Starmie|slp|[from] move: Sleep Powder\n|\n|upkeep\n|turn|8\n|\n|t:|1738436511\n|switch|p2a: Alakazam|Alakazam|100/100\n|switch|p1a: Chansey|Chansey|100/100\n|\n|upkeep\n|turn|9\n|\n|t:|1738436518\n|move|p2a: Alakazam|Thunder Wave|p1a: Chansey\n|-status|p1a: Chansey|par\n|move|p1a: Chansey|Thunder Wave|p2a: Alakazam\n|-status|p2a: Alakazam|par\n|\n|upkeep\n|turn|10\n|\n|t:|1738436523\n|move|p2a: Alakazam|Psychic|p1a: Chansey\n|-damage|p1a: Chansey|83/100 par\n|move|p1a: Chansey|Ice Beam|p2a: Alakazam\n|-damage|p2a: Alakazam|80/100 par\n|\n|upkeep\n|turn|11\n|\n|t:|1738436528\n|move|p2a: Alakazam|Psychic|p1a: Chansey\n|-damage|p1a: Chansey|65/100 par\n|-unboost|p1a: Chansey|spa|1\n|-unboost|p1a: Chansey|spd|1\n|move|p1a: Chansey|Soft-Boiled|p1a: Chansey\n|-heal|p1a: Chansey|100/100 par\n|\n|upkeep\n|turn|12\n|\n|t:|1738436531\n|switch|p1a: Snorlax|Snorlax|100/100\n|move|p2a: Alakazam|Psychic|p1a: Snorlax\n|-damage|p1a: Snorlax|65/100\n|-unboost|p1a: Snorlax|spa|1\n|-unboost|p1a: Snorlax|spd|1\n|\n|upkeep\n|turn|13\n|\n|t:|1738436537\n|switch|p2a: Gengar|Gengar|60/100 frz\n|move|p1a: Snorlax|Body Slam|p2a: Gengar\n|-immune|p2a: Gengar\n|\n|upkeep\n|turn|14\n|\n|t:|1738436541\n|cant|p2a: Gengar|frz\n|move|p1a: Snorlax|Body Slam|p2a: Gengar\n|-immune|p2a: Gengar\n|\n|upkeep\n|turn|15\n|\n|t:|1738436554\n|switch|p1a: Zapdos|Zapdos|100/100\n|cant|p2a: Gengar|frz\n|\n|upkeep\n|turn|16\n|\n|t:|1738436560\n|cant|p2a: Gengar|frz\n|move|p1a: Zapdos|Drill Peck|p2a: Gengar\n|-damage|p2a: Gengar|26/100 frz\n|\n|upkeep\n|turn|17\n|\n|t:|1738436562\n|cant|p2a: Gengar|frz\n|move|p1a: Zapdos|Agility|p1a: Zapdos\n|-boost|p1a: Zapdos|spe|2\n|\n|upkeep\n|turn|18\n|\n|t:|1738436565\n|move|p1a: Zapdos|Drill Peck|p2a: Gengar\n|-damage|p2a: Gengar|0 fnt\n|faint|p2a: Gengar\n|\n|t:|1738436571\n|switch|p2a: Snorlax|Snorlax|100/100\n|turn|19\n|\n|t:|1738436581\n|move|p1a: Zapdos|Thunder Wave|p2a: Snorlax\n|-status|p2a: Snorlax|par\n|cant|p2a: Snorlax|par\n|\n|upkeep\n|turn|20\n|\n|t:|1738436589\n|switch|p1a: Snorlax|Snorlax|65/100\n|move|p2a: Snorlax|Body Slam|p1a: Snorlax\n|-damage|p1a: Snorlax|39/100\n|\n|upkeep\n|turn|21\n|\n|t:|1738436597\n|switch|p2a: Starmie|Starmie|100/100 slp\n|move|p1a: Snorlax|Reflect|p1a: Snorlax\n|-start|p1a: Snorlax|Reflect\n|\n|upkeep\n|turn|22\n|\n|t:|1738436605\n|cant|p2a: Starmie|slp\n|move|p1a: Snorlax|Body Slam|p2a: Starmie\n|-damage|p2a: Starmie|66/100 slp\n|\n|upkeep\n|turn|23\n|\n|t:|1738436606\n|cant|p2a: Starmie|slp\n|move|p1a: Snorlax|Body Slam|p2a: Starmie\n|-damage|p2a: Starmie|27/100 slp\n|\n|upkeep\n|turn|24\n|\n|t:|1738436609\n|cant|p2a: Starmie|slp\n|move|p1a: Snorlax|Body Slam|p2a: Starmie\n|-damage|p2a: Starmie|0 fnt\n|faint|p2a: Starmie\n|\n|t:|1738436611\n|switch|p2a: Exeggutor|Exeggutor|90/100\n|turn|25\n|\n|t:|1738436615\n|switch|p1a: Chansey|Chansey|100/100 par\n|move|p2a: Exeggutor|Psychic|p1a: Chansey\n|-damage|p1a: Chansey|84/100 par\n|-unboost|p1a: Chansey|spa|1\n|-unboost|p1a: Chansey|spd|1\n|\n|upkeep\n|turn|26\n|\n|t:|1738436618\n|switch|p2a: Snorlax|Snorlax|100/100 par\n|cant|p1a: Chansey|par\n|\n|upkeep\n|turn|27\n|\n|t:|1738436628\n|switch|p1a: Exeggutor|Exeggutor|100/100 par\n|cant|p2a: Snorlax|par\n|\n|upkeep\n|turn|28\n|\n|t:|1738436631\n|switch|p2a: Alakazam|Alakazam|80/100 par\n|move|p1a: Exeggutor|Psychic|p2a: Alakazam\n|-resisted|p2a: Alakazam\n|-damage|p2a: Alakazam|63/100 par\n|\n|upkeep\n|turn|29\n|\n|t:|1738436645\n|cant|p2a: Alakazam|par\n|move|p1a: Exeggutor|Psychic|p2a: Alakazam\n|-resisted|p2a: Alakazam\n|-damage|p2a: Alakazam|49/100 par\n|\n|upkeep\n|turn|30\n|\n|t:|1738436649\n|switch|p1a: Snorlax|Snorlax|39/100\n|move|p2a: Alakazam|Recover|p2a: Alakazam\n|-heal|p2a: Alakazam|99/100 par\n|\n|upkeep\n|turn|31\n|\n|t:|1738436653\n|switch|p2a: Exeggutor|Exeggutor|90/100\n|move|p1a: Snorlax|Body Slam|p2a: Exeggutor\n|-damage|p2a: Exeggutor|61/100\n|\n|upkeep\n|turn|32\n|\n|t:|1738436657\n|switch|p1a: Chansey|Chansey|84/100 par\n|move|p2a: Exeggutor|Psychic|p1a: Chansey\n|-damage|p1a: Chansey|68/100 par\n|\n|upkeep\n|turn|33\n|\n|t:|1738436660\n|switch|p2a: Alakazam|Alakazam|99/100 par\n|cant|p1a: Chansey|par\n|\n|upkeep\n|turn|34\n|\n|t:|1738436662\n|move|p2a: Alakazam|Psychic|p1a: Chansey\n|-crit|p1a: Chansey\n|-damage|p1a: Chansey|33/100 par\n|-unboost|p1a: Chansey|spa|1\n|-unboost|p1a: Chansey|spd|1\n|move|p1a: Chansey|Soft-Boiled|p1a: Chansey\n|-heal|p1a: Chansey|83/100 par\n|\n|upkeep\n|turn|35\n|\n|t:|1738436669\n|switch|p2a: Snorlax|Snorlax|100/100 par\n|switch|p1a: Exeggutor|Exeggutor|100/100 par\n|\n|upkeep\n|turn|36\n|\n|t:|1738436673\n|switch|p2a: Alakazam|Alakazam|99/100 par\n|move|p1a: Exeggutor|Psychic|p2a: Alakazam\n|-resisted|p2a: Alakazam\n|-damage|p2a: Alakazam|83/100 par\n|-unboost|p2a: Alakazam|spa|1\n|-unboost|p2a: Alakazam|spd|1\n|\n|upkeep\n|turn|37\n|\n|t:|1738436678\n|move|p1a: Exeggutor|Psychic|p2a: Alakazam\n|-resisted|p2a: Alakazam\n|-damage|p2a: Alakazam|59/100 par\n|move|p2a: Alakazam|Seismic Toss|p1a: Exeggutor\n|-damage|p1a: Exeggutor|75/100 par\n|\n|upkeep\n|turn|38\n|\n|t:|1738436682\n|switch|p1a: Snorlax|Snorlax|39/100\n|move|p2a: Alakazam|Recover|p2a: Alakazam\n|-heal|p2a: Alakazam|100/100 par\n|\n|upkeep\n|turn|39\n|\n|t:|1738436701\n|switch|p2a: Snorlax|Snorlax|100/100 par\n|move|p1a: Snorlax|Body Slam|p2a: Snorlax\n|-damage|p2a: Snorlax|73/100 par\n|\n|upkeep\n|turn|40\n|\n|t:|1738436714\n|switch|p2a: Exeggutor|Exeggutor|61/100\n|move|p1a: Snorlax|Reflect|p1a: Snorlax\n|-start|p1a: Snorlax|Reflect\n|\n|upkeep\n|turn|41\n|\n|t:|1738436719\n|switch|p1a: Chansey|Chansey|83/100 par\n|move|p2a: Exeggutor|Psychic|p1a: Chansey\n|-damage|p1a: Chansey|66/100 par\n|-unboost|p1a: Chansey|spa|1\n|-unboost|p1a: Chansey|spd|1\n|\n|upkeep\n|turn|42\n|\n|t:|1738436723\n|switch|p2a: Snorlax|Snorlax|73/100 par\n|move|p1a: Chansey|Soft-Boiled|p1a: Chansey\n|-heal|p1a: Chansey|100/100 par\n|\n|upkeep\n|turn|43\n|\n|t:|1738436726\n|switch|p1a: Snorlax|Snorlax|39/100\n|move|p2a: Snorlax|Body Slam|p1a: Snorlax\n|-damage|p1a: Snorlax|15/100\n|\n|upkeep\n|turn|44\n|\n|t:|1738436729\n|switch|p2a: Tauros|Tauros|100/100\n|move|p1a: Snorlax|Rest|p1a: Snorlax\n|-status|p1a: Snorlax|slp|[from] move: Rest\n|-heal|p1a: Snorlax|100/100 slp|[silent]\n|\n|upkeep\n|turn|45\n|\n|t:|1738436733\n|move|p2a: Tauros|Body Slam|p1a: Snorlax\n|-damage|p1a: Snorlax|77/100 slp\n|cant|p1a: Snorlax|slp\n|\n|upkeep\n|turn|46\n|\n|t:|1738436735\n|move|p2a: Tauros|Body Slam|p1a: Snorlax\n|-crit|p1a: Snorlax\n|-damage|p1a: Snorlax|31/100 slp\n|-curestatus|p1a: Snorlax|slp|[msg]\n|\n|upkeep\n|turn|47\n|\n|t:|1738436742\n|move|p2a: Tauros|Hyper Beam|p1a: Snorlax\n|-damage|p1a: Snorlax|0 fnt\n|faint|p1a: Snorlax\n|\n|t:|1738436744\n|switch|p1a: Articuno|Articuno|100/100\n|turn|48\n|inactive|spies rby has 270 seconds left.\n|\n|t:|1738436781\n|move|p2a: Tauros|Body Slam|p1a: Articuno\n|-damage|p1a: Articuno|74/100\n|-status|p1a: Articuno|par\n|move|p1a: Articuno|Blizzard|p2a: Tauros\n|-damage|p2a: Tauros|41/100\n|\n|upkeep\n|turn|49\n|inactive|spies rby has 270 seconds left.\n|\n|t:|1738436788\n|switch|p2a: Alakazam|Alakazam|100/100 par\n|move|p1a: Articuno|Agility|p1a: Articuno\n|-boost|p1a: Articuno|spe|2\n|\n|upkeep\n|turn|50\n|inactive|spies rby has 270 seconds left.\n|\n|t:|1738436821\n|move|p1a: Articuno|Blizzard|p2a: Alakazam\n|-damage|p2a: Alakazam|59/100 par\n|move|p2a: Alakazam|Psychic|p1a: Articuno\n|-crit|p1a: Articuno\n|-damage|p1a: Articuno|19/100 par\n|-unboost|p1a: Articuno|spa|1\n|-unboost|p1a: Articuno|spd|1\n|\n|upkeep\n|turn|51\n|\n|t:|1738436829\n|move|p1a: Articuno|Agility|p1a: Articuno\n|-boost|p1a: Articuno|spe|2\n|move|p2a: Alakazam|Recover|p2a: Alakazam\n|-heal|p2a: Alakazam|100/100 par\n|\n|upkeep\n|turn|52\n|inactive|spies rby has 240 seconds left.\n|inactive|Amaranth has 270 seconds left.\n|\n|t:|1738436894\n|switch|p1a: Exeggutor|Exeggutor|75/100 par\n|move|p2a: Alakazam|Recover|p2a: Alakazam\n|-fail|p2a: Alakazam\n|\n|upkeep\n|turn|53\n|inactive|spies rby has 210 seconds left.\n|\n|t:|1738436923\n|move|p1a: Exeggutor|Explosion|p2a: Alakazam\n|-damage|p2a: Alakazam|0 fnt\n|faint|p2a: Alakazam\n|faint|p1a: Exeggutor\n|inactive|spies rby has 210 seconds left.\n|inactive|Amaranth has 240 seconds left.\n|inactive|Amaranth has 210 seconds left.\n|inactive|spies rby has 180 seconds left.\n|\n|t:|1738437022\n|switch|p2a: Exeggutor|Exeggutor|61/100\n|switch|p1a: Zapdos|Zapdos|100/100\n|turn|54\n|\n|t:|1738437026\n|switch|p1a: Articuno|Articuno|19/100 par\n|move|p2a: Exeggutor|Sleep Powder|p1a: Articuno\n|-fail|p1a: Articuno\n|\n|upkeep\n|turn|55\n|\n|t:|1738437029\n|switch|p1a: Chansey|Chansey|100/100 par\n|move|p2a: Exeggutor|Psychic|p1a: Chansey\n|-damage|p1a: Chansey|84/100 par\n|\n|upkeep\n|turn|56\n|inactive|spies rby has 180 seconds left.\n|\n|t:|1738437053\n|move|p2a: Exeggutor|Psychic|p1a: Chansey\n|-damage|p1a: Chansey|68/100 par\n|move|p1a: Chansey|Ice Beam|p2a: Exeggutor\n|-supereffective|p2a: Exeggutor\n|-damage|p2a: Exeggutor|29/100\n|\n|upkeep\n|turn|57\n|\n|t:|1738437075\n|switch|p2a: Tauros|Tauros|41/100\n|move|p1a: Chansey|Ice Beam|p2a: Tauros\n|-damage|p2a: Tauros|14/100\n|-status|p2a: Tauros|frz\n|\n|upkeep\n|turn|58\n|c|☆Amaranth|thats a little silly\n|\n|t:|1738437088\n|switch|p1a: Articuno|Articuno|19/100 par\n|cant|p2a: Tauros|frz\n|\n|upkeep\n|turn|59\n|\n|t:|1738437103\n|cant|p2a: Tauros|frz\n|move|p1a: Articuno|Agility|p1a: Articuno\n|-boost|p1a: Articuno|spe|2\n|\n|upkeep\n|turn|60\n|\n|t:|1738437105\n|move|p1a: Articuno|Ice Beam|p2a: Tauros\n|-damage|p2a: Tauros|0 fnt\n|faint|p2a: Tauros\n|\n|t:|1738437110\n|switch|p2a: Snorlax|Snorlax|73/100 par\n|turn|61\n|\n|t:|1738437118\n|move|p1a: Articuno|Ice Beam|p2a: Snorlax\n|-damage|p2a: Snorlax|41/100 par\n|cant|p2a: Snorlax|par\n|\n|upkeep\n|turn|62\n|\n|t:|1738437122\n|move|p1a: Articuno|Ice Beam|p2a: Snorlax\n|-damage|p2a: Snorlax|7/100 par\n|move|p2a: Snorlax|Body Slam|p1a: Articuno\n|-damage|p1a: Articuno|0 fnt\n|faint|p1a: Articuno\n|\n|t:|1738437125\n|switch|p1a: Zapdos|Zapdos|100/100\n|turn|63\n|\n|t:|1738437127\n|move|p1a: Zapdos|Drill Peck|p2a: Snorlax\n|-damage|p2a: Snorlax|0 fnt\n|faint|p2a: Snorlax\n|c|☆Amaranth|sry about luck gg\n|\n|t:|1738437130\n|switch|p2a: Exeggutor|Exeggutor|29/100\n|turn|64\n|\n|t:|1738437131\n|move|p1a: Zapdos|Drill Peck|p2a: Exeggutor\n|-supereffective|p2a: Exeggutor\n|-damage|p2a: Exeggutor|0 fnt\n|faint|p2a: Exeggutor\n|\n|win|Amaranth\n|c|☆spies rby|gg\n|player|p1|\n|player|p2|\n","uploadtime":1738437131,"views":"1879","formatid":"gen1ou","rating":null,"private":0,"password":null}