{"id":"smogtours-gen1ou-968750","format":"[Gen 1] OU","players":["LNumbers","Serpi"],"log":"|inactive|Battle timer is ON: inactive players will automatically lose when time's up.\n|t:|1788629562\n|gametype|singles\n|player|p1|LNumbers|#rbywc2026|\n|player|p2|Serpi|#rbywc2023|\n|gen|1\n|tier|[Gen 1] OU\n|rule|Desync Clause Mod: Desyncs resolve to link battle behavior from the acting player's perspective.\n|rule|HP Percentage Mod: HP is shown in percentages\n|rule|Endless Battle Clause: Forcing endless battles is banned\n|rule|Sleep Clause Mod: Limit one foe put to sleep\n|rule|Freeze Clause Mod: Limit one foe frozen\n|rule|Species Clause: Limit one of each Pokémon\n|rule|OHKO Clause: OHKO moves are banned\n|rule|Evasion Moves Clause: Evasion moves are banned\n|\n|t:|1788629562\n|teamsize|p1|6\n|teamsize|p2|6\n|start\n|switch|p1a: Alakazam|Alakazam|100/100\n|switch|p2a: Jynx|Jynx|100/100\n|turn|1\n|c|☆Serpi|hf\n|c|☆LNumbers|hf\n|inactive|LNumbers has 270 seconds left.\n|\n|t:|1788629593\n|move|p1a: Alakazam|Thunder Wave|p2a: Jynx\n|-status|p2a: Jynx|par\n|cant|p2a: Jynx|par\n|\n|upkeep\n|turn|2\n|\n|t:|1788629604\n|move|p1a: Alakazam|Seismic Toss|p2a: Jynx\n|-damage|p2a: Jynx|70/100 par\n|move|p2a: Jynx|Lovely Kiss|p1a: Alakazam\n|-status|p1a: Alakazam|slp|[from] move: Lovely Kiss\n|\n|upkeep\n|turn|3\n|\n|t:|1788629616\n|switch|p1a: Cloyster|Cloyster|100/100\n|move|p2a: Jynx|Blizzard|p1a: Cloyster\n|-resisted|p1a: Cloyster\n|-damage|p1a: Cloyster|89/100\n|\n|upkeep\n|turn|4\n|inactive|Serpi has 270 seconds left.\n|\n|t:|1788629646\n|move|p1a: Cloyster|Clamp|p2a: Jynx\n|-damage|p2a: Jynx|59/100 par\n|cant|p2a: Jynx|partiallytrapped\n|\n|upkeep\n|turn|5\n|inactive|LNumbers has 270 seconds left.\n|\n|t:|1788629693\n|switch|p2a: Cloyster|Cloyster|100/100\n|move|p1a: Cloyster|Clamp|p2a: Cloyster|[miss]\n|-miss|p1a: Cloyster\n|\n|upkeep\n|turn|6\n|\n|t:|1788629701\n|move|p1a: Cloyster|Clamp|p2a: Cloyster\n|-resisted|p2a: Cloyster\n|-damage|p2a: Cloyster|94/100\n|cant|p2a: Cloyster|partiallytrapped\n|\n|upkeep\n|turn|7\n|inactive|Serpi has 270 seconds left.\n|\n|t:|1788629753\n|move|p1a: Cloyster|Clamp|p2a: Cloyster|[from] Clamp\n|-damage|p2a: Cloyster|87/100\n|\n|upkeep\n|turn|8\n|\n|t:|1788629768\n|move|p1a: Cloyster|Clamp|p2a: Cloyster|[miss]\n|-miss|p1a: Cloyster\n|move|p2a: Cloyster|Clamp|p1a: Cloyster|[miss]\n|-miss|p2a: Cloyster\n|\n|upkeep\n|turn|9\n|\n|t:|1788629774\n|move|p1a: Cloyster|Clamp|p2a: Cloyster\n|-crit|p2a: Cloyster\n|-resisted|p2a: Cloyster\n|-damage|p2a: Cloyster|75/100\n|cant|p2a: Cloyster|partiallytrapped\n|\n|upkeep\n|turn|10\n|inactive|Serpi has 270 seconds left.\n|\n|t:|1788629785\n|switch|p2a: Jynx|Jynx|59/100 par\n|move|p1a: Cloyster|Clamp|p2a: Jynx\n|-damage|p2a: Jynx|46/100 par\n|\n|upkeep\n|turn|11\n|\n|t:|1788629794\n|switch|p1a: Starmie|Starmie|100/100\n|switch|p2a: Cloyster|Cloyster|75/100\n|\n|upkeep\n|turn|12\n|inactive|LNumbers has 270 seconds left.\n|inactive|LNumbers has 240 seconds left.\n|\n|t:|1788629843\n|switch|p2a: Jynx|Jynx|46/100 par\n|move|p1a: Starmie|Thunder Wave|p2a: Jynx\n|-fail|p2a: Jynx|par\n|\n|upkeep\n|turn|13\n|\n|t:|1788629852\n|switch|p1a: Snorlax|Snorlax|100/100\n|move|p2a: Jynx|Rest|p2a: Jynx\n|-status|p2a: Jynx|slp|[from] move: Rest\n|-heal|p2a: Jynx|100/100 slp|[silent]\n|\n|upkeep\n|turn|14\n|\n|t:|1788629866\n|switch|p2a: Cloyster|Cloyster|75/100\n|move|p1a: Snorlax|Body Slam|p2a: Cloyster\n|-damage|p2a: Cloyster|53/100\n|\n|upkeep\n|turn|15\n|inactive|LNumbers has 240 seconds left.\n|\n|t:|1788629901\n|switch|p1a: Cloyster|Cloyster|89/100\n|move|p2a: Cloyster|Blizzard|p1a: Cloyster|[miss]\n|-miss|p2a: Cloyster\n|\n|upkeep\n|turn|16\n|\n|t:|1788629918\n|switch|p2a: Exeggutor|Exeggutor|100/100\n|move|p1a: Cloyster|Clamp|p2a: Exeggutor|[miss]\n|-miss|p1a: Cloyster\n|\n|upkeep\n|turn|17\n|inactive|LNumbers has 210 seconds left.\n|inactive|Serpi has 270 seconds left.\n|\n|t:|1788629951\n|switch|p2a: Cloyster|Cloyster|53/100\n|move|p1a: Cloyster|Blizzard|p2a: Cloyster\n|-resisted|p2a: Cloyster\n|-damage|p2a: Cloyster|42/100\n|\n|upkeep\n|turn|18\n|inactive|LNumbers has 210 seconds left.\n|\n|t:|1788629959\n|switch|p1a: Tauros|Tauros|100/100\n|move|p2a: Cloyster|Rest|p2a: Cloyster\n|-status|p2a: Cloyster|slp|[from] move: Rest\n|-heal|p2a: Cloyster|100/100 slp|[silent]\n|\n|upkeep\n|turn|19\n|inactive|LNumbers has 210 seconds left.\n|inactive|LNumbers has 180 seconds left.\n|\n|t:|1788630018\n|switch|p2a: Exeggutor|Exeggutor|100/100\n|move|p1a: Tauros|Thunderbolt|p2a: Exeggutor\n|-crit|p2a: Exeggutor\n|-resisted|p2a: Exeggutor\n|-damage|p2a: Exeggutor|88/100\n|-status|p2a: Exeggutor|par\n|\n|upkeep\n|turn|20\n|\n|t:|1788630038\n|switch|p1a: Alakazam|Alakazam|100/100 slp\n|cant|p2a: Exeggutor|par\n|\n|upkeep\n|turn|21\n|inactive|Serpi has 270 seconds left.\n|inactive|LNumbers has 150 seconds left.\n|\n|t:|1788630106\n|switch|p1a: Starmie|Starmie|100/100\n|switch|p2a: Snorlax|Snorlax|100/100\n|\n|upkeep\n|turn|22\n|inactive|LNumbers has 120 seconds left.\n|\n|t:|1788630131\n|switch|p2a: Exeggutor|Exeggutor|88/100 par\n|move|p1a: Starmie|Psychic|p2a: Exeggutor\n|-resisted|p2a: Exeggutor\n|-damage|p2a: Exeggutor|76/100 par\n|-unboost|p2a: Exeggutor|spa|1\n|-unboost|p2a: Exeggutor|spd|1\n|\n|upkeep\n|turn|23\n|inactive|LNumbers has 120 seconds left.\n|inactive|Serpi has 240 seconds left.\n|inactive|LNumbers has 90 seconds left.\n|\n|t:|1788630189\n|switch|p1a: Snorlax|Snorlax|100/100\n|switch|p2a: Jynx|Jynx|100/100 slp\n|\n|upkeep\n|turn|24\n|\n|t:|1788630195\n|switch|p2a: Cloyster|Cloyster|100/100 slp\n|move|p1a: Snorlax|Body Slam|p2a: Cloyster\n|-damage|p2a: Cloyster|78/100 slp\n|\n|upkeep\n|turn|25\n|\n|t:|1788630199\n|cant|p2a: Cloyster|slp\n|move|p1a: Snorlax|Body Slam|p2a: Cloyster\n|-damage|p2a: Cloyster|55/100 slp\n|\n|upkeep\n|turn|26\n|\n|t:|1788630203\n|-curestatus|p2a: Cloyster|slp|[msg]\n|move|p1a: Snorlax|Body Slam|p2a: Cloyster\n|-damage|p2a: Cloyster|32/100\n|-status|p2a: Cloyster|par\n|\n|upkeep\n|turn|27\n|\n|t:|1788630220\n|move|p1a: Snorlax|Hyper Beam|p2a: Cloyster\n|-damage|p2a: Cloyster|0 fnt\n|faint|p2a: Cloyster\n|inactive|Serpi has 240 seconds left.\n|\n|t:|1788630234\n|switch|p2a: Snorlax|Snorlax|100/100\n|turn|28\n|inactive|LNumbers has 90 seconds left.\n|\n|t:|1788630277\n|move|p2a: Snorlax|Body Slam|p1a: Snorlax\n|-damage|p1a: Snorlax|73/100\n|move|p1a: Snorlax|Body Slam|p2a: Snorlax\n|-damage|p2a: Snorlax|73/100\n|\n|upkeep\n|turn|29\n|inactive|LNumbers has 60 seconds left.\n|\n|t:|1788630321\n|move|p2a: Snorlax|Body Slam|p1a: Snorlax\n|-damage|p1a: Snorlax|47/100\n|move|p1a: Snorlax|Body Slam|p2a: Snorlax\n|-damage|p2a: Snorlax|45/100\n|\n|upkeep\n|turn|30\n|inactive|LNumbers has 30 seconds left.\n|\n|t:|1788630345\n|move|p2a: Snorlax|Hyper Beam|p1a: Snorlax\n|-damage|p1a: Snorlax|1/100\n|-mustrecharge|p2a: Snorlax\n|move|p1a: Snorlax|Hyper Beam|p2a: Snorlax|[miss]\n|-miss|p1a: Snorlax\n|\n|upkeep\n|turn|31\n|\n|t:|1788630354\n|move|p1a: Snorlax|Hyper Beam|p2a: Snorlax\n|-damage|p2a: Snorlax|0 fnt\n|faint|p2a: Snorlax\n|inactive|Serpi has 270 seconds left.\n|inactive|Serpi has 240 seconds left.\n|\n|t:|1788630403\n|switch|p2a: Tauros|Tauros|100/100\n|turn|32\n|\n|t:|1788630413\n|move|p2a: Tauros|Body Slam|p1a: Snorlax\n|-crit|p1a: Snorlax\n|-damage|p1a: Snorlax|0 fnt\n|faint|p1a: Snorlax\n|inactive|LNumbers has 30 seconds left.\n|inactive|LNumbers has 20 seconds left.\n|inactive|LNumbers has 15 seconds left.\n|\n|t:|1788630450\n|switch|p1a: Cloyster|Cloyster|89/100\n|turn|33\n|inactive|LNumbers has 25 seconds left this turn.\n|inactive|LNumbers has 20 seconds left.\n|inactive|LNumbers has 15 seconds left.\n|\n|t:|1788630463\n|switch|p2a: Jynx|Jynx|100/100 slp\n|move|p1a: Cloyster|Blizzard|p2a: Jynx\n|-crit|p2a: Jynx\n|-resisted|p2a: Jynx\n|-damage|p2a: Jynx|65/100 slp\n|\n|upkeep\n|turn|34\n|inactive|LNumbers has 25 seconds left this turn.\n|inactive|LNumbers has 20 seconds left.\n|inactive|LNumbers has 15 seconds left.\n|inactive|LNumbers has 10 seconds left.\n|\n|t:|1788630480\n|switch|p1a: Tauros|Tauros|100/100\n|cant|p2a: Jynx|slp\n|\n|upkeep\n|turn|35\n|inactive|LNumbers has 20 seconds left this turn.\n|\n|t:|1788630482\n|move|p1a: Tauros|Body Slam|p2a: Jynx\n|-damage|p2a: Jynx|10/100 slp\n|-curestatus|p2a: Jynx|slp|[msg]\n|\n|upkeep\n|turn|36\n|inactive|LNumbers has 30 seconds left this turn.\n|\n|t:|1788630489\n|move|p1a: Tauros|Body Slam|p2a: Jynx\n|-damage|p2a: Jynx|0 fnt\n|faint|p2a: Jynx\n|\n|t:|1788630497\n|switch|p2a: Tauros|Tauros|100/100\n|turn|37\n|inactive|LNumbers has 30 seconds left.\n|inactive|LNumbers has 20 seconds left.\n|\n|t:|1788630523\n|switch|p1a: Cloyster|Cloyster|89/100\n|move|p2a: Tauros|Body Slam|p1a: Cloyster\n|-damage|p1a: Cloyster|68/100\n|\n|upkeep\n|turn|38\n|inactive|LNumbers has 30 seconds left this turn.\n|inactive|Serpi has 270 seconds left.\n|\n|t:|1788630548\n|move|p2a: Tauros|Body Slam|p1a: Cloyster\n|-damage|p1a: Cloyster|47/100\n|move|p1a: Cloyster|Explosion|p2a: Tauros\n|-damage|p2a: Tauros|25/100\n|faint|p1a: Cloyster\n|inactive|LNumbers has 30 seconds left.\n|\n|t:|1788630556\n|switch|p1a: Starmie|Starmie|100/100\n|turn|39\n|inactive|Serpi has 270 seconds left.\n|inactive|LNumbers has 30 seconds left.\n|\n|t:|1788630591\n|switch|p2a: Exeggutor|Exeggutor|76/100 par\n|move|p1a: Starmie|Blizzard|p2a: Exeggutor\n|-supereffective|p2a: Exeggutor\n|-damage|p2a: Exeggutor|33/100 par\n|\n|upkeep\n|turn|40\n|\n|t:|1788630595\n|move|p1a: Starmie|Blizzard|p2a: Exeggutor|[miss]\n|-miss|p1a: Starmie\n|move|p2a: Exeggutor|Stun Spore|p1a: Starmie|[miss]\n|-miss|p2a: Exeggutor\n|\n|upkeep\n|turn|41\n|\n|t:|1788630599\n|move|p1a: Starmie|Blizzard|p2a: Exeggutor\n|-crit|p2a: Exeggutor\n|-supereffective|p2a: Exeggutor\n|-damage|p2a: Exeggutor|0 fnt\n|faint|p2a: Exeggutor\n|\n|t:|1788630601\n|switch|p2a: Zapdos|Zapdos|100/100\n|turn|42\n|\n|t:|1788630614\n|move|p1a: Starmie|Blizzard|p2a: Zapdos\n|-supereffective|p2a: Zapdos\n|-damage|p2a: Zapdos|61/100\n|move|p2a: Zapdos|Agility|p2a: Zapdos\n|-boost|p2a: Zapdos|spe|2\n|\n|upkeep\n|turn|43\n|\n|t:|1788630641\n|switch|p1a: Alakazam|Alakazam|100/100 slp\n|move|p2a: Zapdos|Thunderbolt|p1a: Alakazam\n|-crit|p1a: Alakazam\n|-damage|p1a: Alakazam|31/100 slp\n|\n|upkeep\n|turn|44\n|\n|t:|1788630644\n|move|p2a: Zapdos|Drill Peck|p1a: Alakazam\n|-damage|p1a: Alakazam|0 fnt\n|faint|p1a: Alakazam\n|inactive|LNumbers has 30 seconds left.\n|\n|t:|1788630673\n|switch|p1a: Exeggutor|Exeggutor|100/100\n|turn|45\n|\n|t:|1788630676\n|move|p2a: Zapdos|Drill Peck|p1a: Exeggutor\n|-supereffective|p1a: Exeggutor\n|-damage|p1a: Exeggutor|48/100\n|move|p1a: Exeggutor|Explosion|p2a: Zapdos\n|-damage|p2a: Zapdos|0 fnt\n|faint|p2a: Zapdos\n|faint|p1a: Exeggutor\n|\n|t:|1788630678\n|switch|p2a: Tauros|Tauros|25/100\n|switch|p1a: Starmie|Starmie|100/100\n|turn|46\n|c|☆Serpi|gg\n|\n|t:|1788630682\n|move|p1a: Starmie|Psychic|p2a: Tauros\n|-damage|p2a: Tauros|0 fnt\n|faint|p2a: Tauros\n|\n|win|LNumbers\n|c|☆LNumbers|gg\n","uploadtime":1788630682,"views":"107","formatid":"gen1ou","rating":null,"private":2,"password":null}