{"id":"smogtours-gen1ou-904423","format":"[Gen 1] OU","players":["Girls See Ghosts","Isza"],"log":"|inactive|Battle timer is ON: inactive players will automatically lose when time's up.\n|t:|1769917106\n|gametype|singles\n|player|p1|Girls See Ghosts|#splxviisharks|\n|player|p2|Isza|#scl5foxes|\n|gen|1\n|tier|[Gen 1] OU\n|rule|Desync Clause Mod: Desyncs changed to move failure.\n|rule|Sleep Clause Mod: Limit one foe put to sleep\n|rule|Freeze Clause Mod: Limit one foe frozen\n|rule|Species Clause: Limit one of each Pokémon\n|rule|OHKO Clause: OHKO moves are banned\n|rule|Evasion Moves Clause: Evasion moves are banned\n|rule|Endless Battle Clause: Forcing endless battles is banned\n|rule|HP Percentage Mod: HP is shown in percentages\n|\n|t:|1769917106\n|teamsize|p1|6\n|teamsize|p2|6\n|start\n|switch|p1a: Alakazam|Alakazam|100/100\n|switch|p2a: 3d(video proof|Jynx|100/100\n|turn|1\n|c|☆Isza|hf\n|rated|Smogon Premier League\n|rated|Smogon Premier League\n|c|☆Girls See Ghosts|u2\n|\n|t:|1769917119\n|move|p1a: Alakazam|Thunder Wave|p2a: 3d(video proof\n|-status|p2a: 3d(video proof|par\n|move|p2a: 3d(video proof|Lovely Kiss|p1a: Alakazam\n|-status|p1a: Alakazam|slp|[from] move: Lovely Kiss\n|\n|upkeep\n|turn|2\n|\n|t:|1769917131\n|switch|p1a: Chansey|Chansey|100/100\n|move|p2a: 3d(video proof|Blizzard|p1a: Chansey\n|-damage|p1a: Chansey|82/100\n|-status|p1a: Chansey|frz\n|\n|upkeep\n|turn|3\n|\n|t:|1769917158\n|switch|p1a: Starmie|Starmie|100/100\n|switch|p2a: 3d(video proof)|Chansey|100/100\n|\n|upkeep\n|turn|4\n|\n|t:|1769917165\n|switch|p1a: Alakazam|Alakazam|100/100 slp\n|move|p2a: 3d(video proof)|Thunder Wave|p1a: Alakazam\n|-fail|p1a: Alakazam\n|\n|upkeep\n|turn|5\n|\n|t:|1769917170\n|switch|p1a: Snorlax|Snorlax|100/100\n|switch|p2a: Snorlax|Snorlax|100/100\n|\n|upkeep\n|turn|6\n|\n|t:|1769917175\n|move|p1a: Snorlax|Reflect|p1a: Snorlax\n|-start|p1a: Snorlax|Reflect\n|move|p2a: Snorlax|Body Slam|p1a: Snorlax\n|-damage|p1a: Snorlax|88/100\n|\n|upkeep\n|turn|7\n|\n|t:|1769917180\n|move|p1a: Snorlax|Body Slam|p2a: Snorlax\n|-crit|p2a: Snorlax\n|-damage|p2a: Snorlax|52/100\n|move|p2a: Snorlax|Reflect|p2a: Snorlax\n|-start|p2a: Snorlax|Reflect\n|\n|upkeep\n|turn|8\n|\n|t:|1769917186\n|move|p2a: Snorlax|Body Slam|p1a: Snorlax\n|-damage|p1a: Snorlax|75/100\n|move|p1a: Snorlax|Body Slam|p2a: Snorlax\n|-damage|p2a: Snorlax|38/100\n|\n|upkeep\n|turn|9\n|\n|t:|1769917189\n|move|p2a: Snorlax|Rest|p2a: Snorlax\n|-status|p2a: Snorlax|slp|[from] move: Rest\n|-heal|p2a: Snorlax|100/100 slp|[silent]\n|move|p1a: Snorlax|Body Slam|p2a: Snorlax\n|-damage|p2a: Snorlax|86/100 slp\n|\n|upkeep\n|turn|10\n|\n|t:|1769917195\n|switch|p1a: Exeggutor|Exeggutor|100/100\n|cant|p2a: Snorlax|slp\n|\n|upkeep\n|turn|11\n|\n|t:|1769917200\n|move|p1a: Exeggutor|Psychic|p2a: Snorlax\n|-damage|p2a: Snorlax|54/100 slp\n|-unboost|p2a: Snorlax|spa|1\n|-unboost|p2a: Snorlax|spd|1\n|-curestatus|p2a: Snorlax|slp|[msg]\n|\n|upkeep\n|turn|12\n|\n|t:|1769917209\n|move|p1a: Exeggutor|Psychic|p2a: Snorlax\n|-damage|p2a: Snorlax|8/100\n|move|p2a: Snorlax|Rest|p2a: Snorlax\n|-status|p2a: Snorlax|slp|[from] move: Rest\n|-heal|p2a: Snorlax|100/100 slp|[silent]\n|\n|upkeep\n|turn|13\n|\n|t:|1769917214\n|switch|p2a: 3d(video proof|Jynx|100/100 par\n|move|p1a: Exeggutor|Psychic|p2a: 3d(video proof\n|-resisted|p2a: 3d(video proof\n|-damage|p2a: 3d(video proof|81/100 par\n|-unboost|p2a: 3d(video proof|spa|1\n|-unboost|p2a: 3d(video proof|spd|1\n|\n|upkeep\n|turn|14\n|inactive|Girls See Ghosts has 270 seconds left.\n|inactive|Girls See Ghosts has 240 seconds left.\n|\n|t:|1769917277\n|switch|p1a: Starmie|Starmie|100/100\n|move|p2a: 3d(video proof|Blizzard|p1a: Starmie\n|-resisted|p1a: Starmie\n|-damage|p1a: Starmie|87/100\n|\n|upkeep\n|turn|15\n|inactive|Girls See Ghosts has 240 seconds left.\n|\n|t:|1769917288\n|switch|p1a: Snorlax|Snorlax|75/100\n|switch|p2a: 3d(video proof)|Chansey|100/100\n|\n|upkeep\n|turn|16\n|\n|t:|1769917296\n|move|p2a: 3d(video proof)|Thunder Wave|p1a: Snorlax\n|-status|p1a: Snorlax|par\n|move|p1a: Snorlax|Body Slam|p2a: 3d(video proof)\n|-damage|p2a: 3d(video proof)|57/100\n|\n|upkeep\n|turn|17\n|\n|t:|1769917301\n|move|p2a: 3d(video proof)|Soft-Boiled|p2a: 3d(video proof)\n|-heal|p2a: 3d(video proof)|100/100\n|move|p1a: Snorlax|Self-Destruct|p2a: 3d(video proof)\n|-damage|p2a: 3d(video proof)|0 fnt\n|faint|p2a: 3d(video proof)\n|faint|p1a: Snorlax\n|\n|t:|1769917321\n|switch|p2a: Starmie|Starmie|100/100\n|switch|p1a: Exeggutor|Exeggutor|100/100\n|turn|18\n|\n|t:|1769917332\n|switch|p2a: 3d(video proof|Jynx|81/100 par\n|move|p1a: Exeggutor|Sleep Powder|p2a: 3d(video proof\n|-fail|p2a: 3d(video proof\n|\n|upkeep\n|turn|19\n|\n|t:|1769917338\n|switch|p1a: Starmie|Starmie|87/100\n|switch|p2a: Starmie|Starmie|100/100\n|\n|upkeep\n|turn|20\n|\n|t:|1769917348\n|move|p1a: Starmie|Thunderbolt|p2a: Starmie\n|-supereffective|p2a: Starmie\n|-damage|p2a: Starmie|53/100\n|move|p2a: Starmie|Thunder Wave|p1a: Starmie\n|-status|p1a: Starmie|par\n|\n|upkeep\n|turn|21\n|inactive|Girls See Ghosts has 270 seconds left.\n|\n|t:|1769917373\n|switch|p2a: Snorlax|Snorlax|100/100 slp\n|move|p1a: Starmie|Thunderbolt|p2a: Snorlax\n|-damage|p2a: Snorlax|81/100 slp\n|\n|upkeep\n|turn|22\n|\n|t:|1769917379\n|cant|p2a: Snorlax|slp\n|cant|p1a: Starmie|par\n|\n|upkeep\n|turn|23\n|\n|t:|1769917386\n|switch|p1a: Exeggutor|Exeggutor|100/100\n|-curestatus|p2a: Snorlax|slp|[msg]\n|\n|upkeep\n|turn|24\n|\n|t:|1769917397\n|switch|p2a: 3d(video proof|Jynx|81/100 par\n|move|p1a: Exeggutor|Psychic|p2a: 3d(video proof\n|-resisted|p2a: 3d(video proof\n|-damage|p2a: 3d(video proof|61/100 par\n|\n|upkeep\n|turn|25\n|\n|t:|1769917426\n|switch|p1a: Starmie|Starmie|87/100 par\n|move|p2a: 3d(video proof|Blizzard|p1a: Starmie\n|-crit|p1a: Starmie\n|-resisted|p1a: Starmie\n|-damage|p1a: Starmie|42/100 par\n|\n|upkeep\n|turn|26\n|\n|t:|1769917431\n|switch|p2a: Snorlax|Snorlax|81/100\n|move|p1a: Starmie|Recover|p1a: Starmie\n|-heal|p1a: Starmie|92/100 par\n|\n|upkeep\n|turn|27\n|inactive|Girls See Ghosts has 270 seconds left.\n|\n|t:|1769917483\n|switch|p1a: Chansey|Chansey|82/100 frz\n|move|p2a: Snorlax|Body Slam|p1a: Chansey\n|-damage|p1a: Chansey|43/100 frz\n|\n|upkeep\n|turn|28\n|\n|t:|1769917496\n|cant|p1a: Chansey|frz\n|move|p2a: Snorlax|Body Slam|p1a: Chansey\n|-damage|p1a: Chansey|5/100 frz\n|\n|upkeep\n|turn|29\n|\n|t:|1769917508\n|switch|p2a: Starmie|Starmie|53/100\n|cant|p1a: Chansey|frz\n|\n|upkeep\n|turn|30\n|\n|t:|1769917517\n|switch|p1a: Starmie|Starmie|92/100 par\n|move|p2a: Starmie|Recover|p2a: Starmie\n|-heal|p2a: Starmie|100/100\n|\n|upkeep\n|turn|31\n|\n|t:|1769917530\n|switch|p2a: Exeggutor|Exeggutor|100/100\n|move|p1a: Starmie|Thunderbolt|p2a: Exeggutor\n|-resisted|p2a: Exeggutor\n|-damage|p2a: Exeggutor|93/100\n|-status|p2a: Exeggutor|par\n|\n|upkeep\n|turn|32\n|\n|t:|1769917541\n|cant|p1a: Starmie|par\n|move|p2a: Exeggutor|Psychic|p1a: Starmie\n|-resisted|p1a: Starmie\n|-damage|p1a: Starmie|72/100 par\n|\n|upkeep\n|turn|33\n|\n|t:|1769917550\n|move|p1a: Starmie|Recover|p1a: Starmie\n|-heal|p1a: Starmie|100/100 par\n|move|p2a: Exeggutor|Psychic|p1a: Starmie\n|-resisted|p1a: Starmie\n|-damage|p1a: Starmie|82/100 par\n|\n|upkeep\n|turn|34\n|\n|t:|1769917554\n|move|p1a: Starmie|Psychic|p2a: Exeggutor\n|-crit|p2a: Exeggutor\n|-resisted|p2a: Exeggutor\n|-damage|p2a: Exeggutor|69/100 par\n|-unboost|p2a: Exeggutor|spa|1\n|-unboost|p2a: Exeggutor|spd|1\n|cant|p2a: Exeggutor|par\n|\n|upkeep\n|turn|35\n|\n|t:|1769917563\n|cant|p1a: Starmie|par\n|move|p2a: Exeggutor|Explosion|p1a: Starmie\n|-damage|p1a: Starmie|0 fnt\n|faint|p1a: Starmie\n|faint|p2a: Exeggutor\n|\n|t:|1769917580\n|switch|p1a: Exeggutor|Exeggutor|100/100\n|switch|p2a: 3d(video proof|Jynx|61/100 par\n|turn|36\n|\n|t:|1769917603\n|switch|p1a: Chansey|Chansey|5/100 frz\n|move|p2a: 3d(video proof|Blizzard|p1a: Chansey\n|-damage|p1a: Chansey|0 fnt\n|faint|p1a: Chansey\n|\n|t:|1769917605\n|switch|p1a: Tauros|Tauros|100/100\n|turn|37\n|inactive|Girls See Ghosts has 270 seconds left.\n|inactive|Isza has 270 seconds left.\n|inactive|Girls See Ghosts has 240 seconds left.\n|inactive|Isza has 240 seconds left.\n|inactive|Girls See Ghosts has 210 seconds left.\n|inactive|Isza has 210 seconds left.\n|\n|t:|1769917708\n|switch|p1a: Exeggutor|Exeggutor|100/100\n|switch|p2a: Starmie|Starmie|100/100\n|\n|upkeep\n|turn|38\n|\n|t:|1769917715\n|move|p2a: Starmie|Blizzard|p1a: Exeggutor|[miss]\n|-miss|p2a: Starmie\n|move|p1a: Exeggutor|Psychic|p2a: Starmie\n|-crit|p2a: Starmie\n|-resisted|p2a: Starmie\n|-damage|p2a: Starmie|62/100\n|\n|upkeep\n|turn|39\n|inactive|Girls See Ghosts has 210 seconds left.\n|\n|t:|1769917720\n|move|p2a: Starmie|Thunder Wave|p1a: Exeggutor\n|-status|p1a: Exeggutor|par\n|cant|p1a: Exeggutor|par\n|\n|upkeep\n|turn|40\n|\n|t:|1769917725\n|move|p2a: Starmie|Blizzard|p1a: Exeggutor|[miss]\n|-miss|p2a: Starmie\n|cant|p1a: Exeggutor|par\n|\n|upkeep\n|turn|41\n|\n|t:|1769917728\n|switch|p2a: 3d(video proof|Jynx|61/100 par\n|move|p1a: Exeggutor|Sleep Powder|p2a: 3d(video proof\n|-fail|p2a: 3d(video proof\n|\n|upkeep\n|turn|42\n|\n|t:|1769917738\n|switch|p1a: Alakazam|Alakazam|100/100 slp\n|move|p2a: 3d(video proof|Blizzard|p1a: Alakazam\n|-damage|p1a: Alakazam|64/100 slp\n|\n|upkeep\n|turn|43\n|\n|t:|1769917743\n|switch|p2a: Snorlax|Snorlax|81/100\n|-curestatus|p1a: Alakazam|slp|[msg]\n|\n|upkeep\n|turn|44\n|inactive|Girls See Ghosts has 240 seconds left.\n|\n|t:|1769917759\n|move|p1a: Alakazam|Thunder Wave|p2a: Snorlax\n|-status|p2a: Snorlax|par\n|move|p2a: Snorlax|Hyper Beam|p1a: Alakazam\n|-damage|p1a: Alakazam|0 fnt\n|faint|p1a: Alakazam\n|\n|t:|1769917764\n|switch|p1a: Exeggutor|Exeggutor|100/100 par\n|turn|45\n|inactive|Isza has 270 seconds left.\n|\n|t:|1769917772\n|cant|p1a: Exeggutor|par\n|move|p2a: Snorlax|Body Slam|p1a: Exeggutor\n|-damage|p1a: Exeggutor|69/100 par\n|\n|upkeep\n|turn|46\n|\n|t:|1769917775\n|switch|p2a: 3d(video proof|Jynx|61/100 par\n|move|p1a: Exeggutor|Psychic|p2a: 3d(video proof\n|-resisted|p2a: 3d(video proof\n|-damage|p2a: 3d(video proof|41/100 par\n|-unboost|p2a: 3d(video proof|spa|1\n|-unboost|p2a: 3d(video proof|spd|1\n|\n|upkeep\n|turn|47\n|\n|t:|1769917779\n|move|p1a: Exeggutor|Hyper Beam|p2a: 3d(video proof\n|-damage|p2a: 3d(video proof|0 fnt\n|faint|p2a: 3d(video proof\n|\n|t:|1769917789\n|switch|p2a: Snorlax|Snorlax|81/100 par\n|turn|48\n|\n|t:|1769917797\n|cant|p1a: Exeggutor|par\n|cant|p2a: Snorlax|par\n|\n|upkeep\n|turn|49\n|\n|t:|1769917799\n|cant|p1a: Exeggutor|par\n|move|p2a: Snorlax|Body Slam|p1a: Exeggutor\n|-damage|p1a: Exeggutor|38/100 par\n|\n|upkeep\n|turn|50\n|\n|t:|1769917802\n|move|p1a: Exeggutor|Psychic|p2a: Snorlax\n|-damage|p2a: Snorlax|52/100 par\n|cant|p2a: Snorlax|par\n|\n|upkeep\n|turn|51\n|\n|t:|1769917810\n|move|p1a: Exeggutor|Psychic|p2a: Snorlax\n|-crit|p2a: Snorlax\n|-damage|p2a: Snorlax|0 fnt\n|faint|p2a: Snorlax\n|\n|t:|1769917817\n|switch|p2a: Tauros|Tauros|100/100\n|turn|52\n|inactive|Girls See Ghosts has 270 seconds left.\n|inactive|Girls See Ghosts has 240 seconds left.\n|\n|t:|1769917901\n|move|p2a: Tauros|Hyper Beam|p1a: Exeggutor\n|-damage|p1a: Exeggutor|0 fnt\n|faint|p1a: Exeggutor\n|\n|t:|1769917903\n|switch|p1a: Tauros|Tauros|100/100\n|turn|53\n|\n|t:|1769917906\n|move|p2a: Tauros|Body Slam|p1a: Tauros\n|-crit|p1a: Tauros\n|-damage|p1a: Tauros|42/100\n|move|p1a: Tauros|Blizzard|p2a: Tauros\n|-crit|p2a: Tauros\n|-damage|p2a: Tauros|48/100\n|\n|upkeep\n|turn|54\n|inactive|Girls See Ghosts has 240 seconds left.\n|\n|t:|1769917914\n|move|p2a: Tauros|Hyper Beam|p1a: Tauros\n|-crit|p1a: Tauros\n|-damage|p1a: Tauros|0 fnt\n|faint|p1a: Tauros\n|\n|win|Isza\n|c|☆Girls See Ghosts|gg\n|c|☆Isza|ggs\n|player|p1|\n","uploadtime":1769917914,"views":"1368","formatid":"gen1ou","rating":null,"private":0,"password":null}