{"id":"smogtours-gen1ou-958797","format":"[Gen 1] OU","players":["shiloh","Amaranth"],"log":"|inactive|Battle timer is ON: inactive players will automatically lose when time's up.\n|t:|1784997072\n|gametype|singles\n|player|p1|shiloh|#wcop2019uswest|\n|player|p2|Amaranth|#amaranth|\n|gen|1\n|tier|[Gen 1] OU\n|rule|Desync Clause Mod: Desyncs resolve to link battle behavior from the acting player's perspective.\n|rule|HP Percentage Mod: HP is shown in percentages\n|rule|Endless Battle Clause: Forcing endless battles is banned\n|rule|Sleep Clause Mod: Limit one foe put to sleep\n|rule|Freeze Clause Mod: Limit one foe frozen\n|rule|Species Clause: Limit one of each Pokémon\n|rule|OHKO Clause: OHKO moves are banned\n|rule|Evasion Moves Clause: Evasion moves are banned\n|\n|t:|1784997072\n|teamsize|p1|6\n|teamsize|p2|6\n|start\n|switch|p1a: Jynx|Jynx|100/100\n|switch|p2a: Jynx|Jynx|100/100\n|turn|1\n|inactive|shiloh also wants the timer to be on.\n|c|☆Amaranth|glhf\n|\n|t:|1784997078\n|move|p1a: Jynx|Lovely Kiss|p2a: Jynx\n|-status|p2a: Jynx|slp|[from] move: Lovely Kiss\n|cant|p2a: Jynx|slp\n|\n|upkeep\n|turn|2\n|\n|t:|1784997090\n|switch|p1a: Tauros|Tauros|100/100\n|switch|p2a: Alakazam|Alakazam|100/100\n|\n|upkeep\n|turn|3\n|\n|t:|1784997094\n|switch|p1a: Chansey|Chansey|100/100\n|move|p2a: Alakazam|Thunder Wave|p1a: Chansey\n|-status|p1a: Chansey|par\n|\n|upkeep\n|turn|4\n|\n|t:|1784997101\n|switch|p2a: Jynx|Jynx|100/100 slp\n|move|p1a: Chansey|Ice Beam|p2a: Jynx\n|-crit|p2a: Jynx\n|-resisted|p2a: Jynx\n|-damage|p2a: Jynx|77/100 slp\n|\n|upkeep\n|turn|5\n|\n|t:|1784997108\n|switch|p2a: Snorlax|Snorlax|100/100\n|move|p1a: Chansey|Thunder Wave|p2a: Snorlax\n|-status|p2a: Snorlax|par\n|\n|upkeep\n|turn|6\n|\n|t:|1784997112\n|switch|p1a: Snorlax|Snorlax|100/100\n|cant|p2a: Snorlax|par\n|\n|upkeep\n|turn|7\n|\n|t:|1784997125\n|move|p1a: Snorlax|Body Slam|p2a: Snorlax\n|-damage|p2a: Snorlax|73/100 par\n|move|p2a: Snorlax|Body Slam|p1a: Snorlax\n|-damage|p1a: Snorlax|73/100\n|\n|upkeep\n|turn|8\n|\n|t:|1784997136\n|move|p1a: Snorlax|Body Slam|p2a: Snorlax\n|-crit|p2a: Snorlax\n|-damage|p2a: Snorlax|18/100 par\n|move|p2a: Snorlax|Self-Destruct|p1a: Snorlax\n|-damage|p1a: Snorlax|0 fnt\n|faint|p1a: Snorlax\n|faint|p2a: Snorlax\n|\n|t:|1784997149\n|switch|p1a: Tauros|Tauros|100/100\n|switch|p2a: Zapdos|Zapdos|100/100\n|turn|9\n|\n|t:|1784997164\n|switch|p1a: Rhydon|Rhydon|100/100\n|move|p2a: Zapdos|Thunderbolt|p1a: Rhydon\n|-immune|p1a: Rhydon\n|\n|upkeep\n|turn|10\n|\n|t:|1784997167\n|switch|p2a: Cloyster|Cloyster|100/100\n|move|p1a: Rhydon|Body Slam|p2a: Cloyster\n|-damage|p2a: Cloyster|82/100\n|-status|p2a: Cloyster|par\n|\n|upkeep\n|turn|11\n|\n|t:|1784997171\n|switch|p1a: Starmie|Starmie|100/100\n|move|p2a: Cloyster|Blizzard|p1a: Starmie|[miss]\n|-miss|p2a: Cloyster\n|\n|upkeep\n|turn|12\n|\n|t:|1784997180\n|switch|p2a: Alakazam|Alakazam|100/100\n|move|p1a: Starmie|Thunder Wave|p2a: Alakazam\n|-status|p2a: Alakazam|par\n|\n|upkeep\n|turn|13\n|\n|t:|1784997185\n|switch|p1a: Chansey|Chansey|100/100 par\n|move|p2a: Alakazam|Psychic|p1a: Chansey\n|-crit|p1a: Chansey\n|-damage|p1a: Chansey|67/100 par\n|\n|upkeep\n|turn|14\n|\n|t:|1784997191\n|switch|p2a: Zapdos|Zapdos|100/100\n|cant|p1a: Chansey|par\n|\n|upkeep\n|turn|15\n|\n|t:|1784997198\n|switch|p1a: Rhydon|Rhydon|100/100\n|move|p2a: Zapdos|Drill Peck|p1a: Rhydon\n|-resisted|p1a: Rhydon\n|-damage|p1a: Rhydon|91/100\n|\n|upkeep\n|turn|16\n|\n|t:|1784997204\n|switch|p2a: Jynx|Jynx|77/100 slp\n|move|p1a: Rhydon|Earthquake|p2a: Jynx\n|-damage|p2a: Jynx|1/100 slp\n|\n|upkeep\n|turn|17\n|\n|t:|1784997211\n|cant|p2a: Jynx|slp\n|move|p1a: Rhydon|Earthquake|p2a: Jynx\n|-damage|p2a: Jynx|0 fnt\n|faint|p2a: Jynx\n|\n|t:|1784997213\n|switch|p2a: Tauros|Tauros|100/100\n|turn|18\n|\n|t:|1784997225\n|switch|p1a: Tauros|Tauros|100/100\n|move|p2a: Tauros|Blizzard|p1a: Tauros\n|-damage|p1a: Tauros|72/100\n|\n|upkeep\n|turn|19\n|\n|t:|1784997239\n|move|p2a: Tauros|Body Slam|p1a: Tauros\n|-damage|p1a: Tauros|41/100\n|move|p1a: Tauros|Body Slam|p2a: Tauros\n|-crit|p2a: Tauros\n|-damage|p2a: Tauros|44/100\n|\n|upkeep\n|turn|20\n|\n|t:|1784997245\n|move|p2a: Tauros|Hyper Beam|p1a: Tauros\n|-damage|p1a: Tauros|0 fnt\n|faint|p1a: Tauros\n|\n|t:|1784997248\n|switch|p1a: Starmie|Starmie|100/100\n|turn|21\n|\n|t:|1784997268\n|move|p1a: Starmie|Psychic|p2a: Tauros\n|-damage|p2a: Tauros|4/100\n|move|p2a: Tauros|Blizzard|p1a: Starmie\n|-resisted|p1a: Starmie\n|-damage|p1a: Starmie|88/100\n|\n|upkeep\n|turn|22\n|\n|t:|1784997273\n|switch|p2a: Alakazam|Alakazam|100/100 par\n|move|p1a: Starmie|Psychic|p2a: Alakazam\n|-crit|p2a: Alakazam\n|-resisted|p2a: Alakazam\n|-damage|p2a: Alakazam|74/100 par\n|\n|upkeep\n|turn|23\n|\n|t:|1784997278\n|switch|p1a: Chansey|Chansey|67/100 par\n|move|p2a: Alakazam|Recover|p2a: Alakazam\n|-heal|p2a: Alakazam|100/100 par\n|\n|upkeep\n|turn|24\n|\n|t:|1784997285\n|cant|p2a: Alakazam|par\n|move|p1a: Chansey|Soft-Boiled|p1a: Chansey\n|-heal|p1a: Chansey|100/100 par\n|\n|upkeep\n|turn|25\n|\n|t:|1784997289\n|cant|p2a: Alakazam|par\n|move|p1a: Chansey|Thunderbolt|p2a: Alakazam\n|-damage|p2a: Alakazam|81/100 par\n|\n|upkeep\n|turn|26\n|\n|t:|1784997291\n|cant|p2a: Alakazam|par\n|move|p1a: Chansey|Thunderbolt|p2a: Alakazam\n|-damage|p2a: Alakazam|62/100 par\n|\n|upkeep\n|turn|27\n|\n|t:|1784997296\n|switch|p1a: Jynx|Jynx|100/100\n|cant|p2a: Alakazam|par\n|\n|upkeep\n|turn|28\n|\n|t:|1784997300\n|move|p1a: Jynx|Psychic|p2a: Alakazam\n|-resisted|p2a: Alakazam\n|-damage|p2a: Alakazam|48/100 par\n|-unboost|p2a: Alakazam|spa|1\n|-unboost|p2a: Alakazam|spd|1\n|cant|p2a: Alakazam|par\n|\n|upkeep\n|turn|29\n|\n|t:|1784997303\n|move|p1a: Jynx|Ice Beam|p2a: Alakazam\n|-damage|p2a: Alakazam|4/100 par\n|move|p2a: Alakazam|Recover|p2a: Alakazam\n|-heal|p2a: Alakazam|54/100 par\n|\n|upkeep\n|turn|30\n|\n|t:|1784997311\n|switch|p2a: Cloyster|Cloyster|82/100 par\n|move|p1a: Jynx|Ice Beam|p2a: Cloyster\n|-resisted|p2a: Cloyster\n|-damage|p2a: Cloyster|73/100 par\n|\n|upkeep\n|turn|31\n|\n|t:|1784997315\n|move|p1a: Jynx|Psychic|p2a: Cloyster\n|-damage|p2a: Cloyster|34/100 par\n|cant|p2a: Cloyster|par\n|\n|upkeep\n|turn|32\n|\n|t:|1784997323\n|switch|p2a: Alakazam|Alakazam|54/100 par\n|move|p1a: Jynx|Psychic|p2a: Alakazam\n|-resisted|p2a: Alakazam\n|-damage|p2a: Alakazam|42/100 par\n|-unboost|p2a: Alakazam|spa|1\n|-unboost|p2a: Alakazam|spd|1\n|\n|upkeep\n|turn|33\n|\n|t:|1784997343\n|move|p1a: Jynx|Ice Beam|p2a: Alakazam\n|-damage|p2a: Alakazam|0 fnt\n|faint|p2a: Alakazam\n|\n|t:|1784997345\n|switch|p2a: Tauros|Tauros|4/100\n|turn|34\n|\n|t:|1784997357\n|move|p2a: Tauros|Body Slam|p1a: Jynx\n|-damage|p1a: Jynx|48/100\n|move|p1a: Jynx|Psychic|p2a: Tauros\n|-damage|p2a: Tauros|0 fnt\n|faint|p2a: Tauros\n|-message|Amaranth forfeited.\n|\n|win|shiloh\n|c|☆Amaranth|gg\n|c|☆shiloh|gg\n|player|p2|\n|player|p1|\n","uploadtime":1784997361,"views":"96","formatid":"gen1ou","rating":null,"private":0,"password":null}