{"id":"smogtours-gen1ou-966114","format":"[Gen 1] OU","players":["oligen1","wooooo rby"],"log":"|inactive|Battle timer is ON: inactive players will automatically lose when time's up.\n|t:|1787513645\n|gametype|singles\n|player|p1|oligen1|blue-gen1rbtwo|\n|player|p2|wooooo rby|lucas|\n|gen|1\n|tier|[Gen 1] OU\n|rule|Desync Clause Mod: Desyncs resolve to link battle behavior from the acting player's perspective.\n|rule|HP Percentage Mod: HP is shown in percentages\n|rule|Endless Battle Clause: Forcing endless battles is banned\n|rule|Sleep Clause Mod: Limit one foe put to sleep\n|rule|Freeze Clause Mod: Limit one foe frozen\n|rule|Species Clause: Limit one of each Pokémon\n|rule|OHKO Clause: OHKO moves are banned\n|rule|Evasion Moves Clause: Evasion moves are banned\n|\n|t:|1787513645\n|teamsize|p1|6\n|teamsize|p2|6\n|start\n|switch|p1a: Zapdos|Zapdos|100/100\n|switch|p2a: Jolteon|Jolteon|100/100\n|turn|1\n|inactive|oligen1 also wants the timer to be on.\n|c|☆wooooo rby|hf\n|c|☆oligen1|Enjoy :-)\n|\n|t:|1787513674\n|move|p2a: Jolteon|Thunder Wave|p1a: Zapdos\n|-status|p1a: Zapdos|par\n|move|p1a: Zapdos|Thunder Wave|p2a: Jolteon\n|-status|p2a: Jolteon|par\n|\n|upkeep\n|turn|2\n|\n|t:|1787513683\n|move|p2a: Jolteon|Thunderbolt|p1a: Zapdos\n|-damage|p1a: Zapdos|73/100 par\n|move|p1a: Zapdos|Thunderbolt|p2a: Jolteon\n|-resisted|p2a: Jolteon\n|-damage|p2a: Jolteon|83/100 par\n|\n|upkeep\n|turn|3\n|\n|t:|1787513689\n|switch|p1a: Exeggutor|Exeggutor|100/100\n|move|p2a: Jolteon|Thunderbolt|p1a: Exeggutor\n|-resisted|p1a: Exeggutor\n|-damage|p1a: Exeggutor|88/100\n|\n|upkeep\n|turn|4\n|\n|t:|1787513697\n|switch|p2a: Exeggutor|Exeggutor|100/100\n|move|p1a: Exeggutor|Psychic|p2a: Exeggutor\n|-resisted|p2a: Exeggutor\n|-damage|p2a: Exeggutor|86/100\n|-unboost|p2a: Exeggutor|spa|1\n|-unboost|p2a: Exeggutor|spd|1\n|\n|upkeep\n|turn|5\n|\n|t:|1787513704\n|switch|p1a: Zapdos|Zapdos|73/100 par\n|move|p2a: Exeggutor|Sleep Powder|p1a: Zapdos\n|-fail|p1a: Zapdos\n|\n|upkeep\n|turn|6\n|\n|t:|1787513714\n|switch|p2a: Snorlax|Snorlax|100/100\n|move|p1a: Zapdos|Drill Peck|p2a: Snorlax\n|-damage|p2a: Snorlax|78/100\n|\n|upkeep\n|turn|7\n|\n|t:|1787513728\n|move|p2a: Snorlax|Body Slam|p1a: Zapdos\n|-crit|p1a: Zapdos\n|-damage|p1a: Zapdos|15/100 par\n|cant|p1a: Zapdos|par\n|\n|upkeep\n|turn|8\n|\n|t:|1787513737\n|switch|p1a: Snorlax|Snorlax|100/100\n|move|p2a: Snorlax|Body Slam|p1a: Snorlax\n|-damage|p1a: Snorlax|72/100\n|\n|upkeep\n|turn|9\n|\n|t:|1787513746\n|move|p1a: Snorlax|Reflect|p1a: Snorlax\n|-start|p1a: Snorlax|Reflect\n|move|p2a: Snorlax|Body Slam|p1a: Snorlax\n|-damage|p1a: Snorlax|59/100\n|\n|upkeep\n|turn|10\n|\n|t:|1787513754\n|move|p1a: Snorlax|Body Slam|p2a: Snorlax\n|-damage|p2a: Snorlax|49/100\n|move|p2a: Snorlax|Reflect|p2a: Snorlax\n|-start|p2a: Snorlax|Reflect\n|\n|upkeep\n|turn|11\n|\n|t:|1787513764\n|move|p2a: Snorlax|Body Slam|p1a: Snorlax\n|-damage|p1a: Snorlax|46/100\n|move|p1a: Snorlax|Body Slam|p2a: Snorlax\n|-damage|p2a: Snorlax|36/100\n|\n|upkeep\n|turn|12\n|\n|t:|1787513774\n|move|p1a: Snorlax|Rest|p1a: Snorlax\n|-status|p1a: Snorlax|slp|[from] move: Rest\n|-heal|p1a: Snorlax|100/100 slp|[silent]\n|move|p2a: Snorlax|Body Slam|p1a: Snorlax\n|-damage|p1a: Snorlax|87/100 slp\n|\n|upkeep\n|turn|13\n|\n|t:|1787513781\n|cant|p1a: Snorlax|slp\n|move|p2a: Snorlax|Rest|p2a: Snorlax\n|-status|p2a: Snorlax|slp|[from] move: Rest\n|-heal|p2a: Snorlax|100/100 slp|[silent]\n|\n|upkeep\n|turn|14\n|\n|t:|1787513791\n|-curestatus|p1a: Snorlax|slp|[msg]\n|cant|p2a: Snorlax|slp\n|\n|upkeep\n|turn|15\n|\n|t:|1787513795\n|switch|p1a: Exeggutor|Exeggutor|88/100\n|-curestatus|p2a: Snorlax|slp|[msg]\n|\n|upkeep\n|turn|16\n|\n|t:|1787513803\n|switch|p2a: Jolteon|Jolteon|83/100 par\n|move|p1a: Exeggutor|Sleep Powder|p2a: Jolteon\n|-fail|p2a: Jolteon\n|\n|upkeep\n|turn|17\n|\n|t:|1787513810\n|move|p1a: Exeggutor|Psychic|p2a: Jolteon\n|-damage|p2a: Jolteon|50/100 par\n|-unboost|p2a: Jolteon|spa|1\n|-unboost|p2a: Jolteon|spd|1\n|move|p2a: Jolteon|Thunder Wave|p1a: Exeggutor\n|-status|p1a: Exeggutor|par\n|\n|upkeep\n|turn|18\n|\n|t:|1787513822\n|switch|p2a: Exeggutor|Exeggutor|86/100\n|cant|p1a: Exeggutor|par\n|\n|upkeep\n|turn|19\n|\n|t:|1787513834\n|switch|p2a: Jolteon|Jolteon|50/100 par\n|cant|p1a: Exeggutor|par\n|\n|upkeep\n|turn|20\n|\n|t:|1787513839\n|switch|p1a: Snorlax|Snorlax|87/100\n|move|p2a: Jolteon|Pin Missile|p1a: Snorlax|[miss]\n|-miss|p2a: Jolteon\n|\n|upkeep\n|turn|21\n|\n|t:|1787513844\n|switch|p2a: Snorlax|Snorlax|100/100\n|move|p1a: Snorlax|Body Slam|p2a: Snorlax\n|-damage|p2a: Snorlax|74/100\n|\n|upkeep\n|turn|22\n|\n|t:|1787513850\n|move|p2a: Snorlax|Reflect|p2a: Snorlax\n|-start|p2a: Snorlax|Reflect\n|move|p1a: Snorlax|Body Slam|p2a: Snorlax\n|-damage|p2a: Snorlax|61/100\n|\n|upkeep\n|turn|23\n|\n|t:|1787513856\n|move|p2a: Snorlax|Body Slam|p1a: Snorlax\n|-damage|p1a: Snorlax|59/100\n|move|p1a: Snorlax|Reflect|p1a: Snorlax\n|-start|p1a: Snorlax|Reflect\n|\n|upkeep\n|turn|24\n|\n|t:|1787513864\n|move|p2a: Snorlax|Rest|p2a: Snorlax\n|-status|p2a: Snorlax|slp|[from] move: Rest\n|-heal|p2a: Snorlax|100/100 slp|[silent]\n|move|p1a: Snorlax|Body Slam|p2a: Snorlax\n|-damage|p2a: Snorlax|87/100 slp\n|\n|upkeep\n|turn|25\n|\n|t:|1787513871\n|cant|p2a: Snorlax|slp\n|move|p1a: Snorlax|Rest|p1a: Snorlax\n|-status|p1a: Snorlax|slp|[from] move: Rest\n|-heal|p1a: Snorlax|100/100 slp|[silent]\n|\n|upkeep\n|turn|26\n|\n|t:|1787513875\n|-curestatus|p2a: Snorlax|slp|[msg]\n|cant|p1a: Snorlax|slp\n|\n|upkeep\n|turn|27\n|\n|t:|1787513879\n|-curestatus|p1a: Snorlax|slp|[msg]\n|move|p2a: Snorlax|Body Slam|p1a: Snorlax\n|-damage|p1a: Snorlax|87/100\n|\n|upkeep\n|turn|28\n|\n|t:|1787513885\n|move|p2a: Snorlax|Body Slam|p1a: Snorlax\n|-damage|p1a: Snorlax|73/100\n|move|p1a: Snorlax|Body Slam|p2a: Snorlax\n|-damage|p2a: Snorlax|74/100\n|\n|upkeep\n|turn|29\n|\n|t:|1787513891\n|move|p2a: Snorlax|Body Slam|p1a: Snorlax\n|-damage|p1a: Snorlax|59/100\n|move|p1a: Snorlax|Body Slam|p2a: Snorlax\n|-damage|p2a: Snorlax|59/100\n|\n|upkeep\n|turn|30\n|\n|t:|1787513898\n|move|p2a: Snorlax|Body Slam|p1a: Snorlax\n|-damage|p1a: Snorlax|46/100\n|move|p1a: Snorlax|Body Slam|p2a: Snorlax\n|-damage|p2a: Snorlax|46/100\n|\n|upkeep\n|turn|31\n|\n|t:|1787513904\n|move|p1a: Snorlax|Body Slam|p2a: Snorlax\n|-damage|p2a: Snorlax|31/100\n|move|p2a: Snorlax|Rest|p2a: Snorlax\n|-status|p2a: Snorlax|slp|[from] move: Rest\n|-heal|p2a: Snorlax|100/100 slp|[silent]\n|\n|upkeep\n|turn|32\n|\n|t:|1787513911\n|move|p1a: Snorlax|Rest|p1a: Snorlax\n|-status|p1a: Snorlax|slp|[from] move: Rest\n|-heal|p1a: Snorlax|100/100 slp|[silent]\n|cant|p2a: Snorlax|slp\n|\n|upkeep\n|turn|33\n|\n|t:|1787513917\n|cant|p1a: Snorlax|slp\n|-curestatus|p2a: Snorlax|slp|[msg]\n|\n|upkeep\n|turn|34\n|\n|t:|1787513921\n|-curestatus|p1a: Snorlax|slp|[msg]\n|move|p2a: Snorlax|Body Slam|p1a: Snorlax\n|-damage|p1a: Snorlax|86/100\n|\n|upkeep\n|turn|35\n|\n|t:|1787513931\n|move|p2a: Snorlax|Body Slam|p1a: Snorlax\n|-damage|p1a: Snorlax|72/100\n|move|p1a: Snorlax|Body Slam|p2a: Snorlax\n|-damage|p2a: Snorlax|87/100\n|\n|upkeep\n|turn|36\n|\n|t:|1787513937\n|move|p2a: Snorlax|Body Slam|p1a: Snorlax\n|-damage|p1a: Snorlax|58/100\n|move|p1a: Snorlax|Rest|p1a: Snorlax\n|-status|p1a: Snorlax|slp|[from] move: Rest\n|-heal|p1a: Snorlax|100/100 slp|[silent]\n|\n|upkeep\n|turn|37\n|\n|t:|1787513944\n|switch|p2a: Exeggutor|Exeggutor|86/100\n|cant|p1a: Snorlax|slp\n|\n|upkeep\n|turn|38\n|\n|t:|1787513949\n|move|p2a: Exeggutor|Psychic|p1a: Snorlax\n|-damage|p1a: Snorlax|70/100 slp\n|-unboost|p1a: Snorlax|spa|1\n|-unboost|p1a: Snorlax|spd|1\n|-curestatus|p1a: Snorlax|slp|[msg]\n|\n|upkeep\n|turn|39\n|\n|t:|1787513959\n|switch|p1a: Starmie|Starmie|100/100\n|move|p2a: Exeggutor|Psychic|p1a: Starmie\n|-resisted|p1a: Starmie\n|-damage|p1a: Starmie|81/100\n|\n|upkeep\n|turn|40\n|\n|t:|1787513965\n|switch|p1a: Exeggutor|Exeggutor|88/100 par\n|move|p2a: Exeggutor|Sleep Powder|p1a: Exeggutor\n|-fail|p1a: Exeggutor\n|\n|upkeep\n|turn|41\n|\n|t:|1787513973\n|switch|p2a: Jolteon|Jolteon|50/100 par\n|move|p1a: Exeggutor|Sleep Powder|p2a: Jolteon\n|-fail|p2a: Jolteon\n|\n|upkeep\n|turn|42\n|\n|t:|1787513979\n|cant|p2a: Jolteon|par\n|cant|p1a: Exeggutor|par\n|\n|upkeep\n|turn|43\n|\n|t:|1787513983\n|switch|p1a: Snorlax|Snorlax|70/100\n|move|p2a: Jolteon|Thunderbolt|p1a: Snorlax\n|-damage|p1a: Snorlax|39/100\n|\n|upkeep\n|turn|44\n|\n|t:|1787513989\n|switch|p2a: Tauros|Tauros|100/100\n|move|p1a: Snorlax|Body Slam|p2a: Tauros\n|-damage|p2a: Tauros|68/100\n|\n|upkeep\n|turn|45\n|\n|t:|1787514010\n|move|p2a: Tauros|Body Slam|p1a: Snorlax\n|-damage|p1a: Snorlax|15/100\n|move|p1a: Snorlax|Self-Destruct|p2a: Tauros\n|-damage|p2a: Tauros|0 fnt\n|faint|p2a: Tauros\n|faint|p1a: Snorlax\n|inactive|oligen1 has 270 seconds left.\n|\n|t:|1787514037\n|switch|p2a: Snorlax|Snorlax|87/100\n|switch|p1a: Exeggutor|Exeggutor|88/100 par\n|turn|46\n|inactive|oligen1 has 240 seconds left.\n|\n|t:|1787514092\n|switch|p2a: Jolteon|Jolteon|50/100 par\n|move|p1a: Exeggutor|Sleep Powder|p2a: Jolteon\n|-fail|p2a: Jolteon\n|\n|upkeep\n|turn|47\n|\n|t:|1787514102\n|move|p2a: Jolteon|Pin Missile|p1a: Exeggutor\n|-supereffective|p1a: Exeggutor\n|-damage|p1a: Exeggutor|77/100 par\n|-damage|p1a: Exeggutor|65/100 par\n|-damage|p1a: Exeggutor|54/100 par\n|-hitcount|p1a: Exeggutor|3\n|move|p1a: Exeggutor|Psychic|p2a: Jolteon\n|-damage|p2a: Jolteon|12/100 par\n|\n|upkeep\n|turn|48\n|\n|t:|1787514114\n|switch|p1a: Zapdos|Zapdos|15/100 par\n|move|p2a: Jolteon|Thunderbolt|p1a: Zapdos\n|-damage|p1a: Zapdos|0 fnt\n|faint|p1a: Zapdos\n|\n|t:|1787514121\n|switch|p1a: Tauros|Tauros|100/100\n|turn|49\n|\n|t:|1787514127\n|move|p1a: Tauros|Body Slam|p2a: Jolteon\n|-damage|p2a: Jolteon|0 fnt\n|faint|p2a: Jolteon\n|\n|t:|1787514134\n|switch|p2a: Starmie|Starmie|100/100\n|turn|50\n|\n|t:|1787514139\n|switch|p1a: Chansey|Chansey|100/100\n|move|p2a: Starmie|Thunder Wave|p1a: Chansey\n|-status|p1a: Chansey|par\n|\n|upkeep\n|turn|51\n|inactive|oligen1 has 240 seconds left.\n|\n|t:|1787514175\n|switch|p2a: Snorlax|Snorlax|87/100\n|move|p1a: Chansey|Thunder Wave|p2a: Snorlax\n|-status|p2a: Snorlax|par\n|\n|upkeep\n|turn|52\n|\n|t:|1787514186\n|switch|p1a: Exeggutor|Exeggutor|54/100 par\n|cant|p2a: Snorlax|par\n|\n|upkeep\n|turn|53\n|\n|t:|1787514199\n|cant|p1a: Exeggutor|par\n|move|p2a: Snorlax|Body Slam|p1a: Exeggutor\n|-damage|p1a: Exeggutor|24/100 par\n|\n|upkeep\n|turn|54\n|\n|t:|1787514207\n|switch|p2a: Starmie|Starmie|100/100\n|move|p1a: Exeggutor|Rest|p1a: Exeggutor\n|-status|p1a: Exeggutor|slp|[from] move: Rest\n|-heal|p1a: Exeggutor|100/100 slp|[silent]\n|\n|upkeep\n|turn|55\n|\n|t:|1787514214\n|switch|p2a: Snorlax|Snorlax|87/100 par\n|switch|p1a: Chansey|Chansey|100/100 par\n|\n|upkeep\n|turn|56\n|inactive|oligen1 has 240 seconds left.\n|\n|t:|1787514221\n|cant|p2a: Snorlax|par\n|move|p1a: Chansey|Counter|p2a: Snorlax\n|-damage|p2a: Snorlax|42/100 par\n|\n|upkeep\n|turn|57\n|inactive|oligen1 has 240 seconds left.\n|\n|t:|1787514238\n|switch|p1a: Exeggutor|Exeggutor|100/100 slp\n|cant|p2a: Snorlax|par\n|\n|upkeep\n|turn|58\n|\n|t:|1787514243\n|move|p2a: Snorlax|Body Slam|p1a: Exeggutor\n|-damage|p1a: Exeggutor|70/100 slp\n|cant|p1a: Exeggutor|slp\n|\n|upkeep\n|turn|59\n|\n|t:|1787514248\n|cant|p2a: Snorlax|par\n|-curestatus|p1a: Exeggutor|slp|[msg]\n|\n|upkeep\n|turn|60\n|\n|t:|1787514256\n|move|p1a: Exeggutor|Psychic|p2a: Snorlax\n|-damage|p2a: Snorlax|11/100 par\n|move|p2a: Snorlax|Body Slam|p1a: Exeggutor\n|-damage|p1a: Exeggutor|38/100\n|-status|p1a: Exeggutor|par\n|\n|upkeep\n|turn|61\n|\n|t:|1787514264\n|switch|p2a: Starmie|Starmie|100/100\n|cant|p1a: Exeggutor|par\n|\n|upkeep\n|turn|62\n|\n|t:|1787514272\n|switch|p2a: Alakazam|Alakazam|100/100\n|switch|p1a: Chansey|Chansey|100/100 par\n|\n|upkeep\n|turn|63\n|inactive|oligen1 has 270 seconds left.\n|\n|t:|1787514284\n|move|p2a: Alakazam|Psychic|p1a: Chansey\n|-crit|p1a: Chansey\n|-damage|p1a: Chansey|66/100 par\n|move|p1a: Chansey|Thunder Wave|p2a: Alakazam\n|-status|p2a: Alakazam|par\n|\n|upkeep\n|turn|64\n|inactive|oligen1 has 270 seconds left.\n|\n|t:|1787514290\n|cant|p2a: Alakazam|par\n|move|p1a: Chansey|Soft-Boiled|p1a: Chansey\n|-heal|p1a: Chansey|100/100 par\n|\n|upkeep\n|turn|65\n|\n|t:|1787514297\n|cant|p2a: Alakazam|par\n|move|p1a: Chansey|Seismic Toss|p2a: Alakazam\n|-damage|p2a: Alakazam|69/100 par\n|\n|upkeep\n|turn|66\n|\n|t:|1787514302\n|cant|p2a: Alakazam|par\n|move|p1a: Chansey|Seismic Toss|p2a: Alakazam\n|-damage|p2a: Alakazam|37/100 par\n|\n|upkeep\n|turn|67\n|\n|t:|1787514310\n|switch|p1a: Exeggutor|Exeggutor|38/100 par\n|move|p2a: Alakazam|Recover|p2a: Alakazam\n|-heal|p2a: Alakazam|86/100 par\n|\n|upkeep\n|turn|68\n|\n|t:|1787514317\n|cant|p2a: Alakazam|par\n|move|p1a: Exeggutor|Rest|p1a: Exeggutor\n|-status|p1a: Exeggutor|slp|[from] move: Rest\n|-heal|p1a: Exeggutor|100/100 slp|[silent]\n|\n|upkeep\n|turn|69\n|\n|t:|1787514325\n|switch|p2a: Snorlax|Snorlax|11/100 par\n|cant|p1a: Exeggutor|slp\n|\n|upkeep\n|turn|70\n|\n|t:|1787514329\n|switch|p1a: Tauros|Tauros|100/100\n|move|p2a: Snorlax|Rest|p2a: Snorlax\n|-status|p2a: Snorlax|slp|[from] move: Rest\n|-heal|p2a: Snorlax|100/100 slp|[silent]\n|\n|upkeep\n|turn|71\n|\n|t:|1787514336\n|switch|p2a: Starmie|Starmie|100/100\n|move|p1a: Tauros|Body Slam|p2a: Starmie\n|-damage|p2a: Starmie|63/100\n|\n|upkeep\n|turn|72\n|\n|t:|1787514345\n|switch|p1a: Chansey|Chansey|100/100 par\n|move|p2a: Starmie|Recover|p2a: Starmie\n|-heal|p2a: Starmie|100/100\n|\n|upkeep\n|turn|73\n|\n|t:|1787514352\n|switch|p2a: Alakazam|Alakazam|86/100 par\n|switch|p1a: Exeggutor|Exeggutor|100/100 slp\n|\n|upkeep\n|turn|74\n|\n|t:|1787514357\n|-curestatus|p1a: Exeggutor|slp|[msg]\n|cant|p2a: Alakazam|par\n|\n|upkeep\n|turn|75\n|\n|t:|1787514367\n|switch|p1a: Chansey|Chansey|100/100 par\n|move|p2a: Alakazam|Thunder Wave|p1a: Chansey\n|-fail|p1a: Chansey|par\n|\n|upkeep\n|turn|76\n|\n|t:|1787514374\n|switch|p1a: Exeggutor|Exeggutor|100/100\n|cant|p2a: Alakazam|par\n|\n|upkeep\n|turn|77\n|\n|t:|1787514379\n|switch|p1a: Chansey|Chansey|100/100 par\n|cant|p2a: Alakazam|par\n|\n|upkeep\n|turn|78\n|\n|t:|1787514384\n|move|p2a: Alakazam|Psychic|p1a: Chansey\n|-damage|p1a: Chansey|81/100 par\n|cant|p1a: Chansey|par\n|\n|upkeep\n|turn|79\n|\n|t:|1787514389\n|move|p2a: Alakazam|Psychic|p1a: Chansey\n|-damage|p1a: Chansey|63/100 par\n|cant|p1a: Chansey|par\n|\n|upkeep\n|turn|80\n|\n|t:|1787514395\n|switch|p2a: Snorlax|Snorlax|100/100 slp\n|move|p1a: Chansey|Soft-Boiled|p1a: Chansey\n|-heal|p1a: Chansey|100/100 par\n|\n|upkeep\n|turn|81\n|\n|t:|1787514403\n|switch|p1a: Exeggutor|Exeggutor|100/100\n|cant|p2a: Snorlax|slp\n|\n|upkeep\n|turn|82\n|\n|t:|1787514410\n|switch|p2a: Alakazam|Alakazam|86/100 par\n|move|p1a: Exeggutor|Double-Edge|p2a: Alakazam\n|-damage|p2a: Alakazam|50/100 par\n|-damage|p1a: Exeggutor|93/100|[from] Recoil\n|\n|upkeep\n|turn|83\n|\n|t:|1787514419\n|move|p1a: Exeggutor|Double-Edge|p2a: Alakazam\n|-crit|p2a: Alakazam\n|-damage|p2a: Alakazam|0 fnt\n|-damage|p1a: Exeggutor|84/100|[from] Recoil\n|faint|p2a: Alakazam\n|\n|t:|1787514422\n|switch|p2a: Exeggutor|Exeggutor|86/100\n|turn|84\n|\n|t:|1787514428\n|switch|p1a: Chansey|Chansey|100/100 par\n|move|p2a: Exeggutor|Sleep Powder|p1a: Chansey\n|-fail|p1a: Chansey\n|\n|upkeep\n|turn|85\n|\n|t:|1787514435\n|move|p2a: Exeggutor|Psychic|p1a: Chansey\n|-damage|p1a: Chansey|83/100 par\n|move|p1a: Chansey|Seismic Toss|p2a: Exeggutor\n|-damage|p2a: Exeggutor|61/100\n|\n|upkeep\n|turn|86\n|\n|t:|1787514444\n|switch|p2a: Snorlax|Snorlax|100/100 slp\n|move|p1a: Chansey|Seismic Toss|p2a: Snorlax\n|-damage|p2a: Snorlax|81/100 slp\n|\n|upkeep\n|turn|87\n|\n|t:|1787514449\n|switch|p1a: Exeggutor|Exeggutor|84/100\n|-curestatus|p2a: Snorlax|slp|[msg]\n|\n|upkeep\n|turn|88\n|\n|t:|1787514454\n|switch|p2a: Exeggutor|Exeggutor|61/100\n|move|p1a: Exeggutor|Sleep Powder|p2a: Exeggutor|[miss]\n|-miss|p1a: Exeggutor\n|\n|upkeep\n|turn|89\n|\n|t:|1787514460\n|switch|p1a: Chansey|Chansey|83/100 par\n|move|p2a: Exeggutor|Sleep Powder|p1a: Chansey\n|-fail|p1a: Chansey\n|\n|upkeep\n|turn|90\n|\n|t:|1787514470\n|move|p2a: Exeggutor|Psychic|p1a: Chansey\n|-damage|p1a: Chansey|65/100 par\n|-unboost|p1a: Chansey|spa|1\n|-unboost|p1a: Chansey|spd|1\n|cant|p1a: Chansey|par\n|\n|upkeep\n|turn|91\n|\n|t:|1787514474\n|switch|p2a: Snorlax|Snorlax|81/100\n|move|p1a: Chansey|Soft-Boiled|p1a: Chansey\n|-heal|p1a: Chansey|100/100 par\n|\n|upkeep\n|turn|92\n|\n|t:|1787514489\n|switch|p2a: Exeggutor|Exeggutor|61/100\n|switch|p1a: Exeggutor|Exeggutor|84/100\n|\n|upkeep\n|turn|93\n|\n|t:|1787514496\n|switch|p1a: Chansey|Chansey|100/100 par\n|move|p2a: Exeggutor|Psychic|p1a: Chansey\n|-damage|p1a: Chansey|84/100 par\n|-unboost|p1a: Chansey|spa|1\n|-unboost|p1a: Chansey|spd|1\n|\n|upkeep\n|turn|94\n|\n|t:|1787514502\n|move|p2a: Exeggutor|Psychic|p1a: Chansey\n|-damage|p1a: Chansey|58/100 par\n|move|p1a: Chansey|Seismic Toss|p2a: Exeggutor\n|-damage|p2a: Exeggutor|35/100\n|\n|upkeep\n|turn|95\n|\n|t:|1787514510\n|move|p2a: Exeggutor|Psychic|p1a: Chansey\n|-damage|p1a: Chansey|31/100 par\n|move|p1a: Chansey|Soft-Boiled|p1a: Chansey\n|-heal|p1a: Chansey|81/100 par\n|\n|upkeep\n|turn|96\n|\n|t:|1787514526\n|move|p2a: Exeggutor|Psychic|p1a: Chansey\n|-damage|p1a: Chansey|55/100 par\n|move|p1a: Chansey|Soft-Boiled|p1a: Chansey\n|-heal|p1a: Chansey|100/100 par\n|\n|upkeep\n|turn|97\n|\n|t:|1787514532\n|move|p2a: Exeggutor|Psychic|p1a: Chansey\n|-crit|p1a: Chansey\n|-damage|p1a: Chansey|66/100 par\n|-unboost|p1a: Chansey|spa|1\n|-unboost|p1a: Chansey|spd|1\n|cant|p1a: Chansey|par\n|\n|upkeep\n|turn|98\n|\n|t:|1787514539\n|move|p2a: Exeggutor|Psychic|p1a: Chansey|[miss]\n|-miss|p2a: Exeggutor\n|-hint|In Gen 1, moves with 100% accuracy can still miss 1/256 of the time.\n|move|p1a: Chansey|Soft-Boiled|p1a: Chansey\n|-heal|p1a: Chansey|100/100 par\n|\n|upkeep\n|turn|99\n|\n|t:|1787514546\n|move|p2a: Exeggutor|Psychic|p1a: Chansey\n|-damage|p1a: Chansey|67/100 par\n|move|p1a: Chansey|Thunder Wave|p2a: Exeggutor\n|-status|p2a: Exeggutor|par\n|\n|upkeep\n|turn|100\n|\n|t:|1787514552\n|move|p2a: Exeggutor|Psychic|p1a: Chansey\n|-damage|p1a: Chansey|34/100 par\n|-unboost|p1a: Chansey|spa|1\n|-unboost|p1a: Chansey|spd|1\n|cant|p1a: Chansey|par\n|\n|upkeep\n|turn|101\n|\n|t:|1787514570\n|switch|p1a: Starmie|Starmie|81/100\n|cant|p2a: Exeggutor|par\n|\n|upkeep\n|turn|102\n|\n|t:|1787514576\n|switch|p2a: Starmie|Starmie|100/100\n|move|p1a: Starmie|Surf|p2a: Starmie\n|-resisted|p2a: Starmie\n|-damage|p2a: Starmie|83/100\n|\n|upkeep\n|turn|103\n|\n|t:|1787514597\n|switch|p1a: Chansey|Chansey|34/100 par\n|move|p2a: Starmie|Thunder Wave|p1a: Chansey\n|-fail|p1a: Chansey|par\n|\n|upkeep\n|turn|104\n|\n|t:|1787514603\n|move|p2a: Starmie|Surf|p1a: Chansey\n|-damage|p1a: Chansey|19/100 par\n|cant|p1a: Chansey|par\n|\n|upkeep\n|turn|105\n|\n|t:|1787514611\n|switch|p1a: Exeggutor|Exeggutor|84/100\n|move|p2a: Starmie|Surf|p1a: Exeggutor\n|-resisted|p1a: Exeggutor\n|-damage|p1a: Exeggutor|71/100\n|\n|upkeep\n|turn|106\n|\n|t:|1787514622\n|switch|p2a: Exeggutor|Exeggutor|35/100 par\n|move|p1a: Exeggutor|Psychic|p2a: Exeggutor\n|-resisted|p2a: Exeggutor\n|-damage|p2a: Exeggutor|22/100 par\n|\n|upkeep\n|turn|107\n|\n|t:|1787514647\n|switch|p1a: Chansey|Chansey|19/100 par\n|move|p2a: Exeggutor|Rest|p2a: Exeggutor\n|-status|p2a: Exeggutor|slp|[from] move: Rest\n|-heal|p2a: Exeggutor|100/100 slp|[silent]\n|\n|upkeep\n|turn|108\n|\n|t:|1787514655\n|switch|p2a: Snorlax|Snorlax|81/100\n|move|p1a: Chansey|Soft-Boiled|p1a: Chansey\n|-heal|p1a: Chansey|69/100 par\n|\n|upkeep\n|turn|109\n|inactive|oligen1 has 270 seconds left.\n|inactive|oligen1 has 240 seconds left.\n|\n|t:|1787514707\n|move|p2a: Snorlax|Hyper Beam|p1a: Chansey\n|-damage|p1a: Chansey|0 fnt\n|faint|p1a: Chansey\n|\n|t:|1787514711\n|switch|p1a: Exeggutor|Exeggutor|71/100\n|turn|110\n|\n|t:|1787514718\n|switch|p2a: Exeggutor|Exeggutor|100/100 slp\n|move|p1a: Exeggutor|Psychic|p2a: Exeggutor\n|-resisted|p2a: Exeggutor\n|-damage|p2a: Exeggutor|87/100 slp\n|\n|upkeep\n|turn|111\n|\n|t:|1787514724\n|cant|p2a: Exeggutor|slp\n|move|p1a: Exeggutor|Psychic|p2a: Exeggutor\n|-resisted|p2a: Exeggutor\n|-damage|p2a: Exeggutor|75/100 slp\n|-unboost|p2a: Exeggutor|spa|1\n|-unboost|p2a: Exeggutor|spd|1\n|\n|upkeep\n|turn|112\n|\n|t:|1787514736\n|-curestatus|p2a: Exeggutor|slp|[msg]\n|move|p1a: Exeggutor|Sleep Powder|p2a: Exeggutor|[miss]\n|-miss|p1a: Exeggutor\n|\n|upkeep\n|turn|113\n|\n|t:|1787514745\n|move|p2a: Exeggutor|Sleep Powder|p1a: Exeggutor\n|-status|p1a: Exeggutor|slp|[from] move: Sleep Powder\n|cant|p1a: Exeggutor|slp\n|\n|upkeep\n|turn|114\n|inactive|oligen1 has 270 seconds left.\n|\n|t:|1787514752\n|switch|p2a: Snorlax|Snorlax|81/100\n|cant|p1a: Exeggutor|slp\n|\n|upkeep\n|turn|115\n|\n|t:|1787514759\n|switch|p1a: Starmie|Starmie|81/100\n|move|p2a: Snorlax|Body Slam|p1a: Starmie\n|-damage|p1a: Starmie|45/100\n|\n|upkeep\n|turn|116\n|\n|t:|1787514767\n|move|p1a: Starmie|Recover|p1a: Starmie\n|-heal|p1a: Starmie|95/100\n|move|p2a: Snorlax|Body Slam|p1a: Starmie\n|-damage|p1a: Starmie|55/100\n|\n|upkeep\n|turn|117\n|\n|t:|1787514782\n|move|p1a: Starmie|Recover|p1a: Starmie\n|-heal|p1a: Starmie|100/100\n|move|p2a: Snorlax|Body Slam|p1a: Starmie\n|-damage|p1a: Starmie|63/100\n|\n|upkeep\n|turn|118\n|inactive|oligen1 has 270 seconds left.\n|\n|t:|1787514803\n|move|p1a: Starmie|Recover|p1a: Starmie\n|-heal|p1a: Starmie|100/100\n|move|p2a: Snorlax|Body Slam|p1a: Starmie\n|-damage|p1a: Starmie|62/100\n|\n|upkeep\n|turn|119\n|inactive|oligen1 has 270 seconds left.\n|\n|t:|1787514811\n|move|p1a: Starmie|Thunder Wave|p2a: Snorlax\n|-status|p2a: Snorlax|par\n|move|p2a: Snorlax|Body Slam|p1a: Starmie\n|-damage|p1a: Starmie|26/100\n|\n|upkeep\n|turn|120\n|\n|t:|1787514817\n|move|p1a: Starmie|Recover|p1a: Starmie\n|-heal|p1a: Starmie|76/100\n|cant|p2a: Snorlax|par\n|\n|upkeep\n|turn|121\n|\n|t:|1787514827\n|move|p1a: Starmie|Surf|p2a: Snorlax\n|-crit|p2a: Snorlax\n|-damage|p2a: Snorlax|30/100 par\n|cant|p2a: Snorlax|par\n|\n|upkeep\n|turn|122\n|\n|t:|1787514837\n|switch|p2a: Exeggutor|Exeggutor|75/100\n|move|p1a: Starmie|Recover|p1a: Starmie\n|-heal|p1a: Starmie|100/100\n|\n|upkeep\n|turn|123\n|\n|t:|1787514848\n|switch|p2a: Snorlax|Snorlax|30/100 par\n|move|p1a: Starmie|Thunder Wave|p2a: Snorlax\n|-fail|p2a: Snorlax|par\n|\n|upkeep\n|turn|124\n|\n|t:|1787514853\n|move|p1a: Starmie|Surf|p2a: Snorlax\n|-damage|p2a: Snorlax|2/100 par\n|move|p2a: Snorlax|Rest|p2a: Snorlax\n|-status|p2a: Snorlax|slp|[from] move: Rest\n|-heal|p2a: Snorlax|100/100 slp|[silent]\n|\n|upkeep\n|turn|125\n|\n|t:|1787514860\n|switch|p2a: Exeggutor|Exeggutor|75/100\n|move|p1a: Starmie|Surf|p2a: Exeggutor\n|-resisted|p2a: Exeggutor\n|-damage|p2a: Exeggutor|62/100\n|\n|upkeep\n|turn|126\n|\n|t:|1787514867\n|move|p1a: Starmie|Thunder Wave|p2a: Exeggutor\n|-status|p2a: Exeggutor|par\n|cant|p2a: Exeggutor|par\n|\n|upkeep\n|turn|127\n|\n|t:|1787514874\n|switch|p1a: Exeggutor|Exeggutor|71/100 slp\n|move|p2a: Exeggutor|Psychic|p1a: Exeggutor\n|-resisted|p1a: Exeggutor\n|-damage|p1a: Exeggutor|58/100 slp\n|-unboost|p1a: Exeggutor|spa|1\n|-unboost|p1a: Exeggutor|spd|1\n|\n|upkeep\n|turn|128\n|\n|t:|1787514881\n|switch|p1a: Starmie|Starmie|100/100\n|switch|p2a: Snorlax|Snorlax|100/100 slp\n|\n|upkeep\n|turn|129\n|\n|t:|1787514886\n|switch|p2a: Exeggutor|Exeggutor|62/100 par\n|move|p1a: Starmie|Surf|p2a: Exeggutor\n|-crit|p2a: Exeggutor\n|-resisted|p2a: Exeggutor\n|-damage|p2a: Exeggutor|40/100 par\n|\n|upkeep\n|turn|130\n|\n|t:|1787514895\n|switch|p1a: Exeggutor|Exeggutor|58/100 slp\n|cant|p2a: Exeggutor|par\n|\n|upkeep\n|turn|131\n|\n|t:|1787514900\n|cant|p1a: Exeggutor|slp\n|move|p2a: Exeggutor|Rest|p2a: Exeggutor\n|-status|p2a: Exeggutor|slp|[from] move: Rest\n|-heal|p2a: Exeggutor|100/100 slp|[silent]\n|\n|upkeep\n|turn|132\n|\n|t:|1787514907\n|switch|p2a: Snorlax|Snorlax|100/100 slp\n|cant|p1a: Exeggutor|slp\n|\n|upkeep\n|turn|133\n|\n|t:|1787514926\n|-curestatus|p1a: Exeggutor|slp|[msg]\n|cant|p2a: Snorlax|slp\n|\n|upkeep\n|turn|134\n|\n|t:|1787514933\n|switch|p2a: Exeggutor|Exeggutor|100/100 slp\n|move|p1a: Exeggutor|Psychic|p2a: Exeggutor\n|-resisted|p2a: Exeggutor\n|-damage|p2a: Exeggutor|88/100 slp\n|-unboost|p2a: Exeggutor|spa|1\n|-unboost|p2a: Exeggutor|spd|1\n|\n|upkeep\n|turn|135\n|\n|t:|1787514940\n|move|p1a: Exeggutor|Psychic|p2a: Exeggutor\n|-resisted|p2a: Exeggutor\n|-damage|p2a: Exeggutor|66/100 slp\n|-unboost|p2a: Exeggutor|spa|1\n|-unboost|p2a: Exeggutor|spd|1\n|cant|p2a: Exeggutor|slp\n|\n|upkeep\n|turn|136\n|\n|t:|1787514948\n|-curestatus|p2a: Exeggutor|slp|[msg]\n|move|p1a: Exeggutor|Sleep Powder|p2a: Exeggutor\n|-status|p2a: Exeggutor|slp|[from] move: Sleep Powder\n|\n|upkeep\n|turn|137\n|\n|t:|1787514955\n|switch|p2a: Starmie|Starmie|83/100\n|switch|p1a: Starmie|Starmie|100/100\n|\n|upkeep\n|turn|138\n|\n|t:|1787514961\n|move|p1a: Starmie|Thunder Wave|p2a: Starmie\n|-status|p2a: Starmie|par\n|cant|p2a: Starmie|par\n|\n|upkeep\n|turn|139\n|\n|t:|1787514979\n|move|p1a: Starmie|Thunderbolt|p2a: Starmie\n|-supereffective|p2a: Starmie\n|-damage|p2a: Starmie|34/100 par\n|move|p2a: Starmie|Thunder Wave|p1a: Starmie\n|-status|p1a: Starmie|par\n|\n|upkeep\n|turn|140\n|\n|t:|1787514985\n|switch|p2a: Snorlax|Snorlax|100/100 slp\n|cant|p1a: Starmie|par\n|\n|upkeep\n|turn|141\n|\n|t:|1787514992\n|-curestatus|p2a: Snorlax|slp|[msg]\n|move|p1a: Starmie|Thunder Wave|p2a: Snorlax\n|-status|p2a: Snorlax|par\n|\n|upkeep\n|turn|142\n|\n|t:|1787515000\n|switch|p2a: Exeggutor|Exeggutor|66/100 slp\n|move|p1a: Starmie|Surf|p2a: Exeggutor\n|-resisted|p2a: Exeggutor\n|-damage|p2a: Exeggutor|53/100 slp\n|\n|upkeep\n|turn|143\n|\n|t:|1787515006\n|switch|p2a: Snorlax|Snorlax|100/100 par\n|switch|p1a: Tauros|Tauros|100/100\n|\n|upkeep\n|turn|144\n|\n|t:|1787515017\n|move|p1a: Tauros|Body Slam|p2a: Snorlax\n|-damage|p2a: Snorlax|77/100 par\n|move|p2a: Snorlax|Body Slam|p1a: Tauros\n|-damage|p1a: Tauros|71/100\n|\n|upkeep\n|turn|145\n|\n|t:|1787515024\n|move|p1a: Tauros|Body Slam|p2a: Snorlax\n|-damage|p2a: Snorlax|54/100 par\n|cant|p2a: Snorlax|par\n|\n|upkeep\n|turn|146\n|\n|t:|1787515029\n|move|p1a: Tauros|Body Slam|p2a: Snorlax\n|-crit|p2a: Snorlax\n|-damage|p2a: Snorlax|4/100 par\n|move|p2a: Snorlax|Reflect|p2a: Snorlax\n|-start|p2a: Snorlax|Reflect\n|\n|upkeep\n|turn|147\n|\n|t:|1787515035\n|move|p1a: Tauros|Body Slam|p2a: Snorlax\n|-damage|p2a: Snorlax|0 fnt\n|faint|p2a: Snorlax\n|\n|t:|1787515037\n|switch|p2a: Starmie|Starmie|34/100 par\n|turn|148\n|\n|t:|1787515042\n|move|p1a: Tauros|Hyper Beam|p2a: Starmie\n|-damage|p2a: Starmie|0 fnt\n|faint|p2a: Starmie\n|c|☆wooooo rby|gg\n|\n|t:|1787515045\n|switch|p2a: Exeggutor|Exeggutor|53/100 slp\n|turn|149\n|c|☆oligen1|gg wp\n|\n|t:|1787515048\n|move|p1a: Tauros|Body Slam|p2a: Exeggutor\n|-damage|p2a: Exeggutor|26/100 slp\n|cant|p2a: Exeggutor|slp\n|\n|upkeep\n|turn|150\n|\n|t:|1787515053\n|move|p1a: Tauros|Body Slam|p2a: Exeggutor\n|-damage|p2a: Exeggutor|0 fnt\n|faint|p2a: Exeggutor\n|\n|win|oligen1\n","uploadtime":1787515053,"views":"109","formatid":"gen1ou","rating":null,"private":0,"password":null}