{"id":"smogtours-gen1ou-825296","format":"[Gen 1] OU","players":["Amaranth","Sceptross"],"log":"|inactive|Battle timer is ON: inactive players will automatically lose when time's up.\n|t:|1742141224\n|gametype|singles\n|player|p1|Amaranth|#amaranth|\n|player|p2|Sceptross|#splxvicryonicles|\n|teamsize|p1|6\n|teamsize|p2|6\n|gen|1\n|tier|[Gen 1] OU\n|rule|Desync Clause Mod: Desyncs changed to move failure.\n|rule|Sleep Clause Mod: Limit one foe put to sleep\n|rule|Freeze Clause Mod: Limit one foe frozen\n|rule|Species Clause: Limit one of each Pokémon\n|rule|OHKO Clause: OHKO moves are banned\n|rule|Evasion Moves Clause: Evasion moves are banned\n|rule|Endless Battle Clause: Forcing endless battles is banned\n|rule|HP Percentage Mod: HP is shown in percentages\n|\n|t:|1742141224\n|start\n|switch|p1a: Jynx|Jynx|100/100\n|switch|p2a: Gengar|Gengar|100/100\n|turn|1\n|c|☆Sceptross|gl hf\n|c|☆Amaranth|glhf\n|rated|Smogon Premier League\n|inactive|Sceptross has 270 seconds left.\n|\n|t:|1742141256\n|move|p2a: Gengar|Hypnosis|p1a: Jynx|[miss]\n|-miss|p2a: Gengar\n|move|p1a: Jynx|Lovely Kiss|p2a: Gengar\n|-status|p2a: Gengar|slp|[from] move: Lovely Kiss\n|\n|upkeep\n|turn|2\n|\n|t:|1742141265\n|switch|p2a: Starmie|Starmie|100/100\n|move|p1a: Jynx|Blizzard|p2a: Starmie\n|-resisted|p2a: Starmie\n|-damage|p2a: Starmie|78/100\n|\n|upkeep\n|turn|3\n|\n|t:|1742141271\n|move|p2a: Starmie|Thunder Wave|p1a: Jynx\n|-status|p1a: Jynx|par\n|cant|p1a: Jynx|par\n|\n|upkeep\n|turn|4\n|\n|t:|1742141278\n|move|p2a: Starmie|Psychic|p1a: Jynx\n|-resisted|p1a: Jynx\n|-damage|p1a: Jynx|85/100 par\n|move|p1a: Jynx|Blizzard|p2a: Starmie\n|-resisted|p2a: Starmie\n|-damage|p2a: Starmie|59/100\n|\n|upkeep\n|turn|5\n|\n|t:|1742141282\n|move|p2a: Starmie|Psychic|p1a: Jynx\n|-resisted|p1a: Jynx\n|-damage|p1a: Jynx|68/100 par\n|move|p1a: Jynx|Blizzard|p2a: Starmie\n|-crit|p2a: Starmie\n|-resisted|p2a: Starmie\n|-damage|p2a: Starmie|20/100\n|-status|p2a: Starmie|frz\n|\n|upkeep\n|turn|6\n|\n|t:|1742141305\n|switch|p2a: Chansey|Chansey|100/100\n|switch|p1a: Starmie|Starmie|100/100\n|\n|upkeep\n|turn|7\n|inactive|Sceptross has 270 seconds left.\n|inactive|Sceptross has 240 seconds left.\n|inactive|Sceptross has 210 seconds left.\n|inactive|Sceptross has 180 seconds left.\n|\n|t:|1742141425\n|switch|p1a: Chansey|Chansey|100/100\n|move|p2a: Chansey|Thunder Wave|p1a: Chansey\n|-status|p1a: Chansey|par\n|\n|upkeep\n|turn|8\n|inactive|Sceptross has 180 seconds left.\n|\n|t:|1742141432\n|switch|p2a: Gengar|Gengar|100/100 slp\n|move|p1a: Chansey|Thunder Wave|p2a: Gengar\n|-fail|p2a: Gengar\n|\n|upkeep\n|turn|9\n|\n|t:|1742141444\n|cant|p2a: Gengar|slp\n|move|p1a: Chansey|Ice Beam|p2a: Gengar\n|-damage|p2a: Gengar|81/100 slp\n|\n|upkeep\n|turn|10\n|\n|t:|1742141449\n|switch|p2a: Snorlax|Snorlax|100/100\n|cant|p1a: Chansey|par\n|\n|upkeep\n|turn|11\n|\n|t:|1742141454\n|move|p2a: Snorlax|Earthquake|p1a: Chansey\n|-damage|p1a: Chansey|70/100 par\n|cant|p1a: Chansey|par\n|\n|upkeep\n|turn|12\n|\n|t:|1742141460\n|switch|p1a: Snorlax|Snorlax|100/100\n|move|p2a: Snorlax|Earthquake|p1a: Snorlax\n|-damage|p1a: Snorlax|80/100\n|\n|upkeep\n|turn|13\n|\n|t:|1742141463\n|move|p2a: Snorlax|Body Slam|p1a: Snorlax\n|-damage|p1a: Snorlax|53/100\n|move|p1a: Snorlax|Reflect|p1a: Snorlax\n|-start|p1a: Snorlax|Reflect\n|\n|upkeep\n|turn|14\n|\n|t:|1742141472\n|switch|p2a: Gengar|Gengar|81/100 slp\n|move|p1a: Snorlax|Body Slam|p2a: Gengar\n|-immune|p2a: Gengar\n|\n|upkeep\n|turn|15\n|\n|t:|1742141474\n|cant|p2a: Gengar|slp\n|move|p1a: Snorlax|Body Slam|p2a: Gengar\n|-immune|p2a: Gengar\n|\n|upkeep\n|turn|16\n|inactive|Sceptross has 240 seconds left.\n|\n|t:|1742141492\n|-curestatus|p2a: Gengar|slp|[msg]\n|move|p1a: Snorlax|Body Slam|p2a: Gengar\n|-immune|p2a: Gengar\n|\n|upkeep\n|turn|17\n|inactive|Sceptross has 240 seconds left.\n|inactive|Amaranth has 270 seconds left.\n|\n|t:|1742141524\n|switch|p2a: Snorlax|Snorlax|100/100\n|switch|p1a: Chansey|Chansey|70/100 par\n|\n|upkeep\n|turn|18\n|inactive|Sceptross has 240 seconds left.\n|\n|t:|1742141534\n|switch|p1a: Starmie|Starmie|100/100\n|move|p2a: Snorlax|Earthquake|p1a: Starmie\n|-damage|p1a: Starmie|70/100\n|\n|upkeep\n|turn|19\n|inactive|Sceptross has 240 seconds left.\n|\n|t:|1742141545\n|move|p1a: Starmie|Recover|p1a: Starmie\n|-heal|p1a: Starmie|100/100\n|move|p2a: Snorlax|Body Slam|p1a: Starmie\n|-crit|p1a: Starmie\n|-damage|p1a: Starmie|31/100\n|\n|upkeep\n|turn|20\n|\n|t:|1742141552\n|move|p1a: Starmie|Recover|p1a: Starmie\n|-heal|p1a: Starmie|81/100\n|move|p2a: Snorlax|Body Slam|p1a: Starmie\n|-damage|p1a: Starmie|45/100\n|\n|upkeep\n|turn|21\n|\n|t:|1742141555\n|move|p1a: Starmie|Thunder Wave|p2a: Snorlax\n|-status|p2a: Snorlax|par\n|move|p2a: Snorlax|Body Slam|p1a: Starmie\n|-damage|p1a: Starmie|6/100\n|\n|upkeep\n|turn|22\n|\n|t:|1742141560\n|move|p1a: Starmie|Recover|p1a: Starmie\n|-heal|p1a: Starmie|56/100\n|move|p2a: Snorlax|Body Slam|p1a: Starmie\n|-damage|p1a: Starmie|18/100\n|\n|upkeep\n|turn|23\n|\n|t:|1742141563\n|move|p1a: Starmie|Recover|p1a: Starmie\n|-heal|p1a: Starmie|68/100\n|cant|p2a: Snorlax|par\n|\n|upkeep\n|turn|24\n|\n|t:|1742141573\n|move|p1a: Starmie|Surf|p2a: Snorlax\n|-damage|p2a: Snorlax|71/100 par\n|cant|p2a: Snorlax|par\n|\n|upkeep\n|turn|25\n|\n|t:|1742141581\n|move|p1a: Starmie|Surf|p2a: Snorlax\n|-damage|p2a: Snorlax|42/100 par\n|cant|p2a: Snorlax|par\n|\n|upkeep\n|turn|26\n|inactive|Sceptross has 270 seconds left.\n|\n|t:|1742141621\n|move|p1a: Starmie|Surf|p2a: Snorlax\n|-damage|p2a: Snorlax|12/100 par\n|cant|p2a: Snorlax|par\n|\n|upkeep\n|turn|27\n|\n|t:|1742141624\n|switch|p2a: Chansey|Chansey|100/100\n|move|p1a: Starmie|Surf|p2a: Chansey\n|-damage|p2a: Chansey|84/100\n|\n|upkeep\n|turn|28\n|\n|t:|1742141630\n|switch|p1a: Chansey|Chansey|70/100 par\n|move|p2a: Chansey|Thunderbolt|p1a: Chansey\n|-damage|p1a: Chansey|59/100 par\n|\n|upkeep\n|turn|29\n|inactive|Sceptross has 270 seconds left.\n|\n|t:|1742141652\n|switch|p2a: Tauros|Tauros|100/100\n|move|p1a: Chansey|Soft-Boiled|p1a: Chansey\n|-heal|p1a: Chansey|100/100 par\n|\n|upkeep\n|turn|30\n|inactive|Sceptross has 270 seconds left.\n|\n|t:|1742141671\n|move|p2a: Tauros|Body Slam|p1a: Chansey\n|-crit|p1a: Chansey\n|-damage|p1a: Chansey|25/100 par\n|cant|p1a: Chansey|par\n|\n|upkeep\n|turn|31\n|\n|t:|1742141697\n|switch|p1a: Snorlax|Snorlax|53/100\n|move|p2a: Tauros|Body Slam|p1a: Snorlax\n|-damage|p1a: Snorlax|27/100\n|\n|upkeep\n|turn|32\n|inactive|Sceptross has 270 seconds left.\n|\n|t:|1742141713\n|switch|p2a: Gengar|Gengar|81/100\n|move|p1a: Snorlax|Hyper Beam|p2a: Gengar\n|-immune|p2a: Gengar\n|\n|upkeep\n|turn|33\n|inactive|Sceptross has 270 seconds left.\n|inactive|Amaranth has 270 seconds left.\n|\n|t:|1742141742\n|move|p2a: Gengar|Thunderbolt|p1a: Snorlax\n|-damage|p1a: Snorlax|6/100\n|move|p1a: Snorlax|Rest|p1a: Snorlax\n|-status|p1a: Snorlax|slp|[from] move: Rest\n|-heal|p1a: Snorlax|100/100 slp|[silent]\n|\n|upkeep\n|turn|34\n|\n|t:|1742141747\n|move|p2a: Gengar|Thunderbolt|p1a: Snorlax\n|-damage|p1a: Snorlax|77/100 slp\n|cant|p1a: Snorlax|slp\n|\n|upkeep\n|turn|35\n|\n|t:|1742141750\n|move|p2a: Gengar|Thunderbolt|p1a: Snorlax\n|-damage|p1a: Snorlax|55/100 slp\n|-curestatus|p1a: Snorlax|slp|[msg]\n|\n|upkeep\n|turn|36\n|\n|t:|1742141773\n|switch|p1a: Jynx|Jynx|68/100 par\n|move|p2a: Gengar|Thunderbolt|p1a: Jynx\n|-damage|p1a: Jynx|40/100 par\n|\n|upkeep\n|turn|37\n|\n|t:|1742141787\n|move|p2a: Gengar|Thunderbolt|p1a: Jynx\n|-damage|p1a: Jynx|11/100 par\n|move|p1a: Jynx|Lovely Kiss|p2a: Gengar\n|-status|p2a: Gengar|slp|[from] move: Lovely Kiss\n|\n|upkeep\n|turn|38\n|\n|t:|1742141802\n|switch|p2a: Chansey|Chansey|84/100\n|switch|p1a: Chansey|Chansey|25/100 par\n|\n|upkeep\n|turn|39\n|\n|t:|1742141808\n|switch|p2a: Tauros|Tauros|100/100\n|move|p1a: Chansey|Soft-Boiled|p1a: Chansey\n|-heal|p1a: Chansey|75/100 par\n|\n|upkeep\n|turn|40\n|\n|t:|1742141818\n|switch|p1a: Jynx|Jynx|11/100 par\n|move|p2a: Tauros|Body Slam|p1a: Jynx\n|-crit|p1a: Jynx\n|-damage|p1a: Jynx|0 fnt\n|faint|p1a: Jynx\n|\n|t:|1742141821\n|switch|p1a: Starmie|Starmie|68/100\n|turn|41\n|\n|t:|1742141842\n|switch|p2a: Chansey|Chansey|84/100\n|move|p1a: Starmie|Thunder Wave|p2a: Chansey\n|-status|p2a: Chansey|par\n|\n|upkeep\n|turn|42\n|\n|t:|1742141860\n|switch|p1a: Chansey|Chansey|75/100 par\n|move|p2a: Chansey|Ice Beam|p1a: Chansey\n|-damage|p1a: Chansey|65/100 par\n|\n|upkeep\n|turn|43\n|inactive|Sceptross has 270 seconds left.\n|\n|t:|1742141898\n|switch|p2a: Gengar|Gengar|81/100 slp\n|move|p1a: Chansey|Soft-Boiled|p1a: Chansey\n|-heal|p1a: Chansey|100/100 par\n|\n|upkeep\n|turn|44\n|\n|t:|1742141904\n|switch|p1a: Rhydon|Rhydon|100/100\n|cant|p2a: Gengar|slp\n|\n|upkeep\n|turn|45\n|\n|t:|1742141928\n|switch|p2a: Starmie|Starmie|20/100 frz\n|move|p1a: Rhydon|Rock Slide|p2a: Starmie\n|-damage|p2a: Starmie|0 fnt\n|faint|p2a: Starmie\n|\n|t:|1742141931\n|switch|p2a: Exeggutor|Exeggutor|100/100\n|turn|46\n|\n|t:|1742141935\n|switch|p1a: Chansey|Chansey|100/100 par\n|move|p2a: Exeggutor|Psychic|p1a: Chansey|[miss]\n|-miss|p2a: Exeggutor\n|-hint|In Gen 1, moves with 100% accuracy can still miss 1/256 of the time.\n|\n|upkeep\n|turn|47\n|\n|t:|1742141955\n|switch|p2a: Chansey|Chansey|84/100 par\n|move|p1a: Chansey|Ice Beam|p2a: Chansey\n|-damage|p2a: Chansey|74/100 par\n|\n|upkeep\n|turn|48\n|\n|t:|1742141961\n|switch|p1a: Snorlax|Snorlax|55/100\n|cant|p2a: Chansey|par\n|\n|upkeep\n|turn|49\n|inactive|Sceptross has 270 seconds left.\n|inactive|Amaranth has 270 seconds left.\n|inactive|Sceptross has 240 seconds left.\n|\n|t:|1742142012\n|switch|p1a: Rhydon|Rhydon|100/100\n|switch|p2a: Gengar|Gengar|81/100 slp\n|\n|upkeep\n|turn|50\n|\n|t:|1742142018\n|switch|p2a: Exeggutor|Exeggutor|100/100\n|move|p1a: Rhydon|Rock Slide|p2a: Exeggutor\n|-damage|p2a: Exeggutor|72/100\n|\n|upkeep\n|turn|51\n|\n|t:|1742142024\n|switch|p1a: Chansey|Chansey|100/100 par\n|move|p2a: Exeggutor|Psychic|p1a: Chansey\n|-crit|p1a: Chansey\n|-damage|p1a: Chansey|69/100 par\n|\n|upkeep\n|turn|52\n|\n|t:|1742142038\n|move|p2a: Exeggutor|Psychic|p1a: Chansey\n|-crit|p1a: Chansey\n|-damage|p1a: Chansey|34/100 par\n|-unboost|p1a: Chansey|spa|1\n|-unboost|p1a: Chansey|spd|1\n|cant|p1a: Chansey|par\n|\n|upkeep\n|turn|53\n|\n|t:|1742142046\n|switch|p2a: Snorlax|Snorlax|12/100 par\n|move|p1a: Chansey|Soft-Boiled|p1a: Chansey\n|-heal|p1a: Chansey|84/100 par\n|\n|upkeep\n|turn|54\n|\n|t:|1742142058\n|switch|p1a: Rhydon|Rhydon|100/100\n|move|p2a: Snorlax|Rest|p2a: Snorlax\n|-status|p2a: Snorlax|slp|[from] move: Rest\n|-heal|p2a: Snorlax|100/100 slp|[silent]\n|\n|upkeep\n|turn|55\n|inactive|Sceptross has 270 seconds left.\n|\n|t:|1742142079\n|move|p1a: Rhydon|Earthquake|p2a: Snorlax\n|-damage|p2a: Snorlax|64/100 slp\n|cant|p2a: Snorlax|slp\n|\n|upkeep\n|turn|56\n|\n|t:|1742142084\n|switch|p2a: Exeggutor|Exeggutor|72/100\n|move|p1a: Rhydon|Earthquake|p2a: Exeggutor\n|-resisted|p2a: Exeggutor\n|-damage|p2a: Exeggutor|51/100\n|\n|upkeep\n|turn|57\n|inactive|Sceptross has 270 seconds left.\n|\n|t:|1742142101\n|switch|p1a: Chansey|Chansey|84/100 par\n|move|p2a: Exeggutor|Psychic|p1a: Chansey\n|-damage|p1a: Chansey|68/100 par\n|-unboost|p1a: Chansey|spa|1\n|-unboost|p1a: Chansey|spd|1\n|\n|upkeep\n|turn|58\n|inactive|Sceptross has 270 seconds left.\n|\n|t:|1742142132\n|switch|p2a: Snorlax|Snorlax|64/100 slp\n|move|p1a: Chansey|Ice Beam|p2a: Snorlax\n|-damage|p2a: Snorlax|52/100 slp\n|\n|upkeep\n|turn|59\n|\n|t:|1742142142\n|-curestatus|p2a: Snorlax|slp|[msg]\n|move|p1a: Chansey|Thunder Wave|p2a: Snorlax\n|-status|p2a: Snorlax|par\n|\n|upkeep\n|turn|60\n|\n|t:|1742142145\n|switch|p1a: Snorlax|Snorlax|55/100\n|move|p2a: Snorlax|Earthquake|p1a: Snorlax\n|-damage|p1a: Snorlax|36/100\n|\n|upkeep\n|turn|61\n|\n|t:|1742142152\n|switch|p1a: Rhydon|Rhydon|100/100\n|move|p2a: Snorlax|Rest|p2a: Snorlax\n|-status|p2a: Snorlax|slp|[from] move: Rest\n|-heal|p2a: Snorlax|100/100 slp|[silent]\n|\n|upkeep\n|turn|62\n|\n|t:|1742142160\n|move|p1a: Rhydon|Earthquake|p2a: Snorlax\n|-damage|p2a: Snorlax|66/100 slp\n|cant|p2a: Snorlax|slp\n|\n|upkeep\n|turn|63\n|\n|t:|1742142174\n|switch|p2a: Exeggutor|Exeggutor|51/100\n|move|p1a: Rhydon|Body Slam|p2a: Exeggutor\n|-damage|p2a: Exeggutor|27/100\n|\n|upkeep\n|turn|64\n|\n|t:|1742142180\n|switch|p2a: Tauros|Tauros|100/100\n|switch|p1a: Chansey|Chansey|68/100 par\n|\n|upkeep\n|turn|65\n|\n|t:|1742142208\n|switch|p1a: Starmie|Starmie|68/100\n|move|p2a: Tauros|Hyper Beam|p1a: Starmie\n|-crit|p1a: Starmie\n|-damage|p1a: Starmie|0 fnt\n|faint|p1a: Starmie\n|c|☆Amaranth|wp\n|\n|t:|1742142216\n|switch|p1a: Tauros|Tauros|100/100\n|turn|66\n|inactive|Sceptross has 270 seconds left.\n|inactive|Sceptross has 240 seconds left.\n|\n|t:|1742142275\n|move|p2a: Tauros|Body Slam|p1a: Tauros\n|-damage|p1a: Tauros|70/100\n|move|p1a: Tauros|Body Slam|p2a: Tauros\n|-damage|p2a: Tauros|72/100\n|\n|upkeep\n|turn|67\n|\n|t:|1742142278\n|move|p2a: Tauros|Body Slam|p1a: Tauros\n|-crit|p1a: Tauros\n|-damage|p1a: Tauros|14/100\n|move|p1a: Tauros|Body Slam|p2a: Tauros\n|-damage|p2a: Tauros|42/100\n|\n|upkeep\n|turn|68\n|inactive|Sceptross has 240 seconds left.\n|\n|t:|1742142296\n|move|p2a: Tauros|Body Slam|p1a: Tauros\n|-damage|p1a: Tauros|0 fnt\n|faint|p1a: Tauros\n|\n|t:|1742142306\n|switch|p1a: Rhydon|Rhydon|100/100\n|turn|69\n|inactive|Sceptross has 240 seconds left.\n|inactive|Sceptross has 210 seconds left.\n|inactive|Sceptross has 180 seconds left.\n|inactive|Sceptross has 150 seconds left.\n|inactive|Sceptross has 120 seconds left.\n|inactive|Sceptross has 90 seconds left.\n|inactive|Sceptross has 60 seconds left.\n|\n|t:|1742142508\n|move|p2a: Tauros|Earthquake|p1a: Rhydon\n|-crit|p1a: Rhydon\n|-supereffective|p1a: Rhydon\n|-damage|p1a: Rhydon|35/100\n|move|p1a: Rhydon|Earthquake|p2a: Tauros\n|-crit|p2a: Tauros\n|-damage|p2a: Tauros|0 fnt\n|faint|p2a: Tauros\n|\n|t:|1742142519\n|switch|p2a: Exeggutor|Exeggutor|27/100\n|turn|70\n|\n|t:|1742142547\n|switch|p2a: Snorlax|Snorlax|66/100 slp\n|switch|p1a: Chansey|Chansey|68/100 par\n|\n|upkeep\n|turn|71\n|\n|t:|1742142552\n|-curestatus|p2a: Snorlax|slp|[msg]\n|move|p1a: Chansey|Thunder Wave|p2a: Snorlax\n|-status|p2a: Snorlax|par\n|\n|upkeep\n|turn|72\n|\n|t:|1742142555\n|switch|p1a: Snorlax|Snorlax|36/100\n|cant|p2a: Snorlax|par\n|\n|upkeep\n|turn|73\n|inactive|Sceptross has 60 seconds left.\n|inactive|Sceptross has 30 seconds left.\n|\n|t:|1742142599\n|move|p1a: Snorlax|Body Slam|p2a: Snorlax\n|-damage|p2a: Snorlax|39/100 par\n|cant|p2a: Snorlax|par\n|\n|upkeep\n|turn|74\n|\n|t:|1742142607\n|switch|p2a: Gengar|Gengar|81/100 slp\n|move|p1a: Snorlax|Hyper Beam|p2a: Gengar\n|-immune|p2a: Gengar\n|\n|upkeep\n|turn|75\n|inactive|Sceptross has 30 seconds left.\n|\n|t:|1742142623\n|switch|p1a: Rhydon|Rhydon|35/100\n|cant|p2a: Gengar|slp\n|\n|upkeep\n|turn|76\n|inactive|Sceptross has 30 seconds left.\n|\n|t:|1742142646\n|cant|p2a: Gengar|slp\n|move|p1a: Rhydon|Rock Slide|p2a: Gengar\n|-damage|p2a: Gengar|37/100 slp\n|\n|upkeep\n|turn|77\n|inactive|Sceptross has 30 seconds left.\n|inactive|Sceptross has 20 seconds left.\n|inactive|Sceptross has 15 seconds left.\n|inactive|Sceptross has 10 seconds left.\n|\n|t:|1742142680\n|switch|p2a: Snorlax|Snorlax|39/100 par\n|move|p1a: Rhydon|Earthquake|p2a: Snorlax\n|-damage|p2a: Snorlax|5/100 par\n|\n|upkeep\n|turn|78\n|inactive|Sceptross has 20 seconds left this turn.\n|\n|t:|1742142688\n|move|p1a: Rhydon|Earthquake|p2a: Snorlax\n|-damage|p2a: Snorlax|0 fnt\n|faint|p2a: Snorlax\n|inactive|Sceptross has 25 seconds left this turn.\n|\n|t:|1742142690\n|switch|p2a: Exeggutor|Exeggutor|27/100\n|turn|79\n|inactive|Sceptross has 30 seconds left.\n|inactive|Sceptross has 20 seconds left.\n|inactive|Sceptross has 15 seconds left.\n|inactive|Sceptross has 10 seconds left.\n|\n|t:|1742142717\n|switch|p1a: Chansey|Chansey|68/100 par\n|move|p2a: Exeggutor|Psychic|p1a: Chansey\n|-crit|p1a: Chansey\n|-damage|p1a: Chansey|36/100 par\n|\n|upkeep\n|turn|80\n|inactive|Sceptross has 20 seconds left this turn.\n|inactive|Sceptross has 15 seconds left.\n|\n|t:|1742142726\n|move|p2a: Exeggutor|Psychic|p1a: Chansey\n|-damage|p1a: Chansey|20/100 par\n|-unboost|p1a: Chansey|spa|1\n|-unboost|p1a: Chansey|spd|1\n|move|p1a: Chansey|Ice Beam|p2a: Exeggutor\n|-supereffective|p2a: Exeggutor\n|-damage|p2a: Exeggutor|3/100\n|\n|upkeep\n|turn|81\n|inactive|Sceptross has 25 seconds left this turn.\n|inactive|Sceptross has 20 seconds left.\n|\n|t:|1742142755\n|switch|p1a: Snorlax|Snorlax|36/100\n|move|p2a: Exeggutor|Psychic|p1a: Snorlax\n|-crit|p1a: Snorlax\n|-damage|p1a: Snorlax|0 fnt\n|faint|p1a: Snorlax\n|inactive|Sceptross has 25 seconds left this turn.\n|\n|t:|1742142758\n|switch|p1a: Chansey|Chansey|20/100 par\n|turn|82\n|inactive|Sceptross has 30 seconds left.\n|inactive|Sceptross has 20 seconds left.\n|\n|t:|1742142774\n|move|p2a: Exeggutor|Explosion|p1a: Chansey\n|-damage|p1a: Chansey|0 fnt\n|faint|p1a: Chansey\n|faint|p2a: Exeggutor\n|inactive|Sceptross has 30 seconds left this turn.\n|\n|t:|1742142782\n|switch|p2a: Chansey|Chansey|74/100 par\n|switch|p1a: Rhydon|Rhydon|35/100\n|turn|83\n|\n|t:|1742142786\n|move|p1a: Rhydon|Substitute|p1a: Rhydon\n|-start|p1a: Rhydon|Substitute\n|-damage|p1a: Rhydon|10/100\n|move|p2a: Chansey|Ice Beam|p1a: Rhydon\n|-supereffective|p1a: Rhydon\n|-end|p1a: Rhydon|Substitute\n|\n|upkeep\n|turn|84\n|\n|t:|1742142790\n|move|p1a: Rhydon|Earthquake|p2a: Chansey\n|-damage|p2a: Chansey|19/100 par\n|move|p2a: Chansey|Ice Beam|p1a: Rhydon\n|-crit|p1a: Rhydon\n|-supereffective|p1a: Rhydon\n|-damage|p1a: Rhydon|0 fnt\n|faint|p1a: Rhydon\n|\n|win|Sceptross\n|c|☆Sceptross|gg\n|c|☆Amaranth|gg\n|player|p1|\n","uploadtime":1742142790,"views":"1985","formatid":"gen1ou","rating":null,"private":0,"password":null}