{"id":"smogtours-gen1ou-949922","format":"[Gen 1] OU","players":["TG2513","Soda Krys"],"log":"|inactive|Battle timer is ON: inactive players will automatically lose when time's up.\n|t:|1782331321\n|gametype|singles\n|player|p1|TG2513|brycenman|\n|player|p2|Soda Krys|lass-gen1rb|\n|gen|1\n|tier|[Gen 1] OU\n|rule|Desync Clause Mod: Desyncs changed to move failure.\n|rule|HP Percentage Mod: HP is shown in percentages\n|rule|Endless Battle Clause: Forcing endless battles is banned\n|rule|Sleep Clause Mod: Limit one foe put to sleep\n|rule|Freeze Clause Mod: Limit one foe frozen\n|rule|Species Clause: Limit one of each Pokémon\n|rule|OHKO Clause: OHKO moves are banned\n|rule|Evasion Moves Clause: Evasion moves are banned\n|\n|t:|1782331321\n|teamsize|p1|6\n|teamsize|p2|6\n|start\n|switch|p1a: Gengar|Gengar|100/100\n|switch|p2a: Queen Chrysalis|Gengar|100/100\n|turn|1\n|inactive|Soda Krys also wants the timer to be on.\n|c|☆TG2513|HF\n|\n|t:|1782331336\n|move|p1a: Gengar|Hypnosis|p2a: Queen Chrysalis|[miss]\n|-miss|p1a: Gengar\n|move|p2a: Queen Chrysalis|Psychic|p1a: Gengar\n|-crit|p1a: Gengar\n|-supereffective|p1a: Gengar\n|-damage|p1a: Gengar|13/100\n|\n|upkeep\n|turn|2\n|\n|t:|1782331348\n|switch|p1a: Zapdos|Zapdos|100/100\n|move|p2a: Queen Chrysalis|Psychic|p1a: Zapdos\n|-damage|p1a: Zapdos|82/100\n|\n|upkeep\n|turn|3\n|\n|t:|1782331352\n|move|p2a: Queen Chrysalis|Psychic|p1a: Zapdos\n|-crit|p1a: Zapdos\n|-damage|p1a: Zapdos|49/100\n|move|p1a: Zapdos|Thunder Wave|p2a: Queen Chrysalis\n|-status|p2a: Queen Chrysalis|par\n|\n|upkeep\n|turn|4\n|\n|t:|1782331355\n|move|p1a: Zapdos|Drill Peck|p2a: Queen Chrysalis\n|-damage|p2a: Queen Chrysalis|61/100 par\n|cant|p2a: Queen Chrysalis|par\n|\n|upkeep\n|turn|5\n|\n|t:|1782331360\n|move|p1a: Zapdos|Drill Peck|p2a: Queen Chrysalis\n|-damage|p2a: Queen Chrysalis|21/100 par\n|move|p2a: Queen Chrysalis|Hypnosis|p1a: Zapdos\n|-status|p1a: Zapdos|slp|[from] move: Hypnosis\n|\n|upkeep\n|turn|6\n|\n|t:|1782331364\n|cant|p1a: Zapdos|slp\n|cant|p2a: Queen Chrysalis|par\n|\n|upkeep\n|turn|7\n|\n|t:|1782331366\n|switch|p2a: Sunset Shimmer|Tauros|100/100\n|cant|p1a: Zapdos|slp\n|\n|upkeep\n|turn|8\n|\n|t:|1782331375\n|switch|p1a: Gengar|Gengar|13/100\n|move|p2a: Sunset Shimmer|Thunderbolt|p1a: Gengar\n|-damage|p1a: Gengar|0 fnt\n|faint|p1a: Gengar\n|\n|t:|1782331379\n|switch|p1a: Exeggutor|Exeggutor|100/100\n|turn|9\n|\n|t:|1782331385\n|switch|p2a: Queen Chrysalis|Gengar|21/100 par\n|move|p1a: Exeggutor|Sleep Powder|p2a: Queen Chrysalis\n|-fail|p2a: Queen Chrysalis\n|\n|upkeep\n|turn|10\n|\n|t:|1782331390\n|move|p1a: Exeggutor|Psychic|p2a: Queen Chrysalis\n|-supereffective|p2a: Queen Chrysalis\n|-damage|p2a: Queen Chrysalis|0 fnt\n|faint|p2a: Queen Chrysalis\n|\n|t:|1782331393\n|switch|p2a: Rainbow Dash|Cloyster|100/100\n|turn|11\n|\n|t:|1782331397\n|move|p2a: Rainbow Dash|Blizzard|p1a: Exeggutor\n|-supereffective|p1a: Exeggutor\n|-damage|p1a: Exeggutor|40/100\n|move|p1a: Exeggutor|Sleep Powder|p2a: Rainbow Dash\n|-status|p2a: Rainbow Dash|slp|[from] move: Sleep Powder\n|\n|upkeep\n|turn|12\n|\n|t:|1782331401\n|cant|p2a: Rainbow Dash|slp\n|move|p1a: Exeggutor|Stun Spore|p2a: Rainbow Dash\n|-fail|p2a: Rainbow Dash\n|\n|upkeep\n|turn|13\n|\n|t:|1782331408\n|switch|p2a: Sunset Shimmer|Tauros|100/100\n|move|p1a: Exeggutor|Psychic|p2a: Sunset Shimmer\n|-damage|p2a: Sunset Shimmer|60/100\n|\n|upkeep\n|turn|14\n|\n|t:|1782331415\n|move|p2a: Sunset Shimmer|Hyper Beam|p1a: Exeggutor\n|-damage|p1a: Exeggutor|0 fnt\n|faint|p1a: Exeggutor\n|\n|t:|1782331418\n|switch|p1a: Persian|Persian|100/100\n|turn|15\n|\n|t:|1782331426\n|move|p1a: Persian|Slash|p2a: Sunset Shimmer\n|-crit|p2a: Sunset Shimmer\n|-damage|p2a: Sunset Shimmer|21/100\n|move|p2a: Sunset Shimmer|Body Slam|p1a: Persian\n|-crit|p1a: Persian\n|-damage|p1a: Persian|23/100\n|\n|upkeep\n|turn|16\n|\n|t:|1782331440\n|move|p1a: Persian|Slash|p2a: Sunset Shimmer\n|-crit|p2a: Sunset Shimmer\n|-damage|p2a: Sunset Shimmer|0 fnt\n|faint|p2a: Sunset Shimmer\n|\n|t:|1782331441\n|switch|p2a: Twilight Sparkle|Alakazam|100/100\n|turn|17\n|\n|t:|1782331447\n|move|p2a: Twilight Sparkle|Psychic|p1a: Persian\n|-damage|p1a: Persian|0 fnt\n|faint|p1a: Persian\n|\n|t:|1782331456\n|switch|p1a: Tauros|Tauros|100/100\n|turn|18\n|\n|t:|1782331458\n|move|p2a: Twilight Sparkle|Thunder Wave|p1a: Tauros\n|-status|p1a: Tauros|par\n|move|p1a: Tauros|Body Slam|p2a: Twilight Sparkle\n|-damage|p2a: Twilight Sparkle|52/100\n|\n|upkeep\n|turn|19\n|\n|t:|1782331461\n|move|p2a: Twilight Sparkle|Recover|p2a: Twilight Sparkle\n|-heal|p2a: Twilight Sparkle|100/100\n|move|p1a: Tauros|Hyper Beam|p2a: Twilight Sparkle\n|-crit|p2a: Twilight Sparkle\n|-damage|p2a: Twilight Sparkle|0 fnt\n|faint|p2a: Twilight Sparkle\n|\n|t:|1782331464\n|switch|p2a: Scootaloo|Snorlax|100/100\n|turn|20\n|\n|t:|1782331469\n|switch|p1a: Zapdos|Zapdos|49/100 slp\n|move|p2a: Scootaloo|Body Slam|p1a: Zapdos\n|-damage|p1a: Zapdos|16/100 slp\n|\n|upkeep\n|turn|21\n|\n|t:|1782331472\n|cant|p1a: Zapdos|slp\n|move|p2a: Scootaloo|Body Slam|p1a: Zapdos\n|-damage|p1a: Zapdos|0 fnt\n|faint|p1a: Zapdos\n|\n|t:|1782331474\n|switch|p1a: Cloyster|Cloyster|100/100\n|turn|22\n|\n|t:|1782331476\n|move|p1a: Cloyster|Blizzard|p2a: Scootaloo|[miss]\n|-miss|p1a: Cloyster\n|move|p2a: Scootaloo|Body Slam|p1a: Cloyster\n|-damage|p1a: Cloyster|76/100\n|-status|p1a: Cloyster|par\n|\n|upkeep\n|turn|23\n|\n|t:|1782331480\n|switch|p2a: Rainbow Dash|Cloyster|100/100 slp\n|move|p1a: Cloyster|Clamp|p2a: Rainbow Dash|[miss]\n|-miss|p1a: Cloyster\n|\n|upkeep\n|turn|24\n|\n|t:|1782331485\n|switch|p1a: Tauros|Tauros|100/100 par\n|cant|p2a: Rainbow Dash|slp\n|\n|upkeep\n|turn|25\n|\n|t:|1782331486\n|cant|p2a: Rainbow Dash|slp\n|move|p1a: Tauros|Body Slam|p2a: Rainbow Dash\n|-damage|p2a: Rainbow Dash|80/100 slp\n|\n|upkeep\n|turn|26\n|\n|t:|1782331488\n|-curestatus|p2a: Rainbow Dash|slp|[msg]\n|move|p1a: Tauros|Body Slam|p2a: Rainbow Dash\n|-crit|p2a: Rainbow Dash\n|-damage|p2a: Rainbow Dash|35/100\n|\n|upkeep\n|turn|27\n|\n|t:|1782331493\n|switch|p1a: Cloyster|Cloyster|76/100 par\n|move|p2a: Rainbow Dash|Clamp|p1a: Cloyster\n|-resisted|p1a: Cloyster\n|-damage|p1a: Cloyster|69/100 par\n|\n|upkeep\n|turn|28\n|\n|t:|1782331496\n|move|p2a: Rainbow Dash|Clamp|p1a: Cloyster|[from] Clamp\n|-damage|p1a: Cloyster|63/100 par\n|\n|upkeep\n|turn|29\n|\n|t:|1782331500\n|move|p2a: Rainbow Dash|Clamp|p1a: Cloyster|[from] Clamp\n|-damage|p1a: Cloyster|56/100 par\n|\n|upkeep\n|turn|30\n|\n|t:|1782331504\n|move|p2a: Rainbow Dash|Clamp|p1a: Cloyster|[miss]\n|-miss|p2a: Rainbow Dash\n|move|p1a: Cloyster|Clamp|p2a: Rainbow Dash\n|-resisted|p2a: Rainbow Dash\n|-damage|p2a: Rainbow Dash|28/100\n|\n|upkeep\n|turn|31\n|\n|t:|1782331506\n|move|p1a: Cloyster|Clamp|p2a: Rainbow Dash|[from] Clamp\n|-damage|p2a: Rainbow Dash|21/100\n|\n|upkeep\n|turn|32\n|\n|t:|1782331512\n|cant|p1a: Cloyster|par\n|\n|upkeep\n|turn|33\n|\n|t:|1782331515\n|move|p2a: Rainbow Dash|Clamp|p1a: Cloyster\n|-resisted|p1a: Cloyster\n|-damage|p1a: Cloyster|49/100 par\n|cant|p1a: Cloyster|partiallytrapped\n|\n|upkeep\n|turn|34\n|\n|t:|1782331519\n|switch|p2a: Scootaloo|Snorlax|100/100\n|\n|upkeep\n|turn|35\n|\n|t:|1782331523\n|move|p2a: Scootaloo|Body Slam|p1a: Cloyster\n|-damage|p1a: Cloyster|27/100 par\n|move|p1a: Cloyster|Explosion|p2a: Scootaloo\n|-damage|p2a: Scootaloo|31/100\n|faint|p1a: Cloyster\n|\n|t:|1782331525\n|switch|p1a: Tauros|Tauros|100/100 par\n|turn|36\n|\n|t:|1782331528\n|move|p2a: Scootaloo|Body Slam|p1a: Tauros\n|-damage|p1a: Tauros|68/100 par\n|move|p1a: Tauros|Hyper Beam|p2a: Scootaloo\n|-damage|p2a: Scootaloo|0 fnt\n|faint|p2a: Scootaloo\n|\n|t:|1782331529\n|switch|p2a: Rainbow Dash|Cloyster|21/100\n|turn|37\n|\n|t:|1782331532\n|move|p2a: Rainbow Dash|Explosion|p1a: Tauros\n|-damage|p1a: Tauros|0 fnt\n|faint|p1a: Tauros\n|faint|p2a: Rainbow Dash\n|\n|win|Soda Krys\n|c|☆Soda Krys|gg 2-4 sunny\n|player|p1|\n|player|p2|\n","uploadtime":1782331532,"views":"74","formatid":"gen1ou","rating":null,"private":0,"password":null}