{"id":"smogtours-gen1ou-945406","format":"[Gen 1] OU","players":["YBW","Soda Krys"],"log":"|inactive|Battle timer is ON: inactive players will automatically lose when time's up.\n|t:|1781200700\n|gametype|singles\n|player|p1|YBW|#rbtt9moons|\n|player|p2|Soda Krys|gwynn|\n|gen|1\n|tier|[Gen 1] OU\n|rule|Desync Clause Mod: Desyncs changed to move failure.\n|rule|HP Percentage Mod: HP is shown in percentages\n|rule|Endless Battle Clause: Forcing endless battles is banned\n|rule|Sleep Clause Mod: Limit one foe put to sleep\n|rule|Freeze Clause Mod: Limit one foe frozen\n|rule|Species Clause: Limit one of each Pokémon\n|rule|OHKO Clause: OHKO moves are banned\n|rule|Evasion Moves Clause: Evasion moves are banned\n|\n|t:|1781200700\n|teamsize|p1|6\n|teamsize|p2|6\n|start\n|switch|p1a: Gengar|Gengar|100/100\n|switch|p2a: Tauros|Tauros|100/100\n|turn|1\n|c|☆YBW|hf\n|c|☆Soda Krys|hf\n|\n|t:|1781200714\n|switch|p1a: Exeggutor|Exeggutor|100/100\n|move|p2a: Tauros|Earthquake|p1a: Exeggutor\n|-resisted|p1a: Exeggutor\n|-damage|p1a: Exeggutor|90/100\n|\n|upkeep\n|turn|2\n|\n|t:|1781200720\n|move|p2a: Tauros|Body Slam|p1a: Exeggutor\n|-crit|p1a: Exeggutor\n|-damage|p1a: Exeggutor|33/100\n|move|p1a: Exeggutor|Sleep Powder|p2a: Tauros|[miss]\n|-miss|p1a: Exeggutor\n|\n|upkeep\n|turn|3\n|\n|t:|1781200726\n|switch|p1a: Cloyster|Cloyster|100/100\n|move|p2a: Tauros|Blizzard|p1a: Cloyster\n|-resisted|p1a: Cloyster\n|-damage|p1a: Cloyster|94/100\n|\n|upkeep\n|turn|4\n|\n|t:|1781200730\n|move|p2a: Tauros|Body Slam|p1a: Cloyster\n|-crit|p1a: Cloyster\n|-damage|p1a: Cloyster|50/100\n|-status|p1a: Cloyster|par\n|move|p1a: Cloyster|Blizzard|p2a: Tauros\n|-damage|p2a: Tauros|54/100\n|\n|upkeep\n|turn|5\n|\n|t:|1781200739\n|switch|p2a: Starmie|Starmie|100/100\n|move|p1a: Cloyster|Rest|p1a: Cloyster\n|-status|p1a: Cloyster|slp|[from] move: Rest\n|-heal|p1a: Cloyster|100/100 slp|[silent]\n|\n|upkeep\n|turn|6\n|\n|t:|1781200743\n|switch|p1a: Chansey|Chansey|100/100\n|move|p2a: Starmie|Surf|p1a: Chansey\n|-damage|p1a: Chansey|86/100\n|\n|upkeep\n|turn|7\n|\n|t:|1781200750\n|switch|p2a: Chansey|Chansey|100/100\n|move|p1a: Chansey|Thunderbolt|p2a: Chansey\n|-damage|p2a: Chansey|89/100\n|\n|upkeep\n|turn|8\n|\n|t:|1781200756\n|switch|p1a: Gengar|Gengar|100/100\n|move|p2a: Chansey|Sing|p1a: Gengar\n|-status|p1a: Gengar|slp|[from] move: Sing\n|\n|upkeep\n|turn|9\n|\n|t:|1781200761\n|switch|p2a: Tauros|Tauros|54/100\n|cant|p1a: Gengar|slp\n|\n|upkeep\n|turn|10\n|\n|t:|1781200772\n|switch|p1a: Snorlax|Snorlax|100/100\n|move|p2a: Tauros|Body Slam|p1a: Snorlax\n|-damage|p1a: Snorlax|77/100\n|\n|upkeep\n|turn|11\n|\n|t:|1781200776\n|move|p2a: Tauros|Blizzard|p1a: Snorlax\n|-damage|p1a: Snorlax|59/100\n|move|p1a: Snorlax|Counter|p2a: Tauros\n|-fail|p1a: Snorlax\n|\n|upkeep\n|turn|12\n|\n|t:|1781200782\n|move|p2a: Tauros|Body Slam|p1a: Snorlax\n|-damage|p1a: Snorlax|36/100\n|move|p1a: Snorlax|Counter|p2a: Tauros\n|-damage|p2a: Tauros|0 fnt\n|faint|p2a: Tauros\n|\n|t:|1781200787\n|switch|p2a: Lapras|Lapras|100/100\n|turn|13\n|\n|t:|1781200793\n|switch|p1a: Chansey|Chansey|86/100\n|move|p2a: Lapras|Confuse Ray|p1a: Chansey\n|-start|p1a: Chansey|confusion\n|\n|upkeep\n|turn|14\n|c|☆Soda Krys|ykw deserved\n|\n|t:|1781200802\n|move|p2a: Lapras|Blizzard|p1a: Chansey\n|-damage|p1a: Chansey|68/100\n|-activate|p1a: Chansey|confusion\n|-damage|p1a: Chansey|63/100|[from] confusion\n|\n|upkeep\n|turn|15\n|\n|t:|1781200806\n|move|p2a: Lapras|Blizzard|p1a: Chansey\n|-damage|p1a: Chansey|44/100\n|-status|p1a: Chansey|frz\n|cant|p1a: Chansey|frz\n|\n|upkeep\n|turn|16\n|\n|t:|1781200818\n|move|p2a: Lapras|Thunderbolt|p1a: Chansey\n|-damage|p1a: Chansey|34/100 frz\n|cant|p1a: Chansey|frz\n|\n|upkeep\n|turn|17\n|\n|t:|1781200821\n|move|p2a: Lapras|Hyper Beam|p1a: Chansey\n|-damage|p1a: Chansey|0 fnt\n|faint|p1a: Chansey\n|\n|t:|1781200827\n|switch|p1a: Tauros|Tauros|100/100\n|turn|18\n|\n|t:|1781200830\n|move|p1a: Tauros|Body Slam|p2a: Lapras\n|-crit|p2a: Lapras\n|-damage|p2a: Lapras|56/100\n|move|p2a: Lapras|Confuse Ray|p1a: Tauros\n|-start|p1a: Tauros|confusion\n|\n|upkeep\n|turn|19\n|\n|t:|1781200840\n|switch|p1a: Cloyster|Cloyster|100/100 slp\n|move|p2a: Lapras|Blizzard|p1a: Cloyster\n|-resisted|p1a: Cloyster\n|-damage|p1a: Cloyster|89/100 slp\n|\n|upkeep\n|turn|20\n|\n|t:|1781200844\n|switch|p1a: Tauros|Tauros|100/100\n|move|p2a: Lapras|Confuse Ray|p1a: Tauros\n|-start|p1a: Tauros|confusion\n|\n|upkeep\n|turn|21\n|\n|t:|1781200847\n|-activate|p1a: Tauros|confusion\n|move|p1a: Tauros|Body Slam|p2a: Lapras\n|-damage|p2a: Lapras|31/100\n|move|p2a: Lapras|Thunderbolt|p1a: Tauros\n|-damage|p1a: Tauros|76/100\n|-status|p1a: Tauros|par\n|\n|upkeep\n|turn|22\n|c|☆YBW|lol\n|c|☆Soda Krys|unfort sorry\n|c|☆YBW|2 games of nothingness\n|c|☆YBW|all g\n|c|☆YBW|g1 was same in reverse\n|inactive|YBW has 270 seconds left.\n|c|☆YBW|bo1 shootout ig\n|\n|t:|1781200885\n|move|p2a: Lapras|Blizzard|p1a: Tauros\n|-damage|p1a: Tauros|31/100 par\n|-activate|p1a: Tauros|confusion\n|-damage|p1a: Tauros|20/100 par|[from] confusion\n|\n|upkeep\n|turn|23\n|c|☆Soda Krys|this is why we bo3\n|\n|t:|1781200890\n|move|p2a: Lapras|Thunderbolt|p1a: Tauros\n|-damage|p1a: Tauros|0 fnt\n|faint|p1a: Tauros\n|\n|t:|1781200895\n|switch|p1a: Snorlax|Snorlax|36/100\n|turn|24\n|\n|t:|1781200900\n|move|p2a: Lapras|Confuse Ray|p1a: Snorlax\n|-start|p1a: Snorlax|confusion\n|-activate|p1a: Snorlax|confusion\n|-damage|p1a: Snorlax|27/100|[from] confusion\n|\n|upkeep\n|turn|25\n|-message|YBW forfeited.\n|\n|win|Soda Krys\n","uploadtime":1781200908,"views":"154","formatid":"gen1ou","rating":null,"private":0,"password":null}