{"id":"smogtours-gen1ou-950348","format":"[Gen 1] OU","players":["TheStupe","Mister Tim"],"log":"|inactive|Battle timer is ON: inactive players will automatically lose when time's up.\n|t:|1782508919\n|gametype|singles\n|player|p1|TheStupe|psychicf-gen4|\n|player|p2|Mister Tim|265|\n|gen|1\n|tier|[Gen 1] OU\n|rule|Desync Clause Mod: Desyncs changed to move failure.\n|rule|HP Percentage Mod: HP is shown in percentages\n|rule|Endless Battle Clause: Forcing endless battles is banned\n|rule|Sleep Clause Mod: Limit one foe put to sleep\n|rule|Freeze Clause Mod: Limit one foe frozen\n|rule|Species Clause: Limit one of each Pokémon\n|rule|OHKO Clause: OHKO moves are banned\n|rule|Evasion Moves Clause: Evasion moves are banned\n|\n|t:|1782508919\n|teamsize|p1|6\n|teamsize|p2|6\n|start\n|switch|p1a: Tauros|Tauros|100/100\n|switch|p2a: Alakazam|Alakazam|100/100\n|turn|1\n|c|☆TheStupe|hf\n|\n|t:|1782508928\n|switch|p1a: Chansey|Chansey|100/100\n|move|p2a: Alakazam|Thunder Wave|p1a: Chansey\n|-status|p1a: Chansey|par\n|\n|upkeep\n|turn|2\n|c|☆Mister Tim|hf\n|\n|t:|1782508932\n|move|p2a: Alakazam|Psychic|p1a: Chansey\n|-damage|p1a: Chansey|83/100 par\n|-unboost|p1a: Chansey|spa|1\n|-unboost|p1a: Chansey|spd|1\n|move|p1a: Chansey|Sing|p2a: Alakazam|[miss]\n|-miss|p1a: Chansey\n|\n|upkeep\n|turn|3\n|\n|t:|1782508935\n|move|p2a: Alakazam|Psychic|p1a: Chansey\n|-damage|p1a: Chansey|57/100 par\n|-unboost|p1a: Chansey|spa|1\n|-unboost|p1a: Chansey|spd|1\n|move|p1a: Chansey|Soft-Boiled|p1a: Chansey\n|-heal|p1a: Chansey|100/100 par\n|\n|upkeep\n|turn|4\n|\n|t:|1782508937\n|move|p2a: Alakazam|Psychic|p1a: Chansey\n|-damage|p1a: Chansey|66/100 par\n|-unboost|p1a: Chansey|spa|1\n|-unboost|p1a: Chansey|spd|1\n|move|p1a: Chansey|Sing|p2a: Alakazam|[miss]\n|-miss|p1a: Chansey\n|\n|upkeep\n|turn|5\n|\n|t:|1782508939\n|move|p2a: Alakazam|Psychic|p1a: Chansey\n|-crit|p1a: Chansey\n|-damage|p1a: Chansey|32/100 par\n|move|p1a: Chansey|Soft-Boiled|p1a: Chansey\n|-heal|p1a: Chansey|82/100 par\n|\n|upkeep\n|turn|6\n|\n|t:|1782508945\n|switch|p1a: Starmie|Starmie|100/100\n|move|p2a: Alakazam|Psychic|p1a: Starmie\n|-resisted|p1a: Starmie\n|-damage|p1a: Starmie|82/100\n|\n|upkeep\n|turn|7\n|\n|t:|1782508950\n|switch|p1a: Chansey|Chansey|82/100 par\n|move|p2a: Alakazam|Thunder Wave|p1a: Chansey\n|-fail|p1a: Chansey|par\n|\n|upkeep\n|turn|8\n|\n|t:|1782508953\n|move|p2a: Alakazam|Psychic|p1a: Chansey\n|-damage|p1a: Chansey|63/100 par\n|-unboost|p1a: Chansey|spa|1\n|-unboost|p1a: Chansey|spd|1\n|move|p1a: Chansey|Soft-Boiled|p1a: Chansey\n|-heal|p1a: Chansey|100/100 par\n|\n|upkeep\n|turn|9\n|\n|t:|1782508955\n|move|p2a: Alakazam|Psychic|p1a: Chansey\n|-crit|p1a: Chansey\n|-damage|p1a: Chansey|67/100 par\n|move|p1a: Chansey|Sing|p2a: Alakazam\n|-status|p2a: Alakazam|slp|[from] move: Sing\n|\n|upkeep\n|turn|10\n|\n|t:|1782508959\n|switch|p2a: Snorlax|Snorlax|100/100\n|move|p1a: Chansey|Soft-Boiled|p1a: Chansey\n|-heal|p1a: Chansey|100/100 par\n|\n|upkeep\n|turn|11\n|\n|t:|1782508966\n|switch|p1a: Snorlax|Snorlax|100/100\n|move|p2a: Snorlax|Body Slam|p1a: Snorlax\n|-damage|p1a: Snorlax|72/100\n|\n|upkeep\n|turn|12\n|\n|t:|1782508973\n|move|p2a: Snorlax|Body Slam|p1a: Snorlax\n|-damage|p1a: Snorlax|48/100\n|move|p1a: Snorlax|Counter|p2a: Snorlax\n|-damage|p2a: Snorlax|52/100\n|\n|upkeep\n|turn|13\n|\n|t:|1782508983\n|move|p1a: Snorlax|Self-Destruct|p2a: Snorlax\n|-damage|p2a: Snorlax|0 fnt\n|faint|p2a: Snorlax\n|faint|p1a: Snorlax\n|\n|t:|1782509011\n|switch|p2a: Exeggutor|Exeggutor|100/100\n|switch|p1a: Starmie|Starmie|82/100\n|turn|14\n|\n|t:|1782509027\n|switch|p1a: Chansey|Chansey|100/100 par\n|move|p2a: Exeggutor|Psychic|p1a: Chansey\n|-crit|p1a: Chansey\n|-damage|p1a: Chansey|65/100 par\n|-unboost|p1a: Chansey|spa|1\n|-unboost|p1a: Chansey|spd|1\n|\n|upkeep\n|turn|15\n|\n|t:|1782509031\n|move|p2a: Exeggutor|Psychic|p1a: Chansey\n|-damage|p1a: Chansey|39/100 par\n|move|p1a: Chansey|Soft-Boiled|p1a: Chansey\n|-heal|p1a: Chansey|89/100 par\n|\n|upkeep\n|turn|16\n|\n|t:|1782509035\n|move|p2a: Exeggutor|Psychic|p1a: Chansey\n|-damage|p1a: Chansey|64/100 par\n|cant|p1a: Chansey|par\n|\n|upkeep\n|turn|17\n|\n|t:|1782509039\n|move|p2a: Exeggutor|Psychic|p1a: Chansey\n|-damage|p1a: Chansey|40/100 par\n|-unboost|p1a: Chansey|spa|1\n|-unboost|p1a: Chansey|spd|1\n|move|p1a: Chansey|Soft-Boiled|p1a: Chansey\n|-heal|p1a: Chansey|90/100 par\n|\n|upkeep\n|turn|18\n|\n|t:|1782509044\n|move|p2a: Exeggutor|Psychic|p1a: Chansey\n|-damage|p1a: Chansey|54/100 par\n|move|p1a: Chansey|Thunder Wave|p2a: Exeggutor\n|-status|p2a: Exeggutor|par\n|\n|upkeep\n|turn|19\n|\n|t:|1782509050\n|move|p2a: Exeggutor|Psychic|p1a: Chansey\n|-damage|p1a: Chansey|20/100 par\n|move|p1a: Chansey|Soft-Boiled|p1a: Chansey\n|-heal|p1a: Chansey|70/100 par\n|\n|upkeep\n|turn|20\n|\n|t:|1782509056\n|move|p2a: Exeggutor|Psychic|p1a: Chansey\n|-damage|p1a: Chansey|36/100 par\n|move|p1a: Chansey|Soft-Boiled|p1a: Chansey\n|-heal|p1a: Chansey|86/100 par\n|\n|upkeep\n|turn|21\n|\n|t:|1782509063\n|move|p2a: Exeggutor|Sleep Powder|p1a: Chansey\n|-fail|p1a: Chansey\n|move|p1a: Chansey|Seismic Toss|p2a: Exeggutor\n|-damage|p2a: Exeggutor|75/100 par\n|\n|upkeep\n|turn|22\n|\n|t:|1782509068\n|move|p2a: Exeggutor|Psychic|p1a: Chansey\n|-damage|p1a: Chansey|53/100 par\n|cant|p1a: Chansey|par\n|\n|upkeep\n|turn|23\n|\n|t:|1782509071\n|move|p2a: Exeggutor|Psychic|p1a: Chansey\n|-damage|p1a: Chansey|20/100 par\n|cant|p1a: Chansey|par\n|\n|upkeep\n|turn|24\n|\n|t:|1782509076\n|switch|p1a: Starmie|Starmie|82/100\n|move|p2a: Exeggutor|Psychic|p1a: Starmie\n|-resisted|p1a: Starmie\n|-damage|p1a: Starmie|63/100\n|\n|upkeep\n|turn|25\n|\n|t:|1782509086\n|switch|p1a: Chansey|Chansey|20/100 par\n|move|p2a: Exeggutor|Psychic|p1a: Chansey\n|-damage|p1a: Chansey|4/100 par\n|\n|upkeep\n|turn|26\n|\n|t:|1782509093\n|move|p2a: Exeggutor|Psychic|p1a: Chansey\n|-crit|p1a: Chansey\n|-damage|p1a: Chansey|0 fnt\n|faint|p1a: Chansey\n|\n|t:|1782509095\n|switch|p1a: Lapras|Lapras|100/100\n|turn|27\n|\n|t:|1782509102\n|switch|p2a: Chansey|Chansey|100/100\n|move|p1a: Lapras|Blizzard|p2a: Chansey\n|-damage|p2a: Chansey|81/100\n|\n|upkeep\n|turn|28\n|\n|t:|1782509111\n|move|p1a: Lapras|Confuse Ray|p2a: Chansey\n|-start|p2a: Chansey|confusion\n|-activate|p2a: Chansey|confusion\n|move|p2a: Chansey|Seismic Toss|p1a: Lapras\n|-damage|p1a: Lapras|79/100\n|\n|upkeep\n|turn|29\n|\n|t:|1782509122\n|move|p1a: Lapras|Blizzard|p2a: Chansey\n|-damage|p2a: Chansey|61/100\n|-activate|p2a: Chansey|confusion\n|move|p2a: Chansey|Soft-Boiled|p2a: Chansey\n|-heal|p2a: Chansey|100/100\n|\n|upkeep\n|turn|30\n|\n|t:|1782509143\n|switch|p1a: Starmie|Starmie|63/100\n|-activate|p2a: Chansey|confusion\n|move|p2a: Chansey|Thunder Wave|p1a: Starmie\n|-status|p1a: Starmie|par\n|\n|upkeep\n|turn|31\n|\n|t:|1782509153\n|switch|p2a: Exeggutor|Exeggutor|75/100 par\n|cant|p1a: Starmie|par\n|\n|upkeep\n|turn|32\n|\n|t:|1782509159\n|cant|p1a: Starmie|par\n|move|p2a: Exeggutor|Mega Drain|p1a: Starmie\n|-supereffective|p1a: Starmie\n|-damage|p1a: Starmie|31/100 par\n|-heal|p2a: Exeggutor|88/100 par|[from] drain|[of] p1a: Starmie\n|\n|upkeep\n|turn|33\n|\n|t:|1782509165\n|move|p1a: Starmie|Recover|p1a: Starmie\n|-heal|p1a: Starmie|81/100 par\n|move|p2a: Exeggutor|Mega Drain|p1a: Starmie\n|-supereffective|p1a: Starmie\n|-damage|p1a: Starmie|46/100 par\n|-heal|p2a: Exeggutor|100/100 par|[from] drain|[of] p1a: Starmie\n|\n|upkeep\n|turn|34\n|\n|t:|1782509172\n|cant|p1a: Starmie|par\n|cant|p2a: Exeggutor|par\n|\n|upkeep\n|turn|35\n|\n|t:|1782509175\n|move|p1a: Starmie|Recover|p1a: Starmie\n|-heal|p1a: Starmie|96/100 par\n|move|p2a: Exeggutor|Psychic|p1a: Starmie\n|-resisted|p1a: Starmie\n|-damage|p1a: Starmie|78/100 par\n|\n|upkeep\n|turn|36\n|\n|t:|1782509181\n|move|p1a: Starmie|Surf|p2a: Exeggutor\n|-crit|p2a: Exeggutor\n|-resisted|p2a: Exeggutor\n|-damage|p2a: Exeggutor|76/100 par\n|move|p2a: Exeggutor|Mega Drain|p1a: Starmie\n|-supereffective|p1a: Starmie\n|-damage|p1a: Starmie|44/100 par\n|-heal|p2a: Exeggutor|90/100 par|[from] drain|[of] p1a: Starmie\n|\n|upkeep\n|turn|37\n|\n|t:|1782509189\n|cant|p1a: Starmie|par\n|move|p2a: Exeggutor|Mega Drain|p1a: Starmie\n|-supereffective|p1a: Starmie\n|-damage|p1a: Starmie|11/100 par\n|-heal|p2a: Exeggutor|100/100 par|[from] drain|[of] p1a: Starmie\n|\n|upkeep\n|turn|38\n|\n|t:|1782509193\n|move|p1a: Starmie|Recover|p1a: Starmie\n|-heal|p1a: Starmie|61/100 par\n|cant|p2a: Exeggutor|par\n|\n|upkeep\n|turn|39\n|\n|t:|1782509198\n|cant|p1a: Starmie|par\n|move|p2a: Exeggutor|Psychic|p1a: Starmie\n|-resisted|p1a: Starmie\n|-damage|p1a: Starmie|43/100 par\n|\n|upkeep\n|turn|40\n|\n|t:|1782509200\n|cant|p1a: Starmie|par\n|move|p2a: Exeggutor|Mega Drain|p1a: Starmie\n|-supereffective|p1a: Starmie\n|-damage|p1a: Starmie|7/100 par\n|\n|upkeep\n|turn|41\n|\n|t:|1782509202\n|cant|p1a: Starmie|par\n|move|p2a: Exeggutor|Mega Drain|p1a: Starmie\n|-supereffective|p1a: Starmie\n|-damage|p1a: Starmie|0 fnt\n|faint|p1a: Starmie\n|\n|t:|1782509213\n|switch|p1a: Golem|Golem|100/100\n|turn|42\n|\n|t:|1782509234\n|switch|p2a: Chansey|Chansey|100/100\n|move|p1a: Golem|Rock Slide|p2a: Chansey\n|-damage|p2a: Chansey|66/100\n|\n|upkeep\n|turn|43\n|\n|t:|1782509244\n|move|p2a: Chansey|Reflect|p2a: Chansey\n|-start|p2a: Chansey|Reflect\n|move|p1a: Golem|Explosion|p2a: Chansey\n|-damage|p2a: Chansey|9/100\n|faint|p1a: Golem\n|\n|t:|1782509250\n|switch|p1a: Lapras|Lapras|79/100\n|turn|44\n|\n|t:|1782509267\n|switch|p2a: Alakazam|Alakazam|100/100 slp\n|move|p1a: Lapras|Thunderbolt|p2a: Alakazam\n|-damage|p2a: Alakazam|80/100 slp\n|\n|upkeep\n|turn|45\n|\n|t:|1782509270\n|cant|p2a: Alakazam|slp\n|move|p1a: Lapras|Blizzard|p2a: Alakazam\n|-damage|p2a: Alakazam|43/100 slp\n|\n|upkeep\n|turn|46\n|\n|t:|1782509272\n|cant|p2a: Alakazam|slp\n|move|p1a: Lapras|Hyper Beam|p2a: Alakazam\n|-damage|p2a: Alakazam|0 fnt\n|faint|p2a: Alakazam\n|\n|t:|1782509276\n|switch|p2a: Slowbro|Slowbro|100/100\n|turn|47\n|\n|t:|1782509278\n|move|p1a: Lapras|Confuse Ray|p2a: Slowbro\n|-start|p2a: Slowbro|confusion\n|-activate|p2a: Slowbro|confusion\n|move|p2a: Slowbro|Thunder Wave|p1a: Lapras\n|-status|p1a: Lapras|par\n|\n|upkeep\n|turn|48\n|\n|t:|1782509286\n|switch|p2a: Exeggutor|Exeggutor|100/100 par\n|move|p1a: Lapras|Thunderbolt|p2a: Exeggutor\n|-crit|p2a: Exeggutor\n|-resisted|p2a: Exeggutor\n|-damage|p2a: Exeggutor|85/100 par\n|\n|upkeep\n|turn|49\n|\n|t:|1782509292\n|move|p1a: Lapras|Confuse Ray|p2a: Exeggutor\n|-start|p2a: Exeggutor|confusion\n|-activate|p2a: Exeggutor|confusion\n|move|p2a: Exeggutor|Explosion|p1a: Lapras\n|-crit|p1a: Lapras\n|-damage|p1a: Lapras|0 fnt\n|faint|p1a: Lapras\n|faint|p2a: Exeggutor\n|\n|t:|1782509303\n|switch|p1a: Tauros|Tauros|100/100\n|switch|p2a: Slowbro|Slowbro|100/100\n|turn|50\n|\n|t:|1782509306\n|move|p1a: Tauros|Body Slam|p2a: Slowbro\n|-damage|p2a: Slowbro|76/100\n|move|p2a: Slowbro|Thunder Wave|p1a: Tauros\n|-status|p1a: Tauros|par\n|\n|upkeep\n|turn|51\n|\n|t:|1782509317\n|move|p2a: Slowbro|Amnesia|p2a: Slowbro\n|-boost|p2a: Slowbro|spa|2\n|-boost|p2a: Slowbro|spd|2\n|move|p1a: Tauros|Body Slam|p2a: Slowbro\n|-damage|p2a: Slowbro|51/100\n|\n|upkeep\n|turn|52\n|\n|t:|1782509320\n|move|p2a: Slowbro|Surf|p1a: Tauros\n|-damage|p1a: Tauros|32/100 par\n|cant|p1a: Tauros|par\n|\n|upkeep\n|turn|53\n|c|☆TheStupe|gg.\n|\n|t:|1782509324\n|move|p2a: Slowbro|Surf|p1a: Tauros\n|-damage|p1a: Tauros|0 fnt\n|faint|p1a: Tauros\n|\n|win|Mister Tim\n|c|☆Mister Tim|gg\n|player|p2|\n","uploadtime":1782509324,"views":"76","formatid":"gen1ou","rating":null,"private":0,"password":null}