{"id":"smogtours-gen1ou-949976","format":"[Gen 1] OU","players":["Acetylaldehyde","Deezcastforms"],"log":"|inactive|Battle timer is ON: inactive players will automatically lose when time's up.\n|t:|1782352196\n|gametype|singles\n|player|p1|Acetylaldehyde|scientist-gen1rb|\n|player|p2|Deezcastforms|#adpl8|\n|gen|1\n|tier|[Gen 1] OU\n|rule|Desync Clause Mod: Desyncs changed to move failure.\n|rule|HP Percentage Mod: HP is shown in percentages\n|rule|Endless Battle Clause: Forcing endless battles is banned\n|rule|Sleep Clause Mod: Limit one foe put to sleep\n|rule|Freeze Clause Mod: Limit one foe frozen\n|rule|Species Clause: Limit one of each Pokémon\n|rule|OHKO Clause: OHKO moves are banned\n|rule|Evasion Moves Clause: Evasion moves are banned\n|\n|t:|1782352196\n|teamsize|p1|6\n|teamsize|p2|6\n|start\n|switch|p1a: Gengar|Gengar|100/100\n|switch|p2a: Gengar|Gengar|100/100\n|turn|1\n|inactive|Acetylaldehyde also wants the timer to be on.\n|c|☆Acetylaldehyde|glhf\n|c|☆Deezcastforms|hf\n|inactive|Deezcastforms has 270 seconds left.\n|\n|t:|1782352235\n|move|p1a: Gengar|Psychic|p2a: Gengar\n|-supereffective|p2a: Gengar\n|-damage|p2a: Gengar|54/100\n|move|p2a: Gengar|Psychic|p1a: Gengar\n|-supereffective|p1a: Gengar\n|-damage|p1a: Gengar|54/100\n|-unboost|p1a: Gengar|spa|1\n|-unboost|p1a: Gengar|spd|1\n|\n|upkeep\n|turn|2\n|\n|t:|1782352247\n|switch|p1a: Jynx|Jynx|100/100\n|move|p2a: Gengar|Psychic|p1a: Jynx\n|-crit|p1a: Jynx\n|-resisted|p1a: Jynx\n|-damage|p1a: Jynx|76/100\n|\n|upkeep\n|turn|3\n|\n|t:|1782352253\n|move|p2a: Gengar|Hypnosis|p1a: Jynx\n|-status|p1a: Jynx|slp|[from] move: Hypnosis\n|cant|p1a: Jynx|slp\n|\n|upkeep\n|turn|4\n|\n|t:|1782352260\n|switch|p1a: Exeggutor|Exeggutor|100/100\n|move|p2a: Gengar|Thunderbolt|p1a: Exeggutor\n|-crit|p1a: Exeggutor\n|-resisted|p1a: Exeggutor\n|-damage|p1a: Exeggutor|83/100\n|\n|upkeep\n|turn|5\n|inactive|Deezcastforms has 270 seconds left.\n|inactive|Deezcastforms has 240 seconds left.\n|\n|t:|1782352339\n|switch|p1a: Gengar|Gengar|54/100\n|move|p2a: Gengar|Psychic|p1a: Gengar\n|-supereffective|p1a: Gengar\n|-damage|p1a: Gengar|10/100\n|\n|upkeep\n|turn|6\n|\n|t:|1782352348\n|switch|p1a: Exeggutor|Exeggutor|83/100\n|move|p2a: Gengar|Thunderbolt|p1a: Exeggutor\n|-crit|p1a: Exeggutor\n|-resisted|p1a: Exeggutor\n|-damage|p1a: Exeggutor|66/100\n|\n|upkeep\n|turn|7\n|inactive|Deezcastforms has 210 seconds left.\n|\n|t:|1782352384\n|switch|p1a: Gengar|Gengar|10/100\n|move|p2a: Gengar|Explosion|p1a: Gengar\n|-immune|p1a: Gengar\n|faint|p2a: Gengar\n|inactive|Deezcastforms has 210 seconds left.\n|inactive|Deezcastforms has 180 seconds left.\n|inactive|Deezcastforms has 150 seconds left.\n|inactive|Deezcastforms has 120 seconds left.\n|inactive|Deezcastforms has 90 seconds left.\n|\n|t:|1782352516\n|switch|p2a: Tauros|Tauros|100/100\n|turn|8\n|\n|t:|1782352524\n|switch|p1a: Snorlax|Snorlax|100/100\n|move|p2a: Tauros|Blizzard|p1a: Snorlax\n|-crit|p1a: Snorlax\n|-damage|p1a: Snorlax|61/100\n|\n|upkeep\n|turn|9\n|inactive|Acetylaldehyde has 270 seconds left.\n|\n|t:|1782352557\n|switch|p2a: Cloyster|Cloyster|100/100\n|move|p1a: Snorlax|Self-Destruct|p2a: Cloyster\n|-damage|p2a: Cloyster|30/100\n|faint|p1a: Snorlax\n|inactive|Acetylaldehyde has 270 seconds left.\n|\n|t:|1782352564\n|switch|p1a: Gengar|Gengar|10/100\n|turn|10\n|inactive|Acetylaldehyde has 270 seconds left.\n|\n|t:|1782352575\n|switch|p2a: Exeggutor|Exeggutor|100/100\n|move|p1a: Gengar|Thunderbolt|p2a: Exeggutor\n|-crit|p2a: Exeggutor\n|-resisted|p2a: Exeggutor\n|-damage|p2a: Exeggutor|80/100\n|\n|upkeep\n|turn|11\n|inactive|Deezcastforms has 90 seconds left.\n|inactive|Deezcastforms has 60 seconds left.\n|\n|t:|1782352643\n|move|p1a: Gengar|Hypnosis|p2a: Exeggutor\n|-status|p2a: Exeggutor|slp|[from] move: Hypnosis\n|cant|p2a: Exeggutor|slp\n|\n|upkeep\n|turn|12\n|inactive|Deezcastforms has 60 seconds left.\n|\n|t:|1782352667\n|switch|p1a: Tauros|Tauros|100/100\n|cant|p2a: Exeggutor|slp\n|\n|upkeep\n|turn|13\n|\n|t:|1782352679\n|switch|p2a: Cloyster|Cloyster|30/100\n|move|p1a: Tauros|Body Slam|p2a: Cloyster\n|-damage|p2a: Cloyster|7/100\n|-status|p2a: Cloyster|par\n|\n|upkeep\n|turn|14\n|\n|t:|1782352685\n|move|p1a: Tauros|Body Slam|p2a: Cloyster\n|-damage|p2a: Cloyster|0 fnt\n|faint|p2a: Cloyster\n|\n|t:|1782352686\n|switch|p2a: Tauros|Tauros|100/100\n|turn|15\n|\n|t:|1782352695\n|move|p2a: Tauros|Body Slam|p1a: Tauros\n|-damage|p1a: Tauros|74/100\n|move|p1a: Tauros|Body Slam|p2a: Tauros\n|-damage|p2a: Tauros|72/100\n|\n|upkeep\n|turn|16\n|\n|t:|1782352701\n|move|p1a: Tauros|Body Slam|p2a: Tauros\n|-damage|p2a: Tauros|45/100\n|move|p2a: Tauros|Body Slam|p1a: Tauros\n|-damage|p1a: Tauros|44/100\n|\n|upkeep\n|turn|17\n|inactive|Deezcastforms has 60 seconds left.\n|inactive|Deezcastforms has 30 seconds left.\n|inactive|Deezcastforms has 20 seconds left.\n|inactive|Deezcastforms has 15 seconds left.\n|\n|t:|1782352772\n|switch|p1a: Gengar|Gengar|10/100\n|move|p2a: Tauros|Blizzard|p1a: Gengar|[miss]\n|-miss|p2a: Tauros\n|\n|upkeep\n|turn|18\n|inactive|Deezcastforms has 25 seconds left this turn.\n|inactive|Deezcastforms has 20 seconds left.\n|inactive|Deezcastforms has 15 seconds left.\n|\n|t:|1782352787\n|switch|p2a: Rhydon|Rhydon|100/100\n|move|p1a: Gengar|Explosion|p2a: Rhydon\n|-resisted|p2a: Rhydon\n|-damage|p2a: Rhydon|77/100\n|faint|p1a: Gengar\n|\n|t:|1782352793\n|switch|p1a: Exeggutor|Exeggutor|66/100\n|turn|19\n|inactive|Deezcastforms has 30 seconds left this turn.\n|inactive|Deezcastforms has 20 seconds left.\n|inactive|Deezcastforms has 15 seconds left.\n|\n|t:|1782352809\n|switch|p2a: Exeggutor|Exeggutor|80/100 slp\n|move|p1a: Exeggutor|Mega Drain|p2a: Exeggutor\n|-resisted|p2a: Exeggutor\n|-damage|p2a: Exeggutor|74/100 slp\n|-heal|p1a: Exeggutor|69/100|[from] drain|[of] p2a: Exeggutor\n|\n|upkeep\n|turn|20\n|inactive|Deezcastforms has 25 seconds left this turn.\n|\n|t:|1782352817\n|switch|p1a: Tauros|Tauros|44/100\n|switch|p2a: Chansey|Chansey|100/100\n|\n|upkeep\n|turn|21\n|inactive|Deezcastforms has 30 seconds left.\n|\n|t:|1782352842\n|switch|p1a: Jynx|Jynx|76/100 slp\n|move|p2a: Chansey|Thunder Wave|p1a: Jynx\n|-fail|p1a: Jynx\n|\n|upkeep\n|turn|22\n|inactive|Deezcastforms has 30 seconds left.\n|\n|t:|1782352853\n|switch|p1a: Exeggutor|Exeggutor|69/100\n|move|p2a: Chansey|Thunderbolt|p1a: Exeggutor\n|-resisted|p1a: Exeggutor\n|-damage|p1a: Exeggutor|60/100\n|\n|upkeep\n|turn|23\n|inactive|Deezcastforms has 30 seconds left.\n|inactive|Deezcastforms has 20 seconds left.\n|inactive|Deezcastforms has 15 seconds left.\n|\n|t:|1782352879\n|move|p1a: Exeggutor|Stun Spore|p2a: Chansey|[miss]\n|-miss|p1a: Exeggutor\n|move|p2a: Chansey|Ice Beam|p1a: Exeggutor\n|-supereffective|p1a: Exeggutor\n|-damage|p1a: Exeggutor|26/100\n|\n|upkeep\n|turn|24\n|inactive|Deezcastforms has 25 seconds left this turn.\n|inactive|Deezcastforms has 20 seconds left.\n|\n|t:|1782352887\n|switch|p2a: Exeggutor|Exeggutor|74/100 slp\n|move|p1a: Exeggutor|Explosion|p2a: Exeggutor\n|-damage|p2a: Exeggutor|0 fnt\n|faint|p2a: Exeggutor\n|faint|p1a: Exeggutor\n|inactive|Deezcastforms has 25 seconds left this turn.\n|inactive|Deezcastforms has 20 seconds left.\n|inactive|Deezcastforms has 15 seconds left.\n|\n|t:|1782352899\n|switch|p2a: Chansey|Chansey|100/100\n|switch|p1a: Tauros|Tauros|44/100\n|turn|25\n|inactive|Deezcastforms has 25 seconds left this turn.\n|\n|t:|1782352925\n|switch|p1a: Jynx|Jynx|76/100 slp\n|move|p2a: Chansey|Thunder Wave|p1a: Jynx\n|-fail|p1a: Jynx\n|\n|upkeep\n|turn|26\n|inactive|Deezcastforms has 30 seconds left.\n|\n|t:|1782352933\n|cant|p1a: Jynx|slp\n|move|p2a: Chansey|Thunderbolt|p1a: Jynx\n|-crit|p1a: Jynx\n|-damage|p1a: Jynx|31/100 slp\n|\n|upkeep\n|turn|27\n|inactive|Deezcastforms has 30 seconds left.\n|inactive|Deezcastforms has 20 seconds left.\n|\n|t:|1782352956\n|switch|p2a: Tauros|Tauros|45/100\n|-curestatus|p1a: Jynx|slp|[msg]\n|\n|upkeep\n|turn|28\n|inactive|Deezcastforms has 30 seconds left this turn.\n|\n|t:|1782352965\n|switch|p1a: Tauros|Tauros|44/100\n|move|p2a: Tauros|Body Slam|p1a: Tauros\n|-crit|p1a: Tauros\n|-damage|p1a: Tauros|0 fnt\n|faint|p1a: Tauros\n|\n|t:|1782352972\n|switch|p1a: Zapdos|Zapdos|100/100\n|turn|29\n|inactive|Deezcastforms has 30 seconds left.\n|inactive|Deezcastforms has 20 seconds left.\n|inactive|Deezcastforms has 15 seconds left.\n|inactive|Deezcastforms has 10 seconds left.\n|inactive|Deezcastforms has 5 seconds left.\n|\n|t:|1782353012\n|switch|p2a: Rhydon|Rhydon|77/100\n|switch|p1a: Jynx|Jynx|31/100\n|\n|upkeep\n|turn|30\n|inactive|Deezcastforms has 15 seconds left this turn.\n|inactive|Deezcastforms has 10 seconds left.\n|\n|t:|1782353019\n|switch|p2a: Chansey|Chansey|100/100\n|move|p1a: Jynx|Lovely Kiss|p2a: Chansey|[miss]\n|-miss|p1a: Jynx\n|\n|upkeep\n|turn|31\n|inactive|Deezcastforms has 20 seconds left this turn.\n|inactive|Deezcastforms has 15 seconds left.\n|inactive|Deezcastforms has 10 seconds left.\n|\n|t:|1782353031\n|move|p1a: Jynx|Lovely Kiss|p2a: Chansey\n|-status|p2a: Chansey|slp|[from] move: Lovely Kiss\n|cant|p2a: Chansey|slp\n|\n|upkeep\n|turn|32\n|inactive|Deezcastforms has 20 seconds left this turn.\n|\n|t:|1782353041\n|move|p1a: Jynx|Psychic|p2a: Chansey\n|-damage|p2a: Chansey|86/100 slp\n|-unboost|p2a: Chansey|spa|1\n|-unboost|p2a: Chansey|spd|1\n|cant|p2a: Chansey|slp\n|\n|upkeep\n|turn|33\n|inactive|Deezcastforms has 30 seconds left this turn.\n|\n|t:|1782353047\n|move|p1a: Jynx|Psychic|p2a: Chansey\n|-damage|p2a: Chansey|64/100 slp\n|-curestatus|p2a: Chansey|slp|[msg]\n|\n|upkeep\n|turn|34\n|inactive|Deezcastforms has 30 seconds left.\n|\n|t:|1782353056\n|move|p1a: Jynx|Lovely Kiss|p2a: Chansey\n|-status|p2a: Chansey|slp|[from] move: Lovely Kiss\n|cant|p2a: Chansey|slp\n|\n|upkeep\n|turn|35\n|\n|t:|1782353062\n|move|p1a: Jynx|Psychic|p2a: Chansey\n|-damage|p2a: Chansey|41/100 slp\n|-curestatus|p2a: Chansey|slp|[msg]\n|\n|upkeep\n|turn|36\n|\n|t:|1782353079\n|move|p1a: Jynx|Lovely Kiss|p2a: Chansey\n|-status|p2a: Chansey|slp|[from] move: Lovely Kiss\n|cant|p2a: Chansey|slp\n|\n|upkeep\n|turn|37\n|\n|t:|1782353092\n|move|p1a: Jynx|Psychic|p2a: Chansey\n|-damage|p2a: Chansey|20/100 slp\n|cant|p2a: Chansey|slp\n|\n|upkeep\n|turn|38\n|inactive|Acetylaldehyde has 270 seconds left.\n|\n|t:|1782353147\n|move|p1a: Jynx|Psychic|p2a: Chansey|[miss]\n|-miss|p1a: Jynx\n|-hint|In Gen 1, moves with 100% accuracy can still miss 1/256 of the time.\n|-curestatus|p2a: Chansey|slp|[msg]\n|\n|upkeep\n|turn|39\n|inactive|Deezcastforms has 60 seconds left.\n|\n|t:|1782353161\n|move|p1a: Jynx|Psychic|p2a: Chansey\n|-damage|p2a: Chansey|0 fnt\n|faint|p2a: Chansey\n|\n|t:|1782353163\n|switch|p2a: Tauros|Tauros|45/100\n|turn|40\n|\n|t:|1782353167\n|switch|p1a: Zapdos|Zapdos|100/100\n|move|p2a: Tauros|Body Slam|p1a: Zapdos\n|-damage|p1a: Zapdos|70/100\n|\n|upkeep\n|turn|41\n|inactive|Acetylaldehyde has 270 seconds left.\n|inactive|Deezcastforms has 60 seconds left.\n|inactive|Acetylaldehyde has 240 seconds left.\n|\n|t:|1782353223\n|switch|p2a: Rhydon|Rhydon|77/100\n|switch|p1a: Jynx|Jynx|31/100\n|\n|upkeep\n|turn|42\n|inactive|Deezcastforms has 60 seconds left.\n|inactive|Deezcastforms has 30 seconds left.\n|inactive|Deezcastforms has 20 seconds left.\n|\n|t:|1782353275\n|move|p1a: Jynx|Blizzard|p2a: Rhydon\n|-supereffective|p2a: Rhydon\n|-damage|p2a: Rhydon|0 fnt\n|faint|p2a: Rhydon\n|inactive|Deezcastforms has 25 seconds left this turn.\n|\n|t:|1782353278\n|switch|p2a: Tauros|Tauros|45/100\n|turn|43\n|inactive|Deezcastforms has 30 seconds left.\n|inactive|Deezcastforms has 20 seconds left.\n|\n|t:|1782353295\n|move|p2a: Tauros|Body Slam|p1a: Jynx\n|-crit|p1a: Jynx\n|-damage|p1a: Jynx|0 fnt\n|faint|p1a: Jynx\n|\n|t:|1782353300\n|switch|p1a: Zapdos|Zapdos|70/100\n|turn|44\n|inactive|Deezcastforms has 30 seconds left.\n|\n|t:|1782353312\n|move|p2a: Tauros|Hyper Beam|p1a: Zapdos\n|-damage|p1a: Zapdos|17/100\n|-mustrecharge|p2a: Tauros\n|move|p1a: Zapdos|Thunder Wave|p2a: Tauros\n|-status|p2a: Tauros|par\n|\n|upkeep\n|turn|45\n|inactive|Deezcastforms has 30 seconds left.\n|\n|t:|1782353320\n|move|p1a: Zapdos|Thunderbolt|p2a: Tauros\n|-damage|p2a: Tauros|0 fnt\n|faint|p2a: Tauros\n|\n|win|Acetylaldehyde\n|c|☆Acetylaldehyde|gg\n|c|☆Deezcastforms|gg\n","uploadtime":1782353320,"views":"66","formatid":"gen1ou","rating":null,"private":0,"password":null}