{"id":"smogtours-gen1ou-958055","format":"[Gen 1] OU","players":["phoopes","B6 flow"],"log":"|inactive|Battle timer is ON: inactive players will automatically lose when time's up.\n|t:|1784665535\n|gametype|singles\n|player|p1|phoopes|#phoopes|\n|player|p2|B6 flow|lucas|\n|gen|1\n|tier|[Gen 1] OU\n|rule|Desync Clause Mod: Desyncs resolve to link battle behavior from the acting player's perspective.\n|rule|HP Percentage Mod: HP is shown in percentages\n|rule|Endless Battle Clause: Forcing endless battles is banned\n|rule|Sleep Clause Mod: Limit one foe put to sleep\n|rule|Freeze Clause Mod: Limit one foe frozen\n|rule|Species Clause: Limit one of each Pokémon\n|rule|OHKO Clause: OHKO moves are banned\n|rule|Evasion Moves Clause: Evasion moves are banned\n|\n|t:|1784665535\n|teamsize|p1|6\n|teamsize|p2|6\n|start\n|switch|p1a: Vaudeville Villain|Starmie|100/100\n|switch|p2a: royal waterways|Starmie|100/100\n|turn|1\n|c|☆phoopes|gl\n|c|☆B6 flow|hf\n|c|☆phoopes|who'd you steal this team from\n|c|☆phoopes|lol\n|inactive|phoopes has 270 seconds left.\n|c|☆phoopes|I think these are Excal's nicknames\n|\n|t:|1784665571\n|switch|p1a: Key to the Kuffs|Chansey|100/100\n|switch|p2a: fog canyon|Chansey|100/100\n|\n|upkeep\n|turn|2\n|\n|t:|1784665579\n|move|p1a: Key to the Kuffs|Sing|p2a: fog canyon\n|-status|p2a: fog canyon|slp|[from] move: Sing\n|cant|p2a: fog canyon|slp\n|\n|upkeep\n|turn|3\n|\n|t:|1784665587\n|switch|p1a: Mm..Food|Snorlax|100/100\n|cant|p2a: fog canyon|slp\n|\n|upkeep\n|turn|4\n|\n|t:|1784665592\n|switch|p2a: greenpath|Exeggutor|100/100\n|move|p1a: Mm..Food|Body Slam|p2a: greenpath\n|-damage|p2a: greenpath|69/100\n|-status|p2a: greenpath|par\n|\n|upkeep\n|turn|5\n|c|☆B6 flow|yeah?\n|c|☆B6 flow|oh well\n|c|☆B6 flow|i just grabbed it from builder\n|\n|t:|1784665617\n|switch|p1a: Vaudeville Villain|Starmie|100/100\n|move|p2a: greenpath|Sleep Powder|p1a: Vaudeville Villain\n|-status|p1a: Vaudeville Villain|slp|[from] move: Sleep Powder\n|\n|upkeep\n|turn|6\n|\n|t:|1784665625\n|switch|p1a: Key to the Kuffs|Chansey|100/100\n|switch|p2a: kingdom's edge|Tauros|100/100\n|\n|upkeep\n|turn|7\n|\n|t:|1784665636\n|switch|p2a: fog canyon|Chansey|100/100 slp\n|move|p1a: Key to the Kuffs|Thunder Wave|p2a: fog canyon\n|-fail|p2a: fog canyon\n|\n|upkeep\n|turn|8\n|\n|t:|1784665641\n|switch|p1a: Mm..Food|Snorlax|100/100\n|cant|p2a: fog canyon|slp\n|\n|upkeep\n|turn|9\n|\n|t:|1784665648\n|switch|p2a: resting grounds|Snorlax|100/100\n|move|p1a: Mm..Food|Body Slam|p2a: resting grounds\n|-damage|p2a: resting grounds|74/100\n|\n|upkeep\n|turn|10\n|\n|t:|1784665657\n|move|p2a: resting grounds|Reflect|p2a: resting grounds\n|-start|p2a: resting grounds|Reflect\n|move|p1a: Mm..Food|Body Slam|p2a: resting grounds\n|-crit|p2a: resting grounds\n|-damage|p2a: resting grounds|20/100\n|\n|upkeep\n|turn|11\n|\n|t:|1784665674\n|move|p1a: Mm..Food|Hyper Beam|p2a: resting grounds\n|-damage|p2a: resting grounds|0 fnt\n|faint|p2a: resting grounds\n|\n|t:|1784665683\n|switch|p2a: ancient basin|Rhydon|100/100\n|turn|12\n|\n|t:|1784665690\n|switch|p1a: Special Herbs|Exeggutor|100/100\n|move|p2a: ancient basin|Earthquake|p1a: Special Herbs\n|-crit|p1a: Special Herbs\n|-resisted|p1a: Special Herbs\n|-damage|p1a: Special Herbs|59/100\n|\n|upkeep\n|turn|13\n|\n|t:|1784665697\n|switch|p2a: royal waterways|Starmie|100/100\n|move|p1a: Special Herbs|Psychic|p2a: royal waterways\n|-resisted|p2a: royal waterways\n|-damage|p2a: royal waterways|83/100\n|\n|upkeep\n|turn|14\n|\n|t:|1784665703\n|move|p2a: royal waterways|Thunder Wave|p1a: Special Herbs\n|-status|p1a: Special Herbs|par\n|move|p1a: Special Herbs|Stun Spore|p2a: royal waterways\n|-status|p2a: royal waterways|par\n|\n|upkeep\n|turn|15\n|\n|t:|1784665716\n|move|p2a: royal waterways|Surf|p1a: Special Herbs\n|-resisted|p1a: Special Herbs\n|-damage|p1a: Special Herbs|47/100 par\n|move|p1a: Special Herbs|Explosion|p2a: royal waterways\n|-damage|p2a: royal waterways|0 fnt\n|faint|p2a: royal waterways\n|faint|p1a: Special Herbs\n|\n|t:|1784665727\n|switch|p2a: kingdom's edge|Tauros|100/100\n|switch|p1a: Madvillainy|Tauros|100/100\n|turn|16\n|\n|t:|1784665731\n|move|p2a: kingdom's edge|Body Slam|p1a: Madvillainy\n|-damage|p1a: Madvillainy|72/100\n|move|p1a: Madvillainy|Body Slam|p2a: kingdom's edge\n|-crit|p2a: kingdom's edge\n|-damage|p2a: kingdom's edge|41/100\n|\n|upkeep\n|turn|17\n|\n|t:|1784665737\n|move|p1a: Madvillainy|Body Slam|p2a: kingdom's edge\n|-damage|p2a: kingdom's edge|10/100\n|move|p2a: kingdom's edge|Body Slam|p1a: Madvillainy\n|-damage|p1a: Madvillainy|43/100\n|\n|upkeep\n|turn|18\n|\n|t:|1784665743\n|switch|p1a: Operation Doomsday|Cloyster|100/100\n|move|p2a: kingdom's edge|Body Slam|p1a: Operation Doomsday\n|-crit|p1a: Operation Doomsday\n|-damage|p1a: Operation Doomsday|61/100\n|\n|upkeep\n|turn|19\n|\n|t:|1784665751\n|move|p2a: kingdom's edge|Body Slam|p1a: Operation Doomsday\n|-damage|p1a: Operation Doomsday|39/100\n|move|p1a: Operation Doomsday|Blizzard|p2a: kingdom's edge\n|-crit|p2a: kingdom's edge\n|-damage|p2a: kingdom's edge|0 fnt\n|faint|p2a: kingdom's edge\n|\n|t:|1784665759\n|switch|p2a: ancient basin|Rhydon|100/100\n|turn|20\n|\n|t:|1784665762\n|move|p1a: Operation Doomsday|Blizzard|p2a: ancient basin\n|-supereffective|p2a: ancient basin\n|-damage|p2a: ancient basin|11/100\n|move|p2a: ancient basin|Body Slam|p1a: Operation Doomsday\n|-damage|p1a: Operation Doomsday|21/100\n|\n|upkeep\n|turn|21\n|c|☆B6 flow|yeah\n|c|☆B6 flow|ggs\n|\n|t:|1784665769\n|move|p1a: Operation Doomsday|Blizzard|p2a: ancient basin\n|-supereffective|p2a: ancient basin\n|-damage|p2a: ancient basin|0 fnt\n|faint|p2a: ancient basin\n|c|☆B6 flow|also\n|c|☆phoopes|ggs\n|c|☆B6 flow|why sleep and para are not banned in this gen?\n|c|☆B6 flow|they are ridiculous\n|c|☆phoopes|appreciate your flexibility with scheduling\n|\n|t:|1784665791\n|switch|p2a: fog canyon|Chansey|100/100 slp\n|turn|22\n|c|☆phoopes|they are fair and balanced :tm:\n|c|☆phoopes|lol\n|\n|t:|1784665807\n|move|p1a: Operation Doomsday|Explosion|p2a: fog canyon\n|-damage|p2a: fog canyon|0 fnt\n|faint|p2a: fog canyon\n|faint|p1a: Operation Doomsday\n|c|☆B6 flow|what?\n|c|☆B6 flow|your mon sleep for 6 turns\n|c|☆B6 flow|a free k.o\n|c|☆B6 flow|and this is balanced?\n|inactive|phoopes has 270 seconds left.\n|\n|t:|1784665851\n|switch|p1a: Mm..Food|Snorlax|100/100\n|switch|p2a: greenpath|Exeggutor|69/100 par\n|turn|23\n|c|☆phoopes|it is what it is\n|c|☆phoopes|I'm used to it\n|c|☆phoopes|so I don't think there's an issue\n|\n|t:|1784665870\n|move|p1a: Mm..Food|Self-Destruct|p2a: greenpath\n|-damage|p2a: greenpath|0 fnt\n|faint|p2a: greenpath\n|faint|p1a: Mm..Food\n|\n|win|phoopes\n|c|☆phoopes|ggs\n|c|☆B6 flow|gg\n|c|☆phoopes|thanks again\n|c|☆B6 flow|npo\n|c|☆B6 flow|np\n","uploadtime":1784665870,"views":"84","formatid":"gen1ou","rating":null,"private":2,"password":null}