{"id":"smogtours-gen1ou-946649","format":"[Gen 1] OU","players":["Bedal Roscoe","KeshBa45"],"log":"|inactive|Battle timer is ON: inactive players will automatically lose when time's up.\n|t:|1781451183\n|gametype|singles\n|player|p1|Bedal Roscoe|sabrina-gen1|\n|player|p2|KeshBa45|red|\n|gen|1\n|tier|[Gen 1] OU\n|rule|Desync Clause Mod: Desyncs changed to move failure.\n|rule|HP Percentage Mod: HP is shown in percentages\n|rule|Endless Battle Clause: Forcing endless battles is banned\n|rule|Sleep Clause Mod: Limit one foe put to sleep\n|rule|Freeze Clause Mod: Limit one foe frozen\n|rule|Species Clause: Limit one of each Pokémon\n|rule|OHKO Clause: OHKO moves are banned\n|rule|Evasion Moves Clause: Evasion moves are banned\n|\n|t:|1781451183\n|teamsize|p1|6\n|teamsize|p2|6\n|start\n|switch|p1a: Tauros|Tauros|100/100\n|switch|p2a: Starmie|Starmie|100/100\n|turn|1\n|c|☆Bedal Roscoe|glhf\n|inactive|Bedal Roscoe has 270 seconds left.\n|\n|t:|1781451215\n|switch|p1a: Chansey|Chansey|100/100\n|move|p2a: Starmie|Thunder Wave|p1a: Chansey\n|-status|p1a: Chansey|par\n|\n|upkeep\n|turn|2\n|\n|t:|1781451221\n|switch|p2a: Jynx|Jynx|100/100\n|move|p1a: Chansey|Sing|p2a: Jynx|[miss]\n|-miss|p1a: Chansey\n|\n|upkeep\n|turn|3\n|\n|t:|1781451226\n|move|p2a: Jynx|Psychic|p1a: Chansey\n|-crit|p1a: Chansey\n|-damage|p1a: Chansey|72/100 par\n|-unboost|p1a: Chansey|spa|1\n|-unboost|p1a: Chansey|spd|1\n|move|p1a: Chansey|Sing|p2a: Jynx|[miss]\n|-miss|p1a: Chansey\n|\n|upkeep\n|turn|4\n|\n|t:|1781451235\n|move|p2a: Jynx|Psychic|p1a: Chansey\n|-damage|p1a: Chansey|50/100 par\n|move|p1a: Chansey|Sing|p2a: Jynx\n|-status|p2a: Jynx|slp|[from] move: Sing\n|\n|upkeep\n|turn|5\n|\n|t:|1781451243\n|switch|p2a: Snorlax|Snorlax|100/100\n|move|p1a: Chansey|Soft-Boiled|p1a: Chansey\n|-heal|p1a: Chansey|99/100 par\n|\n|upkeep\n|turn|6\n|inactive|Bedal Roscoe has 270 seconds left.\n|\n|t:|1781451292\n|move|p2a: Snorlax|Body Slam|p1a: Chansey\n|-damage|p1a: Chansey|62/100 par\n|move|p1a: Chansey|Thunder Wave|p2a: Snorlax\n|-status|p2a: Snorlax|par\n|\n|upkeep\n|turn|7\n|\n|t:|1781451307\n|switch|p1a: Snorlax|Snorlax|100/100\n|cant|p2a: Snorlax|par\n|\n|upkeep\n|turn|8\n|\n|t:|1781451311\n|move|p1a: Snorlax|Body Slam|p2a: Snorlax\n|-damage|p2a: Snorlax|74/100 par\n|move|p2a: Snorlax|Reflect|p2a: Snorlax\n|-start|p2a: Snorlax|Reflect\n|\n|upkeep\n|turn|9\n|inactive|Bedal Roscoe has 270 seconds left.\n|\n|t:|1781451319\n|move|p1a: Snorlax|Body Slam|p2a: Snorlax\n|-damage|p2a: Snorlax|60/100 par\n|move|p2a: Snorlax|Body Slam|p1a: Snorlax\n|-damage|p1a: Snorlax|75/100\n|\n|upkeep\n|turn|10\n|\n|t:|1781451326\n|move|p1a: Snorlax|Self-Destruct|p2a: Snorlax\n|-damage|p2a: Snorlax|18/100 par\n|faint|p1a: Snorlax\n|inactive|Bedal Roscoe has 270 seconds left.\n|\n|t:|1781451341\n|switch|p1a: Exeggutor|Exeggutor|100/100\n|turn|11\n|inactive|Bedal Roscoe has 270 seconds left.\n|\n|t:|1781451357\n|switch|p2a: Chansey|Chansey|100/100\n|move|p1a: Exeggutor|Psychic|p2a: Chansey\n|-damage|p2a: Chansey|84/100\n|\n|upkeep\n|turn|12\n|\n|t:|1781451362\n|move|p1a: Exeggutor|Stun Spore|p2a: Chansey\n|-status|p2a: Chansey|par\n|cant|p2a: Chansey|par\n|\n|upkeep\n|turn|13\n|\n|t:|1781451367\n|switch|p1a: Chansey|Chansey|62/100 par\n|move|p2a: Chansey|Ice Beam|p1a: Chansey\n|-damage|p1a: Chansey|51/100 par\n|\n|upkeep\n|turn|14\n|\n|t:|1781451380\n|switch|p2a: Rhydon|Rhydon|100/100\n|move|p1a: Chansey|Soft-Boiled|p1a: Chansey\n|-heal|p1a: Chansey|100/100 par\n|\n|upkeep\n|turn|15\n|inactive|Bedal Roscoe has 270 seconds left.\n|\n|t:|1781451409\n|switch|p1a: Exeggutor|Exeggutor|100/100\n|move|p2a: Rhydon|Body Slam|p1a: Exeggutor\n|-damage|p1a: Exeggutor|77/100\n|\n|upkeep\n|turn|16\n|inactive|KeshBa45 has 270 seconds left.\n|\n|t:|1781451439\n|switch|p2a: Chansey|Chansey|84/100 par\n|move|p1a: Exeggutor|Double-Edge|p2a: Chansey\n|-damage|p2a: Chansey|54/100 par\n|-damage|p1a: Exeggutor|64/100|[from] Recoil|[of] p2a: Chansey\n|\n|upkeep\n|turn|17\n|inactive|KeshBa45 has 270 seconds left.\n|\n|t:|1781451464\n|move|p1a: Exeggutor|Psychic|p2a: Chansey\n|-damage|p2a: Chansey|36/100 par\n|cant|p2a: Chansey|par\n|\n|upkeep\n|turn|18\n|inactive|KeshBa45 has 270 seconds left.\n|inactive|Bedal Roscoe has 240 seconds left.\n|inactive|KeshBa45 has 240 seconds left.\n|\n|t:|1781451514\n|switch|p1a: Tauros|Tauros|100/100\n|cant|p2a: Chansey|par\n|\n|upkeep\n|turn|19\n|inactive|KeshBa45 has 240 seconds left.\n|inactive|Bedal Roscoe has 210 seconds left.\n|\n|t:|1781451532\n|switch|p2a: Snorlax|Snorlax|18/100 par\n|move|p1a: Tauros|Body Slam|p2a: Snorlax\n|-damage|p2a: Snorlax|0 fnt\n|faint|p2a: Snorlax\n|\n|t:|1781451542\n|switch|p2a: Starmie|Starmie|100/100\n|turn|20\n|inactive|KeshBa45 has 240 seconds left.\n|\n|t:|1781451552\n|switch|p1a: Chansey|Chansey|100/100 par\n|move|p2a: Starmie|Psychic|p1a: Chansey\n|-damage|p1a: Chansey|85/100 par\n|-unboost|p1a: Chansey|spa|1\n|-unboost|p1a: Chansey|spd|1\n|\n|upkeep\n|turn|21\n|inactive|KeshBa45 has 240 seconds left.\n|inactive|Bedal Roscoe has 210 seconds left.\n|inactive|KeshBa45 has 210 seconds left.\n|\n|t:|1781451601\n|move|p2a: Starmie|Psychic|p1a: Chansey\n|-damage|p1a: Chansey|62/100 par\n|cant|p1a: Chansey|par\n|\n|upkeep\n|turn|22\n|\n|t:|1781451608\n|switch|p2a: Chansey|Chansey|36/100 par\n|move|p1a: Chansey|Soft-Boiled|p1a: Chansey\n|-heal|p1a: Chansey|100/100 par\n|\n|upkeep\n|turn|23\n|inactive|KeshBa45 has 210 seconds left.\n|inactive|Bedal Roscoe has 180 seconds left.\n|\n|t:|1781451665\n|switch|p1a: Tauros|Tauros|100/100\n|move|p2a: Chansey|Soft-Boiled|p2a: Chansey\n|-heal|p2a: Chansey|86/100 par\n|\n|upkeep\n|turn|24\n|inactive|KeshBa45 disconnected and has 300 seconds to reconnect!\n|player|p2|\n|inactive|KeshBa45 reconnected and has 220 seconds left.\n|player|p2|KeshBa45|red|\n|inactive|Bedal Roscoe has 150 seconds left.\n|inactive|KeshBa45 has 210 seconds left.\n|\n|t:|1781451702\n|switch|p2a: Starmie|Starmie|100/100\n|move|p1a: Tauros|Body Slam|p2a: Starmie\n|-damage|p2a: Starmie|67/100\n|-status|p2a: Starmie|par\n|\n|upkeep\n|turn|25\n|inactive|Bedal Roscoe has 150 seconds left.\n|\n|t:|1781451732\n|move|p1a: Tauros|Body Slam|p2a: Starmie\n|-damage|p2a: Starmie|31/100 par\n|move|p2a: Starmie|Thunder Wave|p1a: Tauros\n|-status|p1a: Tauros|par\n|\n|upkeep\n|turn|26\n|inactive|KeshBa45 has 210 seconds left.\n|inactive|Bedal Roscoe has 120 seconds left.\n|inactive|Bedal Roscoe has 90 seconds left.\n|\n|t:|1781451784\n|move|p2a: Starmie|Recover|p2a: Starmie\n|-heal|p2a: Starmie|81/100 par\n|move|p1a: Tauros|Body Slam|p2a: Starmie\n|-damage|p2a: Starmie|45/100 par\n|\n|upkeep\n|turn|27\n|inactive|Bedal Roscoe has 90 seconds left.\n|\n|t:|1781451798\n|switch|p1a: Starmie|Starmie|100/100\n|move|p2a: Starmie|Recover|p2a: Starmie\n|-heal|p2a: Starmie|95/100 par\n|\n|upkeep\n|turn|28\n|inactive|Bedal Roscoe has 90 seconds left.\n|\n|t:|1781451827\n|switch|p1a: Rhydon|Rhydon|100/100\n|switch|p2a: Chansey|Chansey|86/100 par\n|\n|upkeep\n|turn|29\n|inactive|KeshBa45 has 210 seconds left.\n|inactive|Bedal Roscoe has 60 seconds left.\n|\n|t:|1781451856\n|move|p1a: Rhydon|Earthquake|p2a: Chansey\n|-damage|p2a: Chansey|29/100 par\n|move|p2a: Chansey|Ice Beam|p1a: Rhydon\n|-supereffective|p1a: Rhydon\n|-damage|p1a: Rhydon|45/100\n|\n|upkeep\n|turn|30\n|inactive|Bedal Roscoe has 60 seconds left.\n|inactive|KeshBa45 has 210 seconds left.\n|\n|t:|1781451881\n|switch|p2a: Tauros|Tauros|100/100\n|move|p1a: Rhydon|Earthquake|p2a: Tauros\n|-damage|p2a: Tauros|62/100\n|\n|upkeep\n|turn|31\n|inactive|Bedal Roscoe has 60 seconds left.\n|\n|t:|1781451904\n|switch|p1a: Starmie|Starmie|100/100\n|move|p2a: Tauros|Blizzard|p1a: Starmie\n|-resisted|p1a: Starmie\n|-damage|p1a: Starmie|90/100\n|\n|upkeep\n|turn|32\n|inactive|KeshBa45 has 210 seconds left.\n|\n|t:|1781451929\n|switch|p1a: Tauros|Tauros|100/100 par\n|move|p2a: Tauros|Body Slam|p1a: Tauros\n|-damage|p1a: Tauros|72/100 par\n|\n|upkeep\n|turn|33\n|inactive|Bedal Roscoe has 30 seconds left.\n|\n|t:|1781451951\n|switch|p2a: Starmie|Starmie|95/100 par\n|move|p1a: Tauros|Earthquake|p2a: Starmie\n|-crit|p2a: Starmie\n|-damage|p2a: Starmie|43/100 par\n|\n|upkeep\n|turn|34\n|inactive|Bedal Roscoe has 30 seconds left.\n|inactive|Bedal Roscoe has 20 seconds left.\n|\n|t:|1781451972\n|switch|p1a: Starmie|Starmie|90/100\n|move|p2a: Starmie|Recover|p2a: Starmie\n|-heal|p2a: Starmie|93/100 par\n|\n|upkeep\n|turn|35\n|inactive|Bedal Roscoe has 30 seconds left this turn.\n|inactive|Bedal Roscoe has 20 seconds left.\n|inactive|Bedal Roscoe has 15 seconds left.\n|inactive|Bedal Roscoe has 10 seconds left.\n|\n|t:|1781451993\n|move|p1a: Starmie|Thunderbolt|p2a: Starmie\n|-crit|p2a: Starmie\n|-supereffective|p2a: Starmie\n|-damage|p2a: Starmie|2/100 par\n|move|p2a: Starmie|Thunder Wave|p1a: Starmie\n|-status|p1a: Starmie|par\n|\n|upkeep\n|turn|36\n|inactive|Bedal Roscoe has 20 seconds left this turn.\n|inactive|Bedal Roscoe has 15 seconds left.\n|\n|t:|1781452006\n|switch|p2a: Chansey|Chansey|29/100 par\n|cant|p1a: Starmie|par\n|\n|upkeep\n|turn|37\n|inactive|Bedal Roscoe has 25 seconds left this turn.\n|inactive|Bedal Roscoe has 20 seconds left.\n|\n|t:|1781452012\n|switch|p1a: Tauros|Tauros|72/100 par\n|move|p2a: Chansey|Soft-Boiled|p2a: Chansey\n|-heal|p2a: Chansey|79/100 par\n|\n|upkeep\n|turn|38\n|inactive|Bedal Roscoe has 30 seconds left this turn.\n|inactive|Bedal Roscoe has 20 seconds left.\n|inactive|KeshBa45 has 210 seconds left.\n|\n|t:|1781452023\n|switch|p2a: Jynx|Jynx|100/100 slp\n|move|p1a: Tauros|Body Slam|p2a: Jynx\n|-damage|p2a: Jynx|46/100 slp\n|\n|upkeep\n|turn|39\n|inactive|Bedal Roscoe has 30 seconds left this turn.\n|inactive|Bedal Roscoe has 20 seconds left.\n|\n|t:|1781452034\n|cant|p2a: Jynx|slp\n|move|p1a: Tauros|Earthquake|p2a: Jynx\n|-crit|p2a: Jynx\n|-damage|p2a: Jynx|0 fnt\n|faint|p2a: Jynx\n|inactive|KeshBa45 has 210 seconds left.\n|\n|t:|1781452065\n|switch|p2a: Rhydon|Rhydon|100/100\n|turn|40\n|inactive|Bedal Roscoe has 30 seconds left.\n|\n|t:|1781452072\n|switch|p1a: Exeggutor|Exeggutor|64/100\n|move|p2a: Rhydon|Earthquake|p1a: Exeggutor\n|-resisted|p1a: Exeggutor\n|-damage|p1a: Exeggutor|46/100\n|\n|upkeep\n|turn|41\n|inactive|KeshBa45 has 210 seconds left.\n|\n|t:|1781452088\n|switch|p2a: Chansey|Chansey|79/100 par\n|move|p1a: Exeggutor|Psychic|p2a: Chansey\n|-damage|p2a: Chansey|62/100 par\n|\n|upkeep\n|turn|42\n|\n|t:|1781452106\n|move|p1a: Exeggutor|Double-Edge|p2a: Chansey\n|-damage|p2a: Chansey|34/100 par\n|-damage|p1a: Exeggutor|33/100|[from] Recoil|[of] p2a: Chansey\n|move|p2a: Chansey|Soft-Boiled|p2a: Chansey\n|-heal|p2a: Chansey|83/100 par\n|\n|upkeep\n|turn|43\n|inactive|Bedal Roscoe has 30 seconds left.\n|\n|t:|1781452126\n|switch|p1a: Tauros|Tauros|72/100 par\n|cant|p2a: Chansey|par\n|\n|upkeep\n|turn|44\n|inactive|Bedal Roscoe has 30 seconds left.\n|inactive|KeshBa45 has 180 seconds left.\n|\n|t:|1781452153\n|switch|p2a: Starmie|Starmie|2/100 par\n|move|p1a: Tauros|Body Slam|p2a: Starmie\n|-damage|p2a: Starmie|0 fnt\n|faint|p2a: Starmie\n|inactive|KeshBa45 has 180 seconds left.\n|\n|t:|1781452176\n|switch|p2a: Tauros|Tauros|62/100\n|turn|45\n|\n|t:|1781452190\n|move|p2a: Tauros|Body Slam|p1a: Tauros\n|-damage|p1a: Tauros|43/100 par\n|cant|p1a: Tauros|par\n|\n|upkeep\n|turn|46\n|inactive|KeshBa45 has 180 seconds left.\n|\n|t:|1781452204\n|move|p2a: Tauros|Body Slam|p1a: Tauros\n|-damage|p1a: Tauros|15/100 par\n|move|p1a: Tauros|Hyper Beam|p2a: Tauros\n|-damage|p2a: Tauros|7/100\n|-mustrecharge|p1a: Tauros\n|\n|upkeep\n|turn|47\n|inactive|KeshBa45 has 180 seconds left.\n|\n|t:|1781452221\n|move|p2a: Tauros|Body Slam|p1a: Tauros\n|-damage|p1a: Tauros|0 fnt\n|faint|p1a: Tauros\n|\n|t:|1781452230\n|switch|p1a: Chansey|Chansey|100/100 par\n|turn|48\n|inactive|KeshBa45 has 180 seconds left.\n|\n|t:|1781452250\n|move|p2a: Tauros|Rest|p2a: Tauros\n|-status|p2a: Tauros|slp|[from] move: Rest\n|-heal|p2a: Tauros|100/100 slp|[silent]\n|move|p1a: Chansey|Seismic Toss|p2a: Tauros\n|-damage|p2a: Tauros|72/100 slp\n|\n|upkeep\n|turn|49\n|\n|t:|1781452266\n|switch|p1a: Exeggutor|Exeggutor|33/100\n|cant|p2a: Tauros|slp\n|\n|upkeep\n|turn|50\n|inactive|KeshBa45 has 180 seconds left.\n|inactive|Bedal Roscoe has 30 seconds left.\n|\n|t:|1781452294\n|switch|p2a: Chansey|Chansey|83/100 par\n|move|p1a: Exeggutor|Sleep Powder|p2a: Chansey\n|-fail|p2a: Chansey\n|\n|upkeep\n|turn|51\n|inactive|Bedal Roscoe has 30 seconds left.\n|inactive|KeshBa45 has 180 seconds left.\n|inactive|Bedal Roscoe has 20 seconds left.\n|\n|t:|1781452311\n|switch|p1a: Chansey|Chansey|100/100 par\n|move|p2a: Chansey|Ice Beam|p1a: Chansey\n|-crit|p1a: Chansey\n|-damage|p1a: Chansey|80/100 par\n|\n|upkeep\n|turn|52\n|inactive|Bedal Roscoe has 30 seconds left this turn.\n|\n|t:|1781452315\n|move|p1a: Chansey|Seismic Toss|p2a: Chansey\n|-damage|p2a: Chansey|69/100 par\n|move|p2a: Chansey|Soft-Boiled|p2a: Chansey\n|-heal|p2a: Chansey|100/100 par\n|\n|upkeep\n|turn|53\n|\n|t:|1781452320\n|cant|p1a: Chansey|par\n|move|p2a: Chansey|Ice Beam|p1a: Chansey\n|-damage|p1a: Chansey|68/100 par\n|\n|upkeep\n|turn|54\n|\n|t:|1781452323\n|switch|p2a: Tauros|Tauros|72/100 slp\n|move|p1a: Chansey|Soft-Boiled|p1a: Chansey\n|-heal|p1a: Chansey|100/100 par\n|\n|upkeep\n|turn|55\n|inactive|KeshBa45 has 210 seconds left.\n|\n|t:|1781452340\n|-curestatus|p2a: Tauros|slp|[msg]\n|move|p1a: Chansey|Sing|p2a: Tauros\n|-status|p2a: Tauros|slp|[from] move: Sing\n|\n|upkeep\n|turn|56\n|inactive|KeshBa45 has 210 seconds left.\n|inactive|Bedal Roscoe has 30 seconds left.\n|\n|t:|1781452372\n|switch|p2a: Rhydon|Rhydon|100/100\n|switch|p1a: Rhydon|Rhydon|45/100\n|\n|upkeep\n|turn|57\n|inactive|Bedal Roscoe has 30 seconds left.\n|\n|t:|1781452388\n|switch|p1a: Exeggutor|Exeggutor|33/100\n|move|p2a: Rhydon|Earthquake|p1a: Exeggutor\n|-resisted|p1a: Exeggutor\n|-damage|p1a: Exeggutor|12/100\n|\n|upkeep\n|turn|58\n|inactive|Bedal Roscoe has 30 seconds left.\n|\n|t:|1781452396\n|switch|p2a: Chansey|Chansey|100/100 par\n|move|p1a: Exeggutor|Psychic|p2a: Chansey\n|-damage|p2a: Chansey|83/100 par\n|\n|upkeep\n|turn|59\n|\n|t:|1781452403\n|move|p1a: Exeggutor|Double-Edge|p2a: Chansey\n|-damage|p2a: Chansey|55/100 par\n|-damage|p1a: Exeggutor|0 fnt|[from] Recoil|[of] p2a: Chansey\n|faint|p1a: Exeggutor\n|\n|t:|1781452412\n|switch|p1a: Rhydon|Rhydon|45/100\n|turn|60\n|inactive|KeshBa45 has 240 seconds left.\n|\n|t:|1781452424\n|switch|p2a: Tauros|Tauros|72/100 slp\n|move|p1a: Rhydon|Earthquake|p2a: Tauros\n|-damage|p2a: Tauros|29/100 slp\n|\n|upkeep\n|turn|61\n|inactive|Bedal Roscoe has 30 seconds left.\n|\n|t:|1781452440\n|cant|p2a: Tauros|slp\n|move|p1a: Rhydon|Earthquake|p2a: Tauros\n|-damage|p2a: Tauros|0 fnt\n|faint|p2a: Tauros\n|\n|t:|1781452447\n|switch|p2a: Rhydon|Rhydon|100/100\n|turn|62\n|inactive|Bedal Roscoe has 30 seconds left.\n|\n|t:|1781452471\n|switch|p1a: Starmie|Starmie|90/100 par\n|move|p2a: Rhydon|Earthquake|p1a: Starmie\n|-damage|p1a: Starmie|41/100 par\n|\n|upkeep\n|turn|63\n|inactive|Bedal Roscoe has 30 seconds left.\n|inactive|Bedal Roscoe has 20 seconds left.\n|\n|t:|1781452489\n|move|p2a: Rhydon|Earthquake|p1a: Starmie\n|-damage|p1a: Starmie|0 fnt\n|faint|p1a: Starmie\n|inactive|Bedal Roscoe has 25 seconds left this turn.\n|\n|t:|1781452492\n|switch|p1a: Chansey|Chansey|100/100 par\n|turn|64\n|inactive|Bedal Roscoe has 30 seconds left.\n|inactive|KeshBa45 has 270 seconds left.\n|inactive|KeshBa45 has 240 seconds left.\n|\n|t:|1781452535\n|switch|p2a: Chansey|Chansey|55/100 par\n|cant|p1a: Chansey|par\n|\n|upkeep\n|turn|65\n|inactive|Bedal Roscoe has 30 seconds left.\n|\n|t:|1781452541\n|move|p2a: Chansey|Soft-Boiled|p2a: Chansey\n|-heal|p2a: Chansey|100/100 par\n|move|p1a: Chansey|Seismic Toss|p2a: Chansey\n|-damage|p2a: Chansey|86/100 par\n|\n|upkeep\n|turn|66\n|\n|t:|1781452553\n|move|p1a: Chansey|Seismic Toss|p2a: Chansey\n|-damage|p2a: Chansey|72/100 par\n|move|p2a: Chansey|Thunderbolt|p1a: Chansey\n|-damage|p1a: Chansey|90/100 par\n|\n|upkeep\n|turn|67\n|inactive|Bedal Roscoe has 30 seconds left.\n|\n|t:|1781452575\n|move|p2a: Chansey|Ice Beam|p1a: Chansey\n|-damage|p1a: Chansey|79/100 par\n|move|p1a: Chansey|Seismic Toss|p2a: Chansey\n|-damage|p2a: Chansey|58/100 par\n|\n|upkeep\n|turn|68\n|\n|t:|1781452597\n|move|p1a: Chansey|Soft-Boiled|p1a: Chansey\n|-heal|p1a: Chansey|100/100 par\n|move|p2a: Chansey|Soft-Boiled|p2a: Chansey\n|-heal|p2a: Chansey|100/100 par\n|\n|upkeep\n|turn|69\n|\n|t:|1781452601\n|move|p1a: Chansey|Seismic Toss|p2a: Chansey\n|-damage|p2a: Chansey|86/100 par\n|cant|p2a: Chansey|par\n|\n|upkeep\n|turn|70\n|\n|t:|1781452612\n|move|p2a: Chansey|Thunderbolt|p1a: Chansey\n|-damage|p1a: Chansey|90/100 par\n|move|p1a: Chansey|Seismic Toss|p2a: Chansey\n|-damage|p2a: Chansey|72/100 par\n|\n|upkeep\n|turn|71\n|inactive|KeshBa45 has 270 seconds left.\n|\n|t:|1781452626\n|move|p1a: Chansey|Seismic Toss|p2a: Chansey\n|-damage|p2a: Chansey|58/100 par\n|move|p2a: Chansey|Thunderbolt|p1a: Chansey\n|-damage|p1a: Chansey|80/100 par\n|\n|upkeep\n|turn|72\n|\n|t:|1781452640\n|move|p1a: Chansey|Thunder Wave|p2a: Chansey\n|-fail|p2a: Chansey|par\n|move|p2a: Chansey|Soft-Boiled|p2a: Chansey\n|-heal|p2a: Chansey|100/100 par\n|\n|upkeep\n|turn|73\n|inactive|KeshBa45 has 270 seconds left.\n|\n|t:|1781452668\n|cant|p2a: Chansey|par\n|move|p1a: Chansey|Seismic Toss|p2a: Chansey\n|-damage|p2a: Chansey|86/100 par\n|\n|upkeep\n|turn|74\n|\n|t:|1781452672\n|move|p1a: Chansey|Seismic Toss|p2a: Chansey\n|-damage|p2a: Chansey|72/100 par\n|move|p2a: Chansey|Thunderbolt|p1a: Chansey\n|-damage|p1a: Chansey|70/100 par\n|\n|upkeep\n|turn|75\n|\n|t:|1781452678\n|move|p1a: Chansey|Soft-Boiled|p1a: Chansey\n|-heal|p1a: Chansey|100/100 par\n|move|p2a: Chansey|Soft-Boiled|p2a: Chansey\n|-heal|p2a: Chansey|100/100 par\n|\n|upkeep\n|turn|76\n|inactive|Bedal Roscoe has 60 seconds left.\n|\n|t:|1781452709\n|move|p1a: Chansey|Seismic Toss|p2a: Chansey\n|-damage|p2a: Chansey|86/100 par\n|move|p2a: Chansey|Thunderbolt|p1a: Chansey\n|-damage|p1a: Chansey|91/100 par\n|\n|upkeep\n|turn|77\n|\n|t:|1781452717\n|move|p1a: Chansey|Thunder Wave|p2a: Chansey\n|-fail|p2a: Chansey|par\n|move|p2a: Chansey|Thunderbolt|p1a: Chansey\n|-damage|p1a: Chansey|81/100 par\n|\n|upkeep\n|turn|78\n|inactive|Bedal Roscoe has 60 seconds left.\n|\n|t:|1781452729\n|move|p1a: Chansey|Seismic Toss|p2a: Chansey\n|-damage|p2a: Chansey|72/100 par\n|move|p2a: Chansey|Thunderbolt|p1a: Chansey\n|-damage|p1a: Chansey|70/100 par\n|\n|upkeep\n|turn|79\n|\n|t:|1781452734\n|switch|p2a: Rhydon|Rhydon|100/100\n|move|p1a: Chansey|Soft-Boiled|p1a: Chansey\n|-heal|p1a: Chansey|100/100 par\n|\n|upkeep\n|turn|80\n|\n|t:|1781452742\n|move|p2a: Rhydon|Earthquake|p1a: Chansey\n|-damage|p1a: Chansey|50/100 par\n|cant|p1a: Chansey|par\n|\n|upkeep\n|turn|81\n|inactive|Bedal Roscoe has 60 seconds left.\n|\n|t:|1781452768\n|move|p2a: Rhydon|Earthquake|p1a: Chansey\n|-damage|p1a: Chansey|0 fnt\n|faint|p1a: Chansey\n|\n|t:|1781452771\n|switch|p1a: Rhydon|Rhydon|45/100\n|turn|82\n|inactive|Bedal Roscoe has 60 seconds left.\n|\n|t:|1781452786\n|move|p1a: Rhydon|Earthquake|p2a: Rhydon\n|-supereffective|p2a: Rhydon\n|-damage|p2a: Rhydon|40/100\n|move|p2a: Rhydon|Earthquake|p1a: Rhydon\n|-supereffective|p1a: Rhydon\n|-damage|p1a: Rhydon|0 fnt\n|faint|p1a: Rhydon\n|\n|win|KeshBa45\n|player|p2|\n|c|☆Bedal Roscoe|gg\n","uploadtime":1781452786,"views":"89","formatid":"gen1ou","rating":null,"private":0,"password":null}