{"id":"smogtours-gen1ou-952832","format":"[Gen 1] OU","players":["stunner047","RoboKyII"],"log":"|inactive|Battle timer is ON: inactive players will automatically lose when time's up.\n|t:|1783152863\n|gametype|singles\n|player|p1|stunner047|#rbypliiidingdangdewgongs|\n|player|p2|RoboKyII|rosa-pokestar3|\n|gen|1\n|tier|[Gen 1] OU\n|rule|Desync Clause Mod: Desyncs changed to move failure.\n|rule|HP Percentage Mod: HP is shown in percentages\n|rule|Endless Battle Clause: Forcing endless battles is banned\n|rule|Sleep Clause Mod: Limit one foe put to sleep\n|rule|Freeze Clause Mod: Limit one foe frozen\n|rule|Species Clause: Limit one of each Pokémon\n|rule|OHKO Clause: OHKO moves are banned\n|rule|Evasion Moves Clause: Evasion moves are banned\n|\n|t:|1783152863\n|teamsize|p1|6\n|teamsize|p2|6\n|start\n|switch|p1a: Alakazam|Alakazam|100/100\n|switch|p2a: Gengar|Gengar|100/100\n|turn|1\n|\n|t:|1783152874\n|switch|p1a: Exeggutor|Exeggutor|100/100\n|switch|p2a: Exeggutor|Exeggutor|100/100\n|\n|upkeep\n|turn|2\n|\n|t:|1783152877\n|switch|p2a: Gengar|Gengar|100/100\n|move|p1a: Exeggutor|Sleep Powder|p2a: Gengar\n|-status|p2a: Gengar|slp|[from] move: Sleep Powder\n|\n|upkeep\n|turn|3\n|\n|t:|1783152879\n|switch|p2a: Exeggutor|Exeggutor|100/100\n|move|p1a: Exeggutor|Psychic|p2a: Exeggutor\n|-resisted|p2a: Exeggutor\n|-damage|p2a: Exeggutor|88/100\n|\n|upkeep\n|turn|4\n|\n|t:|1783152881\n|switch|p2a: Gengar|Gengar|100/100 slp\n|move|p1a: Exeggutor|Double-Edge|p2a: Gengar\n|-immune|p2a: Gengar\n|\n|upkeep\n|turn|5\n|\n|t:|1783152883\n|switch|p2a: Exeggutor|Exeggutor|88/100\n|move|p1a: Exeggutor|Psychic|p2a: Exeggutor\n|-resisted|p2a: Exeggutor\n|-damage|p2a: Exeggutor|74/100\n|-unboost|p2a: Exeggutor|spa|1\n|-unboost|p2a: Exeggutor|spd|1\n|\n|upkeep\n|turn|6\n|\n|t:|1783152884\n|move|p2a: Exeggutor|Sleep Powder|p1a: Exeggutor\n|-status|p1a: Exeggutor|slp|[from] move: Sleep Powder\n|cant|p1a: Exeggutor|slp\n|\n|upkeep\n|turn|7\n|\n|t:|1783152886\n|cant|p1a: Exeggutor|slp\n|move|p2a: Exeggutor|Stun Spore|p1a: Exeggutor\n|-fail|p1a: Exeggutor\n|\n|upkeep\n|turn|8\n|\n|t:|1783152888\n|switch|p2a: Tauros|Tauros|100/100\n|cant|p1a: Exeggutor|slp\n|\n|upkeep\n|turn|9\n|\n|t:|1783152890\n|switch|p1a: Snorlax|Snorlax|100/100\n|move|p2a: Tauros|Body Slam|p1a: Snorlax\n|-crit|p1a: Snorlax\n|-damage|p1a: Snorlax|49/100\n|\n|upkeep\n|turn|10\n|\n|t:|1783152893\n|move|p2a: Tauros|Blizzard|p1a: Snorlax\n|-damage|p1a: Snorlax|30/100\n|move|p1a: Snorlax|Self-Destruct|p2a: Tauros\n|-damage|p2a: Tauros|12/100\n|faint|p1a: Snorlax\n|\n|t:|1783152896\n|switch|p1a: Alakazam|Alakazam|100/100\n|turn|11\n|\n|t:|1783152899\n|switch|p2a: Exeggutor|Exeggutor|74/100\n|move|p1a: Alakazam|Seismic Toss|p2a: Exeggutor\n|-damage|p2a: Exeggutor|49/100\n|\n|upkeep\n|turn|12\n|\n|t:|1783152902\n|switch|p1a: Exeggutor|Exeggutor|100/100 slp\n|move|p2a: Exeggutor|Stun Spore|p1a: Exeggutor\n|-fail|p1a: Exeggutor\n|\n|upkeep\n|turn|13\n|\n|t:|1783152904\n|switch|p2a: Tauros|Tauros|12/100\n|-curestatus|p1a: Exeggutor|slp|[msg]\n|\n|upkeep\n|turn|14\n|\n|t:|1783152909\n|switch|p2a: Exeggutor|Exeggutor|49/100\n|move|p1a: Exeggutor|Psychic|p2a: Exeggutor\n|-crit|p2a: Exeggutor\n|-resisted|p2a: Exeggutor\n|-damage|p2a: Exeggutor|24/100\n|-unboost|p2a: Exeggutor|spa|1\n|-unboost|p2a: Exeggutor|spd|1\n|\n|upkeep\n|turn|15\n|\n|t:|1783152913\n|move|p2a: Exeggutor|Sleep Powder|p1a: Exeggutor|[miss]\n|-miss|p2a: Exeggutor\n|move|p1a: Exeggutor|Psychic|p2a: Exeggutor\n|-resisted|p2a: Exeggutor\n|-damage|p2a: Exeggutor|5/100\n|\n|upkeep\n|turn|16\n|\n|t:|1783152914\n|move|p2a: Exeggutor|Sleep Powder|p1a: Exeggutor|[miss]\n|-miss|p2a: Exeggutor\n|move|p1a: Exeggutor|Psychic|p2a: Exeggutor\n|-resisted|p2a: Exeggutor\n|-damage|p2a: Exeggutor|0 fnt\n|faint|p2a: Exeggutor\n|\n|t:|1783152921\n|switch|p2a: Cloyster|Cloyster|100/100\n|turn|17\n|\n|t:|1783152926\n|switch|p2a: Gengar|Gengar|100/100 slp\n|switch|p1a: Chansey|Chansey|100/100\n|\n|upkeep\n|turn|18\n|\n|t:|1783152932\n|switch|p2a: Alakazam|Alakazam|100/100\n|switch|p1a: Exeggutor|Exeggutor|100/100\n|\n|upkeep\n|turn|19\n|\n|t:|1783152936\n|switch|p1a: Chansey|Chansey|100/100\n|move|p2a: Alakazam|Thunder Wave|p1a: Chansey\n|-status|p1a: Chansey|par\n|\n|upkeep\n|turn|20\n|\n|t:|1783152940\n|move|p2a: Alakazam|Psychic|p1a: Chansey\n|-damage|p1a: Chansey|82/100 par\n|move|p1a: Chansey|Thunder Wave|p2a: Alakazam\n|-status|p2a: Alakazam|par\n|\n|upkeep\n|turn|21\n|\n|t:|1783152944\n|switch|p1a: Exeggutor|Exeggutor|100/100\n|move|p2a: Alakazam|Psychic|p1a: Exeggutor\n|-crit|p1a: Exeggutor\n|-resisted|p1a: Exeggutor\n|-damage|p1a: Exeggutor|71/100\n|\n|upkeep\n|turn|22\n|\n|t:|1783152946\n|move|p1a: Exeggutor|Double-Edge|p2a: Alakazam\n|-damage|p2a: Alakazam|60/100 par\n|-damage|p1a: Exeggutor|63/100|[from] Recoil|[of] p2a: Alakazam\n|cant|p2a: Alakazam|par\n|\n|upkeep\n|turn|23\n|\n|t:|1783152956\n|switch|p2a: Cloyster|Cloyster|100/100\n|move|p1a: Exeggutor|Double-Edge|p2a: Cloyster\n|-damage|p2a: Cloyster|85/100\n|-damage|p1a: Exeggutor|60/100|[from] Recoil|[of] p2a: Cloyster\n|\n|upkeep\n|turn|24\n|\n|t:|1783152959\n|switch|p1a: Chansey|Chansey|82/100 par\n|move|p2a: Cloyster|Clamp|p1a: Chansey|[miss]\n|-miss|p2a: Cloyster\n|\n|upkeep\n|turn|25\n|\n|t:|1783152966\n|move|p2a: Cloyster|Clamp|p1a: Chansey|[miss]\n|-miss|p2a: Cloyster\n|move|p1a: Chansey|Thunderbolt|p2a: Cloyster\n|-supereffective|p2a: Cloyster\n|-damage|p2a: Cloyster|30/100\n|\n|upkeep\n|turn|26\n|\n|t:|1783152973\n|move|p2a: Cloyster|Explosion|p1a: Chansey\n|-damage|p1a: Chansey|0 fnt\n|faint|p1a: Chansey\n|faint|p2a: Cloyster\n|\n|t:|1783152992\n|switch|p2a: Snorlax|Snorlax|100/100\n|switch|p1a: Exeggutor|Exeggutor|60/100\n|turn|27\n|\n|t:|1783152999\n|move|p1a: Exeggutor|Psychic|p2a: Snorlax\n|-damage|p2a: Snorlax|71/100\n|move|p2a: Snorlax|Amnesia|p2a: Snorlax\n|-boost|p2a: Snorlax|spa|2\n|-boost|p2a: Snorlax|spd|2\n|\n|upkeep\n|turn|28\n|\n|t:|1783153005\n|switch|p2a: Gengar|Gengar|100/100 slp\n|move|p1a: Exeggutor|Double-Edge|p2a: Gengar\n|-immune|p2a: Gengar\n|\n|upkeep\n|turn|29\n|\n|t:|1783153008\n|-curestatus|p2a: Gengar|slp|[msg]\n|move|p1a: Exeggutor|Psychic|p2a: Gengar\n|-supereffective|p2a: Gengar\n|-damage|p2a: Gengar|36/100\n|-unboost|p2a: Gengar|spa|1\n|-unboost|p2a: Gengar|spd|1\n|\n|upkeep\n|turn|30\n|\n|t:|1783153012\n|move|p2a: Gengar|Hypnosis|p1a: Exeggutor|[miss]\n|-miss|p2a: Gengar\n|move|p1a: Exeggutor|Psychic|p2a: Gengar\n|-supereffective|p2a: Gengar\n|-damage|p2a: Gengar|0 fnt\n|faint|p2a: Gengar\n|\n|t:|1783153018\n|switch|p2a: Alakazam|Alakazam|60/100 par\n|turn|31\n|\n|t:|1783153022\n|move|p1a: Exeggutor|Double-Edge|p2a: Alakazam\n|-damage|p2a: Alakazam|24/100 par\n|-damage|p1a: Exeggutor|53/100|[from] Recoil|[of] p2a: Alakazam\n|move|p2a: Alakazam|Thunder Wave|p1a: Exeggutor\n|-status|p1a: Exeggutor|par\n|\n|upkeep\n|turn|32\n|\n|t:|1783153025\n|cant|p2a: Alakazam|par\n|move|p1a: Exeggutor|Double-Edge|p2a: Alakazam\n|-damage|p2a: Alakazam|0 fnt\n|-damage|p1a: Exeggutor|49/100 par|[from] Recoil|[of] p2a: Alakazam\n|faint|p2a: Alakazam\n|\n|t:|1783153032\n|switch|p2a: Snorlax|Snorlax|71/100\n|turn|33\n|\n|t:|1783153037\n|move|p2a: Snorlax|Amnesia|p2a: Snorlax\n|-boost|p2a: Snorlax|spa|2\n|-boost|p2a: Snorlax|spd|2\n|move|p1a: Exeggutor|Explosion|p2a: Snorlax\n|-damage|p2a: Snorlax|2/100\n|faint|p1a: Exeggutor\n|\n|t:|1783153039\n|switch|p1a: Alakazam|Alakazam|100/100\n|turn|34\n|\n|t:|1783153043\n|move|p1a: Alakazam|Seismic Toss|p2a: Snorlax\n|-damage|p2a: Snorlax|0 fnt\n|faint|p2a: Snorlax\n|-message|RoboKyII forfeited.\n|\n|win|stunner047\n|c|☆stunner047|gg\n|player|p2|\n","uploadtime":1783153047,"views":"36","formatid":"gen1ou","rating":null,"private":2,"password":null}