{"id":"smogtours-gen1ou-904273","format":"[Gen 1] OU","players":["Sceptross","nicole7735"],"log":"|inactive|Battle timer is ON: inactive players will automatically lose when time's up.\n|t:|1769897362\n|gametype|singles\n|player|p1|Sceptross|#splxviicryonicles2|\n|player|p2|nicole7735|#splxviiscooters|\n|gen|1\n|tier|[Gen 1] OU\n|rule|Desync Clause Mod: Desyncs changed to move failure.\n|rule|Sleep Clause Mod: Limit one foe put to sleep\n|rule|Freeze Clause Mod: Limit one foe frozen\n|rule|Species Clause: Limit one of each Pokémon\n|rule|OHKO Clause: OHKO moves are banned\n|rule|Evasion Moves Clause: Evasion moves are banned\n|rule|Endless Battle Clause: Forcing endless battles is banned\n|rule|HP Percentage Mod: HP is shown in percentages\n|\n|t:|1769897362\n|teamsize|p1|6\n|teamsize|p2|6\n|start\n|switch|p1a: Jynx|Jynx|100/100\n|switch|p2a: Jynx|Jynx|100/100\n|turn|1\n|c|☆nicole7735|hf\n|c|☆Sceptross|gl hf\n|rated|Smogon Premier League\n|\n|t:|1769897382\n|move|p1a: Jynx|Lovely Kiss|p2a: Jynx\n|-status|p2a: Jynx|slp|[from] move: Lovely Kiss\n|cant|p2a: Jynx|slp\n|\n|upkeep\n|turn|2\n|\n|t:|1769897388\n|cant|p2a: Jynx|slp\n|move|p1a: Jynx|Blizzard|p2a: Jynx\n|-crit|p2a: Jynx\n|-resisted|p2a: Jynx\n|-damage|p2a: Jynx|59/100 slp\n|\n|upkeep\n|turn|3\n|\n|t:|1769897393\n|switch|p2a: Chansey|Chansey|100/100\n|move|p1a: Jynx|Blizzard|p2a: Chansey\n|-crit|p2a: Chansey\n|-damage|p2a: Chansey|62/100\n|-status|p2a: Chansey|frz\n|\n|upkeep\n|turn|4\n|\n|t:|1769897418\n|switch|p2a: Starmie|Starmie|100/100\n|move|p1a: Jynx|Blizzard|p2a: Starmie\n|-resisted|p2a: Starmie\n|-damage|p2a: Starmie|79/100\n|\n|upkeep\n|turn|5\n|inactive|Sceptross has 270 seconds left.\n|\n|t:|1769897458\n|switch|p1a: Chansey|Chansey|100/100\n|move|p2a: Starmie|Thunder Wave|p1a: Chansey\n|-status|p1a: Chansey|par\n|\n|upkeep\n|turn|6\n|\n|t:|1769897465\n|switch|p2a: Rhydon|Rhydon|100/100\n|move|p1a: Chansey|Thunder Wave|p2a: Rhydon\n|-immune|p2a: Rhydon\n|\n|upkeep\n|turn|7\n|\n|t:|1769897470\n|move|p2a: Rhydon|Earthquake|p1a: Chansey\n|-damage|p1a: Chansey|45/100 par\n|move|p1a: Chansey|Ice Beam|p2a: Rhydon\n|-supereffective|p2a: Rhydon\n|-damage|p2a: Rhydon|38/100\n|\n|upkeep\n|turn|8\n|inactive|Sceptross has 270 seconds left.\n|\n|t:|1769897491\n|switch|p1a: Snorlax|Snorlax|100/100\n|move|p2a: Rhydon|Body Slam|p1a: Snorlax\n|-damage|p1a: Snorlax|79/100\n|\n|upkeep\n|turn|9\n|\n|t:|1769897507\n|switch|p2a: Snorlax|Snorlax|100/100\n|move|p1a: Snorlax|Earthquake|p2a: Snorlax\n|-crit|p2a: Snorlax\n|-damage|p2a: Snorlax|58/100\n|\n|upkeep\n|turn|10\n|inactive|Sceptross has 270 seconds left.\n|\n|t:|1769897514\n|move|p1a: Snorlax|Reflect|p1a: Snorlax\n|-start|p1a: Snorlax|Reflect\n|move|p2a: Snorlax|Reflect|p2a: Snorlax\n|-start|p2a: Snorlax|Reflect\n|\n|upkeep\n|turn|11\n|\n|t:|1769897519\n|move|p2a: Snorlax|Body Slam|p1a: Snorlax\n|-damage|p1a: Snorlax|65/100\n|move|p1a: Snorlax|Body Slam|p2a: Snorlax\n|-damage|p2a: Snorlax|46/100\n|\n|upkeep\n|turn|12\n|\n|t:|1769897529\n|move|p2a: Snorlax|Rest|p2a: Snorlax\n|-status|p2a: Snorlax|slp|[from] move: Rest\n|-heal|p2a: Snorlax|100/100 slp|[silent]\n|move|p1a: Snorlax|Rest|p1a: Snorlax\n|-status|p1a: Snorlax|slp|[from] move: Rest\n|-heal|p1a: Snorlax|100/100 slp|[silent]\n|\n|upkeep\n|turn|13\n|\n|t:|1769897531\n|cant|p2a: Snorlax|slp\n|cant|p1a: Snorlax|slp\n|\n|upkeep\n|turn|14\n|\n|t:|1769897534\n|-curestatus|p1a: Snorlax|slp|[msg]\n|-curestatus|p2a: Snorlax|slp|[msg]\n|\n|upkeep\n|turn|15\n|\n|t:|1769897537\n|move|p2a: Snorlax|Body Slam|p1a: Snorlax\n|-damage|p1a: Snorlax|87/100\n|move|p1a: Snorlax|Body Slam|p2a: Snorlax\n|-damage|p2a: Snorlax|88/100\n|\n|upkeep\n|turn|16\n|\n|t:|1769897540\n|move|p1a: Snorlax|Body Slam|p2a: Snorlax\n|-damage|p2a: Snorlax|75/100\n|move|p2a: Snorlax|Body Slam|p1a: Snorlax\n|-damage|p1a: Snorlax|73/100\n|\n|upkeep\n|turn|17\n|\n|t:|1769897549\n|move|p2a: Snorlax|Body Slam|p1a: Snorlax\n|-damage|p1a: Snorlax|59/100\n|move|p1a: Snorlax|Body Slam|p2a: Snorlax\n|-damage|p2a: Snorlax|63/100\n|\n|upkeep\n|turn|18\n|\n|t:|1769897568\n|move|p2a: Snorlax|Rest|p2a: Snorlax\n|-status|p2a: Snorlax|slp|[from] move: Rest\n|-heal|p2a: Snorlax|100/100 slp|[silent]\n|move|p1a: Snorlax|Body Slam|p2a: Snorlax\n|-damage|p2a: Snorlax|86/100 slp\n|\n|upkeep\n|turn|19\n|\n|t:|1769897570\n|cant|p2a: Snorlax|slp\n|move|p1a: Snorlax|Body Slam|p2a: Snorlax\n|-damage|p2a: Snorlax|74/100 slp\n|\n|upkeep\n|turn|20\n|\n|t:|1769897572\n|-curestatus|p2a: Snorlax|slp|[msg]\n|move|p1a: Snorlax|Body Slam|p2a: Snorlax\n|-damage|p2a: Snorlax|60/100\n|\n|upkeep\n|turn|21\n|\n|t:|1769897574\n|move|p2a: Snorlax|Rest|p2a: Snorlax\n|-status|p2a: Snorlax|slp|[from] move: Rest\n|-heal|p2a: Snorlax|100/100 slp|[silent]\n|move|p1a: Snorlax|Rest|p1a: Snorlax\n|-status|p1a: Snorlax|slp|[from] move: Rest\n|-heal|p1a: Snorlax|100/100 slp|[silent]\n|\n|upkeep\n|turn|22\n|\n|t:|1769897576\n|cant|p1a: Snorlax|slp\n|cant|p2a: Snorlax|slp\n|\n|upkeep\n|turn|23\n|\n|t:|1769897579\n|-curestatus|p1a: Snorlax|slp|[msg]\n|-curestatus|p2a: Snorlax|slp|[msg]\n|\n|upkeep\n|turn|24\n|\n|t:|1769897591\n|move|p1a: Snorlax|Body Slam|p2a: Snorlax\n|-damage|p2a: Snorlax|88/100\n|move|p2a: Snorlax|Body Slam|p1a: Snorlax\n|-damage|p1a: Snorlax|88/100\n|\n|upkeep\n|turn|25\n|\n|t:|1769897595\n|move|p1a: Snorlax|Body Slam|p2a: Snorlax\n|-damage|p2a: Snorlax|74/100\n|move|p2a: Snorlax|Body Slam|p1a: Snorlax\n|-crit|p1a: Snorlax\n|-damage|p1a: Snorlax|37/100\n|\n|upkeep\n|turn|26\n|inactive|Sceptross has 270 seconds left.\n|\n|t:|1769897634\n|switch|p2a: Starmie|Starmie|79/100\n|move|p1a: Snorlax|Body Slam|p2a: Starmie\n|-damage|p2a: Starmie|42/100\n|-status|p2a: Starmie|par\n|\n|upkeep\n|turn|27\n|inactive|Sceptross has 270 seconds left.\n|\n|t:|1769897648\n|move|p1a: Snorlax|Body Slam|p2a: Starmie\n|-damage|p2a: Starmie|6/100 par\n|move|p2a: Starmie|Recover|p2a: Starmie\n|-heal|p2a: Starmie|56/100 par\n|\n|upkeep\n|turn|28\n|inactive|Sceptross has 270 seconds left.\n|\n|t:|1769897653\n|move|p1a: Snorlax|Body Slam|p2a: Starmie\n|-damage|p2a: Starmie|18/100 par\n|move|p2a: Starmie|Thunder Wave|p1a: Snorlax\n|-status|p1a: Snorlax|par\n|\n|upkeep\n|turn|29\n|\n|t:|1769897660\n|cant|p2a: Starmie|par\n|move|p1a: Snorlax|Rest|p1a: Snorlax\n|-status|p1a: Snorlax|slp|[from] move: Rest\n|-heal|p1a: Snorlax|100/100 slp|[silent]\n|\n|upkeep\n|turn|30\n|\n|t:|1769897665\n|cant|p2a: Starmie|par\n|cant|p1a: Snorlax|slp\n|\n|upkeep\n|turn|31\n|\n|t:|1769897673\n|move|p2a: Starmie|Recover|p2a: Starmie\n|-heal|p2a: Starmie|68/100 par\n|-curestatus|p1a: Snorlax|slp|[msg]\n|\n|upkeep\n|turn|32\n|\n|t:|1769897679\n|move|p2a: Starmie|Thunder Wave|p1a: Snorlax\n|-status|p1a: Snorlax|par\n|move|p1a: Snorlax|Body Slam|p2a: Starmie\n|-damage|p2a: Starmie|28/100 par\n|\n|upkeep\n|turn|33\n|\n|t:|1769897694\n|move|p2a: Starmie|Recover|p2a: Starmie\n|-heal|p2a: Starmie|78/100 par\n|move|p1a: Snorlax|Body Slam|p2a: Starmie\n|-damage|p2a: Starmie|41/100 par\n|\n|upkeep\n|turn|34\n|\n|t:|1769897699\n|switch|p1a: Chansey|Chansey|45/100 par\n|move|p2a: Starmie|Recover|p2a: Starmie\n|-heal|p2a: Starmie|91/100 par\n|\n|upkeep\n|turn|35\n|\n|t:|1769897703\n|switch|p2a: Snorlax|Snorlax|74/100\n|cant|p1a: Chansey|par\n|\n|upkeep\n|turn|36\n|\n|t:|1769897718\n|switch|p1a: Snorlax|Snorlax|100/100 par\n|move|p2a: Snorlax|Body Slam|p1a: Snorlax\n|-damage|p1a: Snorlax|72/100 par\n|\n|upkeep\n|turn|37\n|\n|t:|1769897724\n|move|p2a: Snorlax|Body Slam|p1a: Snorlax\n|-damage|p1a: Snorlax|47/100 par\n|move|p1a: Snorlax|Reflect|p1a: Snorlax\n|-start|p1a: Snorlax|Reflect\n|\n|upkeep\n|turn|38\n|\n|t:|1769897729\n|switch|p2a: Starmie|Starmie|91/100 par\n|move|p1a: Snorlax|Rest|p1a: Snorlax\n|-status|p1a: Snorlax|slp|[from] move: Rest\n|-heal|p1a: Snorlax|100/100 slp|[silent]\n|\n|upkeep\n|turn|39\n|\n|t:|1769897750\n|switch|p1a: Jynx|Jynx|100/100\n|move|p2a: Starmie|Psychic|p1a: Jynx\n|-resisted|p1a: Jynx\n|-damage|p1a: Jynx|84/100\n|-unboost|p1a: Jynx|spa|1\n|-unboost|p1a: Jynx|spd|1\n|\n|upkeep\n|turn|40\n|\n|t:|1769897757\n|move|p1a: Jynx|Psychic|p2a: Starmie\n|-resisted|p2a: Starmie\n|-damage|p2a: Starmie|79/100 par\n|-unboost|p2a: Starmie|spa|1\n|-unboost|p2a: Starmie|spd|1\n|cant|p2a: Starmie|par\n|\n|upkeep\n|turn|41\n|inactive|Sceptross has 270 seconds left.\n|\n|t:|1769897789\n|switch|p2a: Snorlax|Snorlax|74/100\n|move|p1a: Jynx|Psychic|p2a: Snorlax\n|-damage|p2a: Snorlax|58/100\n|\n|upkeep\n|turn|42\n|inactive|Sceptross has 270 seconds left.\n|inactive|nicole7735 has 270 seconds left.\n|\n|t:|1769897821\n|switch|p2a: Starmie|Starmie|79/100 par\n|move|p1a: Jynx|Blizzard|p2a: Starmie\n|-resisted|p2a: Starmie\n|-damage|p2a: Starmie|65/100 par\n|\n|upkeep\n|turn|43\n|inactive|Sceptross has 240 seconds left.\n|inactive|Sceptross has 210 seconds left.\n|\n|t:|1769897897\n|switch|p1a: Chansey|Chansey|45/100 par\n|move|p2a: Starmie|Recover|p2a: Starmie\n|-heal|p2a: Starmie|100/100 par\n|\n|upkeep\n|turn|44\n|inactive|nicole7735 has 270 seconds left.\n|\n|t:|1769897922\n|switch|p2a: Rhydon|Rhydon|38/100\n|move|p1a: Chansey|Soft-Boiled|p1a: Chansey\n|-heal|p1a: Chansey|95/100 par\n|\n|upkeep\n|turn|45\n|\n|t:|1769897929\n|switch|p2a: Snorlax|Snorlax|58/100\n|move|p1a: Chansey|Ice Beam|p2a: Snorlax\n|-damage|p2a: Snorlax|40/100\n|\n|upkeep\n|turn|46\n|\n|t:|1769897944\n|move|p2a: Snorlax|Reflect|p2a: Snorlax\n|-start|p2a: Snorlax|Reflect\n|cant|p1a: Chansey|par\n|\n|upkeep\n|turn|47\n|\n|t:|1769897948\n|move|p2a: Snorlax|Body Slam|p1a: Chansey\n|-damage|p1a: Chansey|54/100 par\n|move|p1a: Chansey|Thunder Wave|p2a: Snorlax\n|-status|p2a: Snorlax|par\n|\n|upkeep\n|turn|48\n|inactive|Sceptross has 210 seconds left.\n|\n|t:|1769897964\n|switch|p1a: Snorlax|Snorlax|100/100 slp\n|move|p2a: Snorlax|Rest|p2a: Snorlax\n|-status|p2a: Snorlax|slp|[from] move: Rest\n|-heal|p2a: Snorlax|100/100 slp|[silent]\n|\n|upkeep\n|turn|49\n|\n|t:|1769897972\n|cant|p1a: Snorlax|slp\n|cant|p2a: Snorlax|slp\n|\n|upkeep\n|turn|50\n|\n|t:|1769897974\n|-curestatus|p1a: Snorlax|slp|[msg]\n|-curestatus|p2a: Snorlax|slp|[msg]\n|\n|upkeep\n|turn|51\n|\n|t:|1769897982\n|move|p1a: Snorlax|Reflect|p1a: Snorlax\n|-start|p1a: Snorlax|Reflect\n|move|p2a: Snorlax|Body Slam|p1a: Snorlax\n|-damage|p1a: Snorlax|86/100\n|\n|upkeep\n|turn|52\n|\n|t:|1769897987\n|move|p1a: Snorlax|Reflect|p1a: Snorlax\n|-fail|p1a: Snorlax\n|move|p2a: Snorlax|Reflect|p2a: Snorlax\n|-fail|p2a: Snorlax\n|\n|upkeep\n|turn|53\n|\n|t:|1769897990\n|move|p1a: Snorlax|Reflect|p1a: Snorlax\n|-fail|p1a: Snorlax\n|move|p2a: Snorlax|Reflect|p2a: Snorlax\n|-fail|p2a: Snorlax\n|\n|upkeep\n|turn|54\n|\n|t:|1769897993\n|move|p1a: Snorlax|Reflect|p1a: Snorlax\n|-fail|p1a: Snorlax\n|move|p2a: Snorlax|Reflect|p2a: Snorlax\n|-fail|p2a: Snorlax\n|\n|upkeep\n|turn|55\n|\n|t:|1769898009\n|move|p1a: Snorlax|Reflect|p1a: Snorlax\n|-fail|p1a: Snorlax\n|move|p2a: Snorlax|Reflect|p2a: Snorlax\n|-fail|p2a: Snorlax\n|\n|upkeep\n|turn|56\n|\n|t:|1769898013\n|move|p1a: Snorlax|Reflect|p1a: Snorlax\n|-fail|p1a: Snorlax\n|move|p2a: Snorlax|Reflect|p2a: Snorlax\n|-fail|p2a: Snorlax\n|\n|upkeep\n|turn|57\n|\n|t:|1769898019\n|move|p1a: Snorlax|Reflect|p1a: Snorlax\n|-fail|p1a: Snorlax\n|move|p2a: Snorlax|Reflect|p2a: Snorlax\n|-fail|p2a: Snorlax\n|\n|upkeep\n|turn|58\n|\n|t:|1769898023\n|move|p1a: Snorlax|Reflect|p1a: Snorlax\n|-fail|p1a: Snorlax\n|move|p2a: Snorlax|Reflect|p2a: Snorlax\n|-fail|p2a: Snorlax\n|\n|upkeep\n|turn|59\n|\n|t:|1769898031\n|move|p1a: Snorlax|Reflect|p1a: Snorlax\n|-fail|p1a: Snorlax\n|move|p2a: Snorlax|Reflect|p2a: Snorlax\n|-fail|p2a: Snorlax\n|\n|upkeep\n|turn|60\n|\n|t:|1769898035\n|move|p1a: Snorlax|Reflect|p1a: Snorlax\n|-fail|p1a: Snorlax\n|move|p2a: Snorlax|Reflect|p2a: Snorlax\n|-fail|p2a: Snorlax\n|\n|upkeep\n|turn|61\n|\n|t:|1769898042\n|switch|p2a: Starmie|Starmie|100/100 par\n|move|p1a: Snorlax|Reflect|p1a: Snorlax\n|-fail|p1a: Snorlax\n|\n|upkeep\n|turn|62\n|\n|t:|1769898057\n|switch|p1a: Chansey|Chansey|54/100 par\n|move|p2a: Starmie|Psychic|p1a: Chansey\n|-damage|p1a: Chansey|39/100 par\n|-unboost|p1a: Chansey|spa|1\n|-unboost|p1a: Chansey|spd|1\n|\n|upkeep\n|turn|63\n|\n|t:|1769898078\n|switch|p2a: Rhydon|Rhydon|38/100\n|move|p1a: Chansey|Soft-Boiled|p1a: Chansey\n|-heal|p1a: Chansey|89/100 par\n|\n|upkeep\n|turn|64\n|\n|t:|1769898091\n|move|p2a: Rhydon|Earthquake|p1a: Chansey\n|-damage|p1a: Chansey|36/100 par\n|move|p1a: Chansey|Ice Beam|p2a: Rhydon\n|-supereffective|p2a: Rhydon\n|-damage|p2a: Rhydon|0 fnt\n|faint|p2a: Rhydon\n|inactive|nicole7735 has 270 seconds left.\n|\n|t:|1769898109\n|switch|p2a: Tauros|Tauros|100/100\n|turn|65\n|inactive|nicole7735 has 270 seconds left.\n|inactive|Sceptross has 270 seconds left.\n|inactive|Sceptross has 240 seconds left.\n|inactive|Sceptross has 210 seconds left.\n|inactive|Sceptross has 180 seconds left.\n|inactive|Sceptross has 150 seconds left.\n|inactive|Sceptross has 120 seconds left.\n|\n|t:|1769898309\n|move|p2a: Tauros|Body Slam|p1a: Chansey\n|-damage|p1a: Chansey|0 fnt\n|faint|p1a: Chansey\n|\n|t:|1769898312\n|switch|p1a: Starmie|Starmie|100/100\n|turn|66\n|\n|t:|1769898315\n|switch|p2a: Starmie|Starmie|100/100 par\n|move|p1a: Starmie|Psychic|p2a: Starmie\n|-resisted|p2a: Starmie\n|-damage|p2a: Starmie|83/100 par\n|\n|upkeep\n|turn|67\n|\n|t:|1769898320\n|switch|p1a: Jynx|Jynx|84/100\n|cant|p2a: Starmie|par\n|\n|upkeep\n|turn|68\n|\n|t:|1769898324\n|move|p1a: Jynx|Psychic|p2a: Starmie\n|-resisted|p2a: Starmie\n|-damage|p2a: Starmie|66/100 par\n|cant|p2a: Starmie|par\n|\n|upkeep\n|turn|69\n|\n|t:|1769898328\n|move|p1a: Jynx|Psychic|p2a: Starmie\n|-resisted|p2a: Starmie\n|-damage|p2a: Starmie|49/100 par\n|move|p2a: Starmie|Thunder Wave|p1a: Jynx\n|-status|p1a: Jynx|par\n|\n|upkeep\n|turn|70\n|\n|t:|1769898332\n|cant|p2a: Starmie|par\n|cant|p1a: Jynx|par\n|\n|upkeep\n|turn|71\n|\n|t:|1769898334\n|move|p2a: Starmie|Recover|p2a: Starmie\n|-heal|p2a: Starmie|99/100 par\n|move|p1a: Jynx|Psychic|p2a: Starmie\n|-resisted|p2a: Starmie\n|-damage|p2a: Starmie|83/100 par\n|\n|upkeep\n|turn|72\n|\n|t:|1769898338\n|move|p2a: Starmie|Psychic|p1a: Jynx\n|-resisted|p1a: Jynx\n|-damage|p1a: Jynx|67/100 par\n|move|p1a: Jynx|Psychic|p2a: Starmie\n|-resisted|p2a: Starmie\n|-damage|p2a: Starmie|67/100 par\n|-unboost|p2a: Starmie|spa|1\n|-unboost|p2a: Starmie|spd|1\n|\n|upkeep\n|turn|73\n|inactive|Sceptross has 180 seconds left.\n|\n|t:|1769898348\n|move|p1a: Jynx|Psychic|p2a: Starmie\n|-crit|p2a: Starmie\n|-resisted|p2a: Starmie\n|-damage|p2a: Starmie|35/100 par\n|move|p2a: Starmie|Recover|p2a: Starmie\n|-heal|p2a: Starmie|84/100 par\n|\n|upkeep\n|turn|74\n|\n|t:|1769898356\n|move|p1a: Jynx|Psychic|p2a: Starmie\n|-resisted|p2a: Starmie\n|-damage|p2a: Starmie|62/100 par\n|move|p2a: Starmie|Psychic|p1a: Jynx\n|-resisted|p1a: Jynx\n|-damage|p1a: Jynx|57/100 par\n|\n|upkeep\n|turn|75\n|\n|t:|1769898363\n|switch|p1a: Zapdos|Zapdos|100/100\n|move|p2a: Starmie|Recover|p2a: Starmie\n|-heal|p2a: Starmie|100/100 par\n|\n|upkeep\n|turn|76\n|\n|t:|1769898370\n|switch|p2a: Chansey|Chansey|62/100 frz\n|move|p1a: Zapdos|Thunderbolt|p2a: Chansey\n|-damage|p2a: Chansey|45/100 frz\n|\n|upkeep\n|turn|77\n|inactive|Sceptross has 180 seconds left.\n|\n|t:|1769898413\n|move|p1a: Zapdos|Thunderbolt|p2a: Chansey\n|-crit|p2a: Chansey\n|-damage|p2a: Chansey|10/100 frz\n|cant|p2a: Chansey|frz\n|\n|upkeep\n|turn|78\n|\n|t:|1769898428\n|move|p1a: Zapdos|Agility|p1a: Zapdos\n|-boost|p1a: Zapdos|spe|2\n|cant|p2a: Chansey|frz\n|\n|upkeep\n|turn|79\n|\n|t:|1769898436\n|move|p1a: Zapdos|Thunderbolt|p2a: Chansey\n|-damage|p2a: Chansey|0 fnt\n|faint|p2a: Chansey\n|\n|t:|1769898455\n|switch|p2a: Snorlax|Snorlax|100/100\n|turn|80\n|inactive|Sceptross has 180 seconds left.\n|\n|t:|1769898489\n|switch|p1a: Snorlax|Snorlax|86/100\n|move|p2a: Snorlax|Body Slam|p1a: Snorlax\n|-damage|p1a: Snorlax|60/100\n|\n|upkeep\n|turn|81\n|\n|t:|1769898506\n|move|p1a: Snorlax|Reflect|p1a: Snorlax\n|-start|p1a: Snorlax|Reflect\n|move|p2a: Snorlax|Body Slam|p1a: Snorlax\n|-damage|p1a: Snorlax|48/100\n|\n|upkeep\n|turn|82\n|\n|t:|1769898515\n|move|p2a: Snorlax|Reflect|p2a: Snorlax\n|-start|p2a: Snorlax|Reflect\n|move|p1a: Snorlax|Body Slam|p2a: Snorlax\n|-damage|p2a: Snorlax|86/100\n|\n|upkeep\n|turn|83\n|\n|t:|1769898527\n|switch|p2a: Starmie|Starmie|100/100 par\n|move|p1a: Snorlax|Rest|p1a: Snorlax\n|-status|p1a: Snorlax|slp|[from] move: Rest\n|-heal|p1a: Snorlax|100/100 slp|[silent]\n|\n|upkeep\n|turn|84\n|\n|t:|1769898550\n|switch|p1a: Jynx|Jynx|57/100 par\n|move|p2a: Starmie|Psychic|p1a: Jynx\n|-crit|p1a: Jynx\n|-resisted|p1a: Jynx\n|-damage|p1a: Jynx|26/100 par\n|-unboost|p1a: Jynx|spa|1\n|-unboost|p1a: Jynx|spd|1\n|\n|upkeep\n|turn|85\n|\n|t:|1769898560\n|move|p2a: Starmie|Psychic|p1a: Jynx\n|-resisted|p1a: Jynx\n|-damage|p1a: Jynx|0 fnt\n|faint|p1a: Jynx\n|\n|t:|1769898564\n|switch|p1a: Zapdos|Zapdos|100/100\n|turn|86\n|\n|t:|1769898577\n|switch|p2a: Jynx|Jynx|59/100 slp\n|move|p1a: Zapdos|Thunderbolt|p2a: Jynx\n|-crit|p2a: Jynx\n|-damage|p2a: Jynx|0 fnt\n|faint|p2a: Jynx\n|\n|t:|1769898581\n|switch|p2a: Snorlax|Snorlax|86/100\n|turn|87\n|inactive|Sceptross has 180 seconds left.\n|\n|t:|1769898602\n|move|p1a: Zapdos|Thunder Wave|p2a: Snorlax\n|-status|p2a: Snorlax|par\n|cant|p2a: Snorlax|par\n|\n|upkeep\n|turn|88\n|\n|t:|1769898610\n|switch|p1a: Snorlax|Snorlax|100/100 slp\n|move|p2a: Snorlax|Body Slam|p1a: Snorlax\n|-damage|p1a: Snorlax|73/100 slp\n|\n|upkeep\n|turn|89\n|\n|t:|1769898614\n|switch|p2a: Tauros|Tauros|100/100\n|cant|p1a: Snorlax|slp\n|\n|upkeep\n|turn|90\n|\n|t:|1769898621\n|move|p2a: Tauros|Body Slam|p1a: Snorlax\n|-damage|p1a: Snorlax|49/100 slp\n|-curestatus|p1a: Snorlax|slp|[msg]\n|\n|upkeep\n|turn|91\n|\n|t:|1769898638\n|move|p2a: Tauros|Body Slam|p1a: Snorlax\n|-damage|p1a: Snorlax|23/100\n|move|p1a: Snorlax|Body Slam|p2a: Tauros\n|-damage|p2a: Tauros|68/100\n|\n|upkeep\n|turn|92\n|\n|t:|1769898641\n|move|p2a: Tauros|Body Slam|p1a: Snorlax\n|-damage|p1a: Snorlax|0 fnt\n|faint|p1a: Snorlax\n|\n|t:|1769898660\n|switch|p1a: Tauros|Tauros|100/100\n|turn|93\n|\n|t:|1769898673\n|move|p2a: Tauros|Blizzard|p1a: Tauros\n|-damage|p1a: Tauros|72/100\n|move|p1a: Tauros|Body Slam|p2a: Tauros\n|-damage|p2a: Tauros|40/100\n|\n|upkeep\n|turn|94\n|inactive|Sceptross has 210 seconds left.\n|\n|t:|1769898681\n|move|p1a: Tauros|Hyper Beam|p2a: Tauros\n|-damage|p2a: Tauros|0 fnt\n|faint|p2a: Tauros\n|\n|t:|1769898685\n|switch|p2a: Starmie|Starmie|100/100 par\n|turn|95\n|inactive|Sceptross has 210 seconds left.\n|inactive|Sceptross has 180 seconds left.\n|\n|t:|1769898742\n|switch|p1a: Starmie|Starmie|100/100\n|move|p2a: Starmie|Thunder Wave|p1a: Starmie\n|-status|p1a: Starmie|par\n|\n|upkeep\n|turn|96\n|\n|t:|1769898748\n|move|p2a: Starmie|Psychic|p1a: Starmie\n|-resisted|p1a: Starmie\n|-damage|p1a: Starmie|85/100 par\n|-unboost|p1a: Starmie|spa|1\n|-unboost|p1a: Starmie|spd|1\n|move|p1a: Starmie|Psychic|p2a: Starmie\n|-resisted|p2a: Starmie\n|-damage|p2a: Starmie|89/100 par\n|\n|upkeep\n|turn|97\n|inactive|Sceptross has 180 seconds left.\n|\n|t:|1769898762\n|move|p2a: Starmie|Thunderbolt|p1a: Starmie\n|-supereffective|p1a: Starmie\n|-damage|p1a: Starmie|10/100 par\n|move|p1a: Starmie|Psychic|p2a: Starmie\n|-resisted|p2a: Starmie\n|-damage|p2a: Starmie|78/100 par\n|\n|upkeep\n|turn|98\n|\n|t:|1769898778\n|switch|p1a: Zapdos|Zapdos|100/100\n|cant|p2a: Starmie|par\n|\n|upkeep\n|turn|99\n|\n|t:|1769898794\n|switch|p2a: Snorlax|Snorlax|86/100 par\n|move|p1a: Zapdos|Thunderbolt|p2a: Snorlax\n|-damage|p2a: Snorlax|55/100 par\n|\n|upkeep\n|turn|100\n|inactive|Sceptross has 180 seconds left.\n|inactive|nicole7735 has 270 seconds left.\n|inactive|Sceptross has 150 seconds left.\n|\n|t:|1769898873\n|switch|p1a: Tauros|Tauros|72/100\n|switch|p2a: Starmie|Starmie|78/100 par\n|\n|upkeep\n|turn|101\n|\n|t:|1769898880\n|move|p1a: Tauros|Body Slam|p2a: Starmie\n|-crit|p2a: Starmie\n|-damage|p2a: Starmie|7/100 par\n|cant|p2a: Starmie|par\n|\n|upkeep\n|turn|102\n|c|☆nicole7735|gg\n|-message|nicole7735 forfeited.\n|\n|win|Sceptross\n|c|☆Sceptross|ggº\n","uploadtime":1769898886,"views":"1042","formatid":"gen1ou","rating":null,"private":0,"password":null}