{"id":"smogtours-gen1ou-902522","format":"[Gen 1] OU","players":["Isza","Sceptross"],"log":"|inactive|Battle timer is ON: inactive players will automatically lose when time's up.\n|t:|1769362537\n|gametype|singles\n|player|p1|Isza|#rbywc2024|\n|player|p2|Sceptross|#splxviicryonicles2|\n|gen|1\n|tier|[Gen 1] OU\n|rule|Desync Clause Mod: Desyncs changed to move failure.\n|rule|Sleep Clause Mod: Limit one foe put to sleep\n|rule|Freeze Clause Mod: Limit one foe frozen\n|rule|Species Clause: Limit one of each Pokémon\n|rule|OHKO Clause: OHKO moves are banned\n|rule|Evasion Moves Clause: Evasion moves are banned\n|rule|Endless Battle Clause: Forcing endless battles is banned\n|rule|HP Percentage Mod: HP is shown in percentages\n|\n|t:|1769362537\n|teamsize|p1|6\n|teamsize|p2|6\n|start\n|switch|p1a: Starmie|Starmie|100/100\n|switch|p2a: Jynx|Jynx|100/100\n|turn|1\n|c|☆Sceptross|gl hf\n|c|☆Isza|hf\n|rated|Smogon Premier League\n|\n|t:|1769362548\n|move|p1a: Starmie|Surf|p2a: Jynx\n|-damage|p2a: Jynx|66/100\n|move|p2a: Jynx|Lovely Kiss|p1a: Starmie|[miss]\n|-miss|p2a: Jynx\n|\n|upkeep\n|turn|2\n|\n|t:|1769362553\n|move|p1a: Starmie|Surf|p2a: Jynx\n|-crit|p2a: Jynx\n|-damage|p2a: Jynx|0 fnt\n|faint|p2a: Jynx\n|\n|t:|1769362558\n|switch|p2a: Chansey|Chansey|100/100\n|turn|3\n|inactive|Isza has 270 seconds left.\n|\n|t:|1769362597\n|switch|p1a: Chansey|Chansey|100/100\n|move|p2a: Chansey|Thunder Wave|p1a: Chansey\n|-status|p1a: Chansey|par\n|\n|upkeep\n|turn|4\n|\n|t:|1769362616\n|switch|p2a: Cloyster|Cloyster|100/100\n|cant|p1a: Chansey|par\n|\n|upkeep\n|turn|5\n|\n|t:|1769362622\n|move|p2a: Cloyster|Clamp|p1a: Chansey\n|-damage|p1a: Chansey|95/100 par\n|cant|p1a: Chansey|partiallytrapped\n|\n|upkeep\n|turn|6\n|\n|t:|1769362627\n|switch|p1a: Starmie|Starmie|100/100\n|move|p2a: Cloyster|Clamp|p1a: Starmie|[miss]\n|-miss|p2a: Cloyster\n|\n|upkeep\n|turn|7\n|\n|t:|1769362634\n|switch|p1a: Chansey|Chansey|95/100 par\n|switch|p2a: Chansey|Chansey|100/100\n|\n|upkeep\n|turn|8\n|\n|t:|1769362637\n|switch|p2a: Cloyster|Cloyster|100/100\n|move|p1a: Chansey|Sing|p2a: Cloyster|[miss]\n|-miss|p1a: Chansey\n|\n|upkeep\n|turn|9\n|\n|t:|1769362642\n|move|p2a: Cloyster|Clamp|p1a: Chansey\n|-damage|p1a: Chansey|90/100 par\n|cant|p1a: Chansey|partiallytrapped\n|\n|upkeep\n|turn|10\n|\n|t:|1769362645\n|switch|p1a: Starmie|Starmie|100/100\n|move|p2a: Cloyster|Clamp|p1a: Starmie\n|-crit|p1a: Starmie\n|-resisted|p1a: Starmie\n|-damage|p1a: Starmie|88/100\n|\n|upkeep\n|turn|11\n|\n|t:|1769362651\n|cant|p1a: Starmie|partiallytrapped\n|move|p2a: Cloyster|Clamp|p1a: Starmie|[from] Clamp\n|-damage|p1a: Starmie|76/100\n|\n|upkeep\n|turn|12\n|\n|t:|1769362655\n|cant|p1a: Starmie|partiallytrapped\n|move|p2a: Cloyster|Clamp|p1a: Starmie|[from] Clamp\n|-damage|p1a: Starmie|64/100\n|\n|upkeep\n|turn|13\n|\n|t:|1769362660\n|switch|p2a: Chansey|Chansey|100/100\n|cant|p1a: Starmie|partiallytrapped\n|\n|upkeep\n|turn|14\n|\n|t:|1769362670\n|switch|p1a: Chansey|Chansey|90/100 par\n|switch|p2a: Snorlax|Snorlax|100/100\n|\n|upkeep\n|turn|15\n|\n|t:|1769362674\n|switch|p1a: Exeggutor|Exeggutor|100/100\n|move|p2a: Snorlax|Body Slam|p1a: Exeggutor\n|-damage|p1a: Exeggutor|69/100\n|-status|p1a: Exeggutor|par\n|\n|upkeep\n|turn|16\n|inactive|Sceptross has 270 seconds left.\n|\n|t:|1769362708\n|switch|p2a: Cloyster|Cloyster|100/100\n|move|p1a: Exeggutor|Sleep Powder|p2a: Cloyster\n|-status|p2a: Cloyster|slp|[from] move: Sleep Powder\n|\n|upkeep\n|turn|17\n|inactive|Sceptross has 270 seconds left.\n|\n|t:|1769362722\n|switch|p2a: Chansey|Chansey|100/100\n|cant|p1a: Exeggutor|par\n|\n|upkeep\n|turn|18\n|\n|t:|1769362737\n|switch|p2a: Cloyster|Cloyster|100/100 slp\n|switch|p1a: Chansey|Chansey|90/100 par\n|\n|upkeep\n|turn|19\n|\n|t:|1769362742\n|switch|p2a: Snorlax|Snorlax|100/100\n|switch|p1a: Starmie|Starmie|64/100\n|\n|upkeep\n|turn|20\n|\n|t:|1769362758\n|switch|p1a: Snorlax|Snorlax|100/100\n|move|p2a: Snorlax|Body Slam|p1a: Snorlax\n|-damage|p1a: Snorlax|75/100\n|\n|upkeep\n|turn|21\n|\n|t:|1769362775\n|move|p1a: Snorlax|Reflect|p1a: Snorlax\n|-start|p1a: Snorlax|Reflect\n|move|p2a: Snorlax|Body Slam|p1a: Snorlax\n|-damage|p1a: Snorlax|61/100\n|\n|upkeep\n|turn|22\n|\n|t:|1769362781\n|switch|p2a: Chansey|Chansey|100/100\n|move|p1a: Snorlax|Rest|p1a: Snorlax\n|-status|p1a: Snorlax|slp|[from] move: Rest\n|-heal|p1a: Snorlax|100/100 slp|[silent]\n|\n|upkeep\n|turn|23\n|\n|t:|1769362789\n|move|p2a: Chansey|Thunderbolt|p1a: Snorlax\n|-damage|p1a: Snorlax|83/100 slp\n|cant|p1a: Snorlax|slp\n|\n|upkeep\n|turn|24\n|\n|t:|1769362795\n|move|p2a: Chansey|Thunderbolt|p1a: Snorlax\n|-damage|p1a: Snorlax|62/100 slp\n|-curestatus|p1a: Snorlax|slp|[msg]\n|\n|upkeep\n|turn|25\n|\n|t:|1769362799\n|switch|p1a: Chansey|Chansey|90/100 par\n|move|p2a: Chansey|Ice Beam|p1a: Chansey\n|-damage|p1a: Chansey|80/100 par\n|\n|upkeep\n|turn|26\n|\n|t:|1769362820\n|switch|p2a: Cloyster|Cloyster|100/100 slp\n|move|p1a: Chansey|Thunder Wave|p2a: Cloyster\n|-fail|p2a: Cloyster\n|\n|upkeep\n|turn|27\n|\n|t:|1769362825\n|cant|p2a: Cloyster|slp\n|move|p1a: Chansey|Thunder Wave|p2a: Cloyster\n|-fail|p2a: Cloyster\n|\n|upkeep\n|turn|28\n|\n|t:|1769362833\n|switch|p2a: Snorlax|Snorlax|100/100\n|switch|p1a: Starmie|Starmie|64/100\n|\n|upkeep\n|turn|29\n|\n|t:|1769362838\n|move|p1a: Starmie|Thunder Wave|p2a: Snorlax\n|-status|p2a: Snorlax|par\n|move|p2a: Snorlax|Body Slam|p1a: Starmie\n|-damage|p1a: Starmie|24/100\n|-status|p1a: Starmie|par\n|\n|upkeep\n|turn|30\n|\n|t:|1769362858\n|cant|p1a: Starmie|par\n|move|p2a: Snorlax|Body Slam|p1a: Starmie\n|-damage|p1a: Starmie|0 fnt\n|faint|p1a: Starmie\n|\n|t:|1769362871\n|switch|p1a: Snorlax|Snorlax|62/100\n|turn|31\n|inactive|Sceptross has 270 seconds left.\n|\n|t:|1769362903\n|move|p1a: Snorlax|Body Slam|p2a: Snorlax\n|-damage|p2a: Snorlax|76/100 par\n|cant|p2a: Snorlax|par\n|\n|upkeep\n|turn|32\n|inactive|Sceptross has 270 seconds left.\n|\n|t:|1769362910\n|move|p1a: Snorlax|Body Slam|p2a: Snorlax\n|-damage|p2a: Snorlax|51/100 par\n|cant|p2a: Snorlax|par\n|\n|upkeep\n|turn|33\n|\n|t:|1769362915\n|move|p1a: Snorlax|Body Slam|p2a: Snorlax\n|-damage|p2a: Snorlax|24/100 par\n|move|p2a: Snorlax|Rest|p2a: Snorlax\n|-status|p2a: Snorlax|slp|[from] move: Rest\n|-heal|p2a: Snorlax|100/100 slp|[silent]\n|\n|upkeep\n|turn|34\n|\n|t:|1769362919\n|move|p1a: Snorlax|Body Slam|p2a: Snorlax\n|-damage|p2a: Snorlax|74/100 slp\n|cant|p2a: Snorlax|slp\n|\n|upkeep\n|turn|35\n|\n|t:|1769362924\n|move|p1a: Snorlax|Body Slam|p2a: Snorlax\n|-damage|p2a: Snorlax|48/100 slp\n|-curestatus|p2a: Snorlax|slp|[msg]\n|\n|upkeep\n|turn|36\n|\n|t:|1769362938\n|move|p1a: Snorlax|Body Slam|p2a: Snorlax\n|-damage|p2a: Snorlax|20/100\n|move|p2a: Snorlax|Rest|p2a: Snorlax\n|-status|p2a: Snorlax|slp|[from] move: Rest\n|-heal|p2a: Snorlax|100/100 slp|[silent]\n|\n|upkeep\n|turn|37\n|\n|t:|1769362941\n|move|p1a: Snorlax|Body Slam|p2a: Snorlax\n|-damage|p2a: Snorlax|72/100 slp\n|cant|p2a: Snorlax|slp\n|\n|upkeep\n|turn|38\n|\n|t:|1769362943\n|move|p1a: Snorlax|Body Slam|p2a: Snorlax\n|-damage|p2a: Snorlax|48/100 slp\n|-curestatus|p2a: Snorlax|slp|[msg]\n|\n|upkeep\n|turn|39\n|\n|t:|1769362948\n|switch|p2a: Chansey|Chansey|100/100\n|move|p1a: Snorlax|Reflect|p1a: Snorlax\n|-start|p1a: Snorlax|Reflect\n|\n|upkeep\n|turn|40\n|\n|t:|1769362975\n|move|p2a: Chansey|Ice Beam|p1a: Snorlax\n|-damage|p1a: Snorlax|42/100\n|move|p1a: Snorlax|Body Slam|p2a: Chansey\n|-damage|p2a: Chansey|59/100\n|\n|upkeep\n|turn|41\n|\n|t:|1769362985\n|move|p2a: Chansey|Thunder Wave|p1a: Snorlax\n|-status|p1a: Snorlax|par\n|move|p1a: Snorlax|Rest|p1a: Snorlax\n|-status|p1a: Snorlax|slp|[from] move: Rest\n|-heal|p1a: Snorlax|100/100 slp|[silent]\n|\n|upkeep\n|turn|42\n|\n|t:|1769362990\n|move|p2a: Chansey|Soft-Boiled|p2a: Chansey\n|-heal|p2a: Chansey|100/100\n|cant|p1a: Snorlax|slp\n|\n|upkeep\n|turn|43\n|\n|t:|1769362994\n|move|p2a: Chansey|Thunderbolt|p1a: Snorlax\n|-damage|p1a: Snorlax|82/100 slp\n|-curestatus|p1a: Snorlax|slp|[msg]\n|\n|upkeep\n|turn|44\n|\n|t:|1769362999\n|switch|p1a: Chansey|Chansey|80/100 par\n|move|p2a: Chansey|Ice Beam|p1a: Chansey\n|-damage|p1a: Chansey|69/100 par\n|\n|upkeep\n|turn|45\n|\n|t:|1769363006\n|switch|p2a: Snorlax|Snorlax|48/100\n|cant|p1a: Chansey|par\n|\n|upkeep\n|turn|46\n|\n|t:|1769363013\n|switch|p1a: Snorlax|Snorlax|82/100\n|move|p2a: Snorlax|Body Slam|p1a: Snorlax\n|-damage|p1a: Snorlax|55/100\n|\n|upkeep\n|turn|47\n|\n|t:|1769363019\n|switch|p2a: Chansey|Chansey|100/100\n|move|p1a: Snorlax|Body Slam|p2a: Chansey\n|-damage|p2a: Chansey|56/100\n|\n|upkeep\n|turn|48\n|\n|t:|1769363025\n|switch|p1a: Chansey|Chansey|69/100 par\n|move|p2a: Chansey|Soft-Boiled|p2a: Chansey\n|-heal|p2a: Chansey|100/100\n|\n|upkeep\n|turn|49\n|\n|t:|1769363038\n|switch|p2a: Snorlax|Snorlax|48/100\n|move|p1a: Chansey|Soft-Boiled|p1a: Chansey\n|-heal|p1a: Chansey|100/100 par\n|\n|upkeep\n|turn|50\n|\n|t:|1769363046\n|move|p2a: Snorlax|Body Slam|p1a: Chansey\n|-damage|p1a: Chansey|60/100 par\n|move|p1a: Chansey|Thunder Wave|p2a: Snorlax\n|-status|p2a: Snorlax|par\n|\n|upkeep\n|turn|51\n|\n|t:|1769363073\n|switch|p1a: Exeggutor|Exeggutor|69/100 par\n|move|p2a: Snorlax|Rest|p2a: Snorlax\n|-status|p2a: Snorlax|slp|[from] move: Rest\n|-heal|p2a: Snorlax|100/100 slp|[silent]\n|\n|upkeep\n|turn|52\n|\n|t:|1769363084\n|switch|p2a: Chansey|Chansey|100/100\n|move|p1a: Exeggutor|Psychic|p2a: Chansey\n|-damage|p2a: Chansey|83/100\n|\n|upkeep\n|turn|53\n|\n|t:|1769363099\n|switch|p1a: Chansey|Chansey|60/100 par\n|move|p2a: Chansey|Ice Beam|p1a: Chansey\n|-damage|p1a: Chansey|50/100 par\n|\n|upkeep\n|turn|54\n|\n|t:|1769363105\n|switch|p2a: Snorlax|Snorlax|100/100 slp\n|move|p1a: Chansey|Soft-Boiled|p1a: Chansey\n|-heal|p1a: Chansey|99/100 par\n|\n|upkeep\n|turn|55\n|\n|t:|1769363110\n|switch|p1a: Rhydon|Rhydon|100/100\n|cant|p2a: Snorlax|slp\n|\n|upkeep\n|turn|56\n|\n|t:|1769363121\n|switch|p2a: Starmie|Starmie|100/100\n|move|p1a: Rhydon|Earthquake|p2a: Starmie\n|-damage|p2a: Starmie|54/100\n|\n|upkeep\n|turn|57\n|\n|t:|1769363133\n|move|p2a: Starmie|Recover|p2a: Starmie\n|-heal|p2a: Starmie|100/100\n|move|p1a: Rhydon|Body Slam|p2a: Starmie\n|-damage|p2a: Starmie|73/100\n|\n|upkeep\n|turn|58\n|\n|t:|1769363140\n|switch|p2a: Snorlax|Snorlax|100/100 slp\n|switch|p1a: Chansey|Chansey|99/100 par\n|\n|upkeep\n|turn|59\n|\n|t:|1769363145\n|-curestatus|p2a: Snorlax|slp|[msg]\n|move|p1a: Chansey|Thunder Wave|p2a: Snorlax\n|-status|p2a: Snorlax|par\n|\n|upkeep\n|turn|60\n|\n|t:|1769363160\n|switch|p1a: Snorlax|Snorlax|55/100\n|move|p2a: Snorlax|Body Slam|p1a: Snorlax\n|-damage|p1a: Snorlax|30/100\n|\n|upkeep\n|turn|61\n|inactive|Sceptross has 270 seconds left.\n|\n|t:|1769363209\n|switch|p2a: Cloyster|Cloyster|100/100 slp\n|move|p1a: Snorlax|Body Slam|p2a: Cloyster\n|-damage|p2a: Cloyster|79/100 slp\n|\n|upkeep\n|turn|62\n|\n|t:|1769363217\n|cant|p2a: Cloyster|slp\n|move|p1a: Snorlax|Body Slam|p2a: Cloyster\n|-damage|p2a: Cloyster|57/100 slp\n|\n|upkeep\n|turn|63\n|\n|t:|1769363223\n|cant|p2a: Cloyster|slp\n|move|p1a: Snorlax|Body Slam|p2a: Cloyster\n|-damage|p2a: Cloyster|33/100 slp\n|\n|upkeep\n|turn|64\n|\n|t:|1769363230\n|switch|p2a: Chansey|Chansey|83/100\n|move|p1a: Snorlax|Body Slam|p2a: Chansey\n|-damage|p2a: Chansey|40/100\n|\n|upkeep\n|turn|65\n|\n|t:|1769363235\n|move|p2a: Chansey|Soft-Boiled|p2a: Chansey\n|-heal|p2a: Chansey|90/100\n|move|p1a: Snorlax|Rest|p1a: Snorlax\n|-status|p1a: Snorlax|slp|[from] move: Rest\n|-heal|p1a: Snorlax|100/100 slp|[silent]\n|\n|upkeep\n|turn|66\n|\n|t:|1769363242\n|move|p2a: Chansey|Thunderbolt|p1a: Snorlax\n|-damage|p1a: Snorlax|81/100 slp\n|cant|p1a: Snorlax|slp\n|\n|upkeep\n|turn|67\n|\n|t:|1769363249\n|switch|p1a: Chansey|Chansey|99/100 par\n|move|p2a: Chansey|Thunderbolt|p1a: Chansey\n|-damage|p1a: Chansey|89/100 par\n|\n|upkeep\n|turn|68\n|\n|t:|1769363255\n|switch|p2a: Snorlax|Snorlax|100/100 par\n|switch|p1a: Snorlax|Snorlax|81/100 slp\n|\n|upkeep\n|turn|69\n|\n|t:|1769363264\n|-curestatus|p1a: Snorlax|slp|[msg]\n|move|p2a: Snorlax|Body Slam|p1a: Snorlax\n|-damage|p1a: Snorlax|57/100\n|\n|upkeep\n|turn|70\n|\n|t:|1769363270\n|switch|p2a: Chansey|Chansey|90/100\n|move|p1a: Snorlax|Body Slam|p2a: Chansey|[miss]\n|-miss|p1a: Snorlax\n|-hint|In Gen 1, moves with 100% accuracy can still miss 1/256 of the time.\n|\n|upkeep\n|turn|71\n|\n|t:|1769363279\n|move|p2a: Chansey|Ice Beam|p1a: Snorlax\n|-damage|p1a: Snorlax|37/100\n|move|p1a: Snorlax|Rest|p1a: Snorlax\n|-status|p1a: Snorlax|slp|[from] move: Rest\n|-heal|p1a: Snorlax|100/100 slp|[silent]\n|\n|upkeep\n|turn|72\n|\n|t:|1769363285\n|move|p2a: Chansey|Thunderbolt|p1a: Snorlax\n|-crit|p1a: Snorlax\n|-damage|p1a: Snorlax|65/100 slp\n|cant|p1a: Snorlax|slp\n|\n|upkeep\n|turn|73\n|\n|t:|1769363288\n|move|p2a: Chansey|Thunderbolt|p1a: Snorlax\n|-crit|p1a: Snorlax\n|-damage|p1a: Snorlax|26/100 slp\n|-curestatus|p1a: Snorlax|slp|[msg]\n|\n|upkeep\n|turn|74\n|\n|t:|1769363293\n|switch|p2a: Tauros|Tauros|100/100\n|move|p1a: Snorlax|Rest|p1a: Snorlax\n|-status|p1a: Snorlax|slp|[from] move: Rest\n|-heal|p1a: Snorlax|100/100 slp|[silent]\n|\n|upkeep\n|turn|75\n|\n|t:|1769363301\n|move|p2a: Tauros|Body Slam|p1a: Snorlax\n|-damage|p1a: Snorlax|77/100 slp\n|cant|p1a: Snorlax|slp\n|\n|upkeep\n|turn|76\n|\n|t:|1769363306\n|move|p2a: Tauros|Body Slam|p1a: Snorlax\n|-damage|p1a: Snorlax|53/100 slp\n|-curestatus|p1a: Snorlax|slp|[msg]\n|\n|upkeep\n|turn|77\n|\n|t:|1769363321\n|switch|p2a: Chansey|Chansey|90/100\n|move|p1a: Snorlax|Body Slam|p2a: Chansey\n|-damage|p2a: Chansey|51/100\n|\n|upkeep\n|turn|78\n|\n|t:|1769363326\n|move|p2a: Chansey|Soft-Boiled|p2a: Chansey\n|-heal|p2a: Chansey|100/100\n|move|p1a: Snorlax|Body Slam|p2a: Chansey\n|-damage|p2a: Chansey|57/100\n|\n|upkeep\n|turn|79\n|\n|t:|1769363332\n|switch|p1a: Chansey|Chansey|89/100 par\n|move|p2a: Chansey|Soft-Boiled|p2a: Chansey\n|-heal|p2a: Chansey|100/100\n|\n|upkeep\n|turn|80\n|\n|t:|1769363354\n|switch|p2a: Snorlax|Snorlax|100/100 par\n|move|p1a: Chansey|Ice Beam|p2a: Snorlax\n|-damage|p2a: Snorlax|80/100 par\n|\n|upkeep\n|turn|81\n|\n|t:|1769363362\n|switch|p1a: Rhydon|Rhydon|100/100\n|move|p2a: Snorlax|Body Slam|p1a: Rhydon\n|-resisted|p1a: Rhydon\n|-damage|p1a: Rhydon|89/100\n|-status|p1a: Rhydon|par\n|\n|upkeep\n|turn|82\n|\n|t:|1769363371\n|move|p1a: Rhydon|Earthquake|p2a: Snorlax\n|-damage|p2a: Snorlax|43/100 par\n|move|p2a: Snorlax|Earthquake|p1a: Rhydon\n|-supereffective|p1a: Rhydon\n|-damage|p1a: Rhydon|54/100 par\n|\n|upkeep\n|turn|83\n|\n|t:|1769363387\n|switch|p1a: Snorlax|Snorlax|53/100\n|move|p2a: Snorlax|Rest|p2a: Snorlax\n|-status|p2a: Snorlax|slp|[from] move: Rest\n|-heal|p2a: Snorlax|100/100 slp|[silent]\n|\n|upkeep\n|turn|84\n|\n|t:|1769363412\n|move|p1a: Snorlax|Body Slam|p2a: Snorlax\n|-damage|p2a: Snorlax|75/100 slp\n|cant|p2a: Snorlax|slp\n|\n|upkeep\n|turn|85\n|\n|t:|1769363419\n|move|p1a: Snorlax|Body Slam|p2a: Snorlax\n|-damage|p2a: Snorlax|47/100 slp\n|-curestatus|p2a: Snorlax|slp|[msg]\n|\n|upkeep\n|turn|86\n|\n|t:|1769363439\n|switch|p2a: Chansey|Chansey|100/100\n|move|p1a: Snorlax|Hyper Beam|p2a: Chansey\n|-damage|p2a: Chansey|33/100\n|-mustrecharge|p1a: Snorlax\n|\n|upkeep\n|turn|87\n|\n|t:|1769363449\n|move|p2a: Chansey|Ice Beam|p1a: Snorlax\n|-damage|p1a: Snorlax|34/100\n|cant|p1a: Snorlax|recharge\n|\n|upkeep\n|turn|88\n|\n|t:|1769363467\n|move|p2a: Chansey|Soft-Boiled|p2a: Chansey\n|-heal|p2a: Chansey|83/100\n|move|p1a: Snorlax|Hyper Beam|p2a: Chansey\n|-damage|p2a: Chansey|12/100\n|-mustrecharge|p1a: Snorlax\n|\n|upkeep\n|turn|89\n|inactive|Sceptross has 270 seconds left.\n|inactive|Sceptross has 240 seconds left.\n|\n|t:|1769363537\n|move|p2a: Chansey|Soft-Boiled|p2a: Chansey\n|-heal|p2a: Chansey|62/100\n|cant|p1a: Snorlax|recharge\n|\n|upkeep\n|turn|90\n|\n|t:|1769363543\n|move|p2a: Chansey|Soft-Boiled|p2a: Chansey\n|-heal|p2a: Chansey|100/100\n|move|p1a: Snorlax|Rest|p1a: Snorlax\n|-status|p1a: Snorlax|slp|[from] move: Rest\n|-heal|p1a: Snorlax|100/100 slp|[silent]\n|\n|upkeep\n|turn|91\n|\n|t:|1769363548\n|move|p2a: Chansey|Thunderbolt|p1a: Snorlax\n|-damage|p1a: Snorlax|81/100 slp\n|cant|p1a: Snorlax|slp\n|\n|upkeep\n|turn|92\n|\n|t:|1769363551\n|move|p2a: Chansey|Thunderbolt|p1a: Snorlax\n|-damage|p1a: Snorlax|60/100 slp\n|-curestatus|p1a: Snorlax|slp|[msg]\n|\n|upkeep\n|turn|93\n|\n|t:|1769363556\n|switch|p1a: Chansey|Chansey|89/100 par\n|move|p2a: Chansey|Ice Beam|p1a: Chansey\n|-damage|p1a: Chansey|78/100 par\n|\n|upkeep\n|turn|94\n|\n|t:|1769363562\n|switch|p2a: Snorlax|Snorlax|47/100\n|move|p1a: Chansey|Ice Beam|p2a: Snorlax\n|-damage|p2a: Snorlax|27/100\n|\n|upkeep\n|turn|95\n|inactive|Sceptross has 270 seconds left.\n|inactive|Isza has 270 seconds left.\n|inactive|Sceptross has 240 seconds left.\n|inactive|Isza has 240 seconds left.\n|inactive|Sceptross has 210 seconds left.\n|inactive|Sceptross has 180 seconds left.\n|inactive|Isza has 210 seconds left.\n|inactive|Sceptross has 150 seconds left.\n|\n|t:|1769363707\n|switch|p1a: Tauros|Tauros|100/100\n|move|p2a: Snorlax|Rest|p2a: Snorlax\n|-status|p2a: Snorlax|slp|[from] move: Rest\n|-heal|p2a: Snorlax|100/100 slp|[silent]\n|\n|upkeep\n|turn|96\n|\n|t:|1769363711\n|move|p1a: Tauros|Body Slam|p2a: Snorlax\n|-damage|p2a: Snorlax|74/100 slp\n|cant|p2a: Snorlax|slp\n|\n|upkeep\n|turn|97\n|\n|t:|1769363714\n|move|p1a: Tauros|Body Slam|p2a: Snorlax\n|-crit|p2a: Snorlax\n|-damage|p2a: Snorlax|30/100 slp\n|-curestatus|p2a: Snorlax|slp|[msg]\n|\n|upkeep\n|turn|98\n|inactive|Sceptross has 150 seconds left.\n|inactive|Isza has 210 seconds left.\n|\n|t:|1769363770\n|move|p1a: Tauros|Body Slam|p2a: Snorlax\n|-crit|p2a: Snorlax\n|-damage|p2a: Snorlax|0 fnt\n|faint|p2a: Snorlax\n|inactive|Sceptross has 120 seconds left.\n|inactive|Sceptross has 90 seconds left.\n|inactive|Sceptross has 60 seconds left.\n|inactive|Sceptross has 30 seconds left.\n|\n|t:|1769363898\n|switch|p2a: Starmie|Starmie|73/100\n|turn|99\n|\n|t:|1769363904\n|switch|p2a: Tauros|Tauros|100/100\n|switch|p1a: Chansey|Chansey|78/100 par\n|\n|upkeep\n|turn|100\n|inactive|Isza has 180 seconds left.\n|\n|t:|1769363949\n|move|p2a: Tauros|Body Slam|p1a: Chansey\n|-damage|p1a: Chansey|38/100 par\n|move|p1a: Chansey|Thunder Wave|p2a: Tauros\n|-status|p2a: Tauros|par\n|\n|upkeep\n|turn|101\n|inactive|Isza has 150 seconds left.\n|inactive|Isza has 120 seconds left.\n|\n|t:|1769364006\n|switch|p1a: Snorlax|Snorlax|60/100\n|move|p2a: Tauros|Body Slam|p1a: Snorlax\n|-damage|p1a: Snorlax|37/100\n|\n|upkeep\n|turn|102\n|\n|t:|1769364017\n|move|p1a: Snorlax|Body Slam|p2a: Tauros\n|-damage|p2a: Tauros|68/100 par\n|move|p2a: Tauros|Blizzard|p1a: Snorlax\n|-damage|p1a: Snorlax|18/100\n|\n|upkeep\n|turn|103\n|\n|t:|1769364027\n|switch|p2a: Starmie|Starmie|73/100\n|move|p1a: Snorlax|Rest|p1a: Snorlax\n|-status|p1a: Snorlax|slp|[from] move: Rest\n|-heal|p1a: Snorlax|100/100 slp|[silent]\n|\n|upkeep\n|turn|104\n|\n|t:|1769364041\n|switch|p1a: Exeggutor|Exeggutor|69/100 par\n|move|p2a: Starmie|Psychic|p1a: Exeggutor\n|-resisted|p1a: Exeggutor\n|-damage|p1a: Exeggutor|57/100 par\n|\n|upkeep\n|turn|105\n|inactive|Sceptross has 60 seconds left.\n|\n|t:|1769364076\n|move|p2a: Starmie|Blizzard|p1a: Exeggutor\n|-crit|p1a: Exeggutor\n|-supereffective|p1a: Exeggutor\n|-damage|p1a: Exeggutor|0 fnt\n|faint|p1a: Exeggutor\n|\n|t:|1769364083\n|switch|p1a: Chansey|Chansey|38/100 par\n|turn|106\n|inactive|Sceptross has 30 seconds left.\n|inactive|Sceptross has 20 seconds left.\n|\n|t:|1769364120\n|move|p2a: Starmie|Psychic|p1a: Chansey\n|-crit|p1a: Chansey\n|-damage|p1a: Chansey|10/100 par\n|cant|p1a: Chansey|par\n|\n|upkeep\n|turn|107\n|inactive|Sceptross has 30 seconds left this turn.\n|inactive|Isza has 150 seconds left.\n|\n|t:|1769364131\n|switch|p1a: Rhydon|Rhydon|54/100 par\n|move|p2a: Starmie|Psychic|p1a: Rhydon\n|-damage|p1a: Rhydon|14/100 par\n|\n|upkeep\n|turn|108\n|inactive|Sceptross has 30 seconds left.\n|\n|t:|1769364139\n|move|p2a: Starmie|Psychic|p1a: Rhydon\n|-damage|p1a: Rhydon|0 fnt\n|faint|p1a: Rhydon\n|inactive|Isza has 150 seconds left.\n|\n|t:|1769364176\n|switch|p1a: Tauros|Tauros|100/100\n|turn|109\n|inactive|Sceptross has 30 seconds left.\n|\n|t:|1769364196\n|move|p2a: Starmie|Thunder Wave|p1a: Tauros\n|-status|p1a: Tauros|par\n|cant|p1a: Tauros|par\n|\n|upkeep\n|turn|110\n|inactive|Sceptross has 30 seconds left.\n|\n|t:|1769364211\n|move|p2a: Starmie|Psychic|p1a: Tauros\n|-crit|p1a: Tauros\n|-damage|p1a: Tauros|31/100 par\n|cant|p1a: Tauros|par\n|\n|upkeep\n|turn|111\n|inactive|Isza has 150 seconds left.\n|\n|t:|1769364220\n|move|p2a: Starmie|Psychic|p1a: Tauros\n|-damage|p1a: Tauros|0 fnt\n|faint|p1a: Tauros\n|\n|t:|1769364222\n|switch|p1a: Snorlax|Snorlax|100/100 slp\n|turn|112\n|\n|t:|1769364228\n|move|p2a: Starmie|Psychic|p1a: Snorlax\n|-crit|p1a: Snorlax\n|-damage|p1a: Snorlax|50/100 slp\n|-unboost|p1a: Snorlax|spa|1\n|-unboost|p1a: Snorlax|spd|1\n|cant|p1a: Snorlax|slp\n|\n|upkeep\n|turn|113\n|\n|t:|1769364243\n|move|p2a: Starmie|Psychic|p1a: Snorlax\n|-crit|p1a: Snorlax\n|-damage|p1a: Snorlax|0 fnt\n|faint|p1a: Snorlax\n|c|☆Isza|ggs\n|inactive|Isza has 150 seconds left.\n|\n|t:|1769364255\n|switch|p1a: Chansey|Chansey|10/100 par\n|turn|114\n|\n|t:|1769364263\n|move|p2a: Starmie|Psychic|p1a: Chansey\n|-damage|p1a: Chansey|0 fnt\n|faint|p1a: Chansey\n|\n|win|Sceptross\n|c|☆Sceptross|ggs\n|player|p1|\n","uploadtime":1769364263,"views":"1878","formatid":"gen1ou","rating":null,"private":0,"password":null}