{"id":"smogtours-gen1ou-822910","format":"[Gen 1] OU","players":["shiloh","chuva de perereca"],"log":"|inactive|Battle timer is ON: inactive players will automatically lose when time's up.\n|t:|1740938221\n|gametype|singles\n|player|p1|shiloh|#splxvitigers2|\n|player|p2|chuva de perereca|lyra|\n|teamsize|p1|6\n|teamsize|p2|6\n|gen|1\n|tier|[Gen 1] OU\n|rule|Desync Clause Mod: Desyncs changed to move failure.\n|rule|Sleep Clause Mod: Limit one foe put to sleep\n|rule|Freeze Clause Mod: Limit one foe frozen\n|rule|Species Clause: Limit one of each Pokémon\n|rule|OHKO Clause: OHKO moves are banned\n|rule|Evasion Moves Clause: Evasion moves are banned\n|rule|Endless Battle Clause: Forcing endless battles is banned\n|rule|HP Percentage Mod: HP is shown in percentages\n|\n|t:|1740938221\n|start\n|switch|p1a: DOMINION|Alakazam|100/100\n|switch|p2a: Alakazam|Alakazam|100/100\n|turn|1\n|c|☆chuva de perereca|hf\n|rated|Smogon Premier League\n|\n|t:|1740938232\n|switch|p1a: DEVOTION|Exeggutor|100/100\n|move|p2a: Alakazam|Thunder Wave|p1a: DEVOTION\n|-status|p1a: DEVOTION|par\n|\n|upkeep\n|turn|2\n|\n|t:|1740938234\n|move|p2a: Alakazam|Seismic Toss|p1a: DEVOTION\n|-damage|p1a: DEVOTION|75/100 par\n|cant|p1a: DEVOTION|par\n|\n|upkeep\n|turn|3\n|\n|t:|1740938237\n|move|p2a: Alakazam|Seismic Toss|p1a: DEVOTION\n|-damage|p1a: DEVOTION|50/100 par\n|move|p1a: DEVOTION|Sleep Powder|p2a: Alakazam|[miss]\n|-miss|p1a: DEVOTION\n|\n|upkeep\n|turn|4\n|\n|t:|1740938239\n|move|p2a: Alakazam|Seismic Toss|p1a: DEVOTION\n|-damage|p1a: DEVOTION|24/100 par\n|move|p1a: DEVOTION|Sleep Powder|p2a: Alakazam\n|-status|p2a: Alakazam|slp|[from] move: Sleep Powder\n|\n|upkeep\n|turn|5\n|\n|t:|1740938242\n|cant|p2a: Alakazam|slp\n|cant|p1a: DEVOTION|par\n|\n|upkeep\n|turn|6\n|\n|t:|1740938246\n|switch|p1a: STORMBLESSED|Tauros|100/100\n|-curestatus|p2a: Alakazam|slp|[msg]\n|\n|upkeep\n|turn|7\n|\n|t:|1740938250\n|switch|p1a: DOMINION|Alakazam|100/100\n|move|p2a: Alakazam|Thunder Wave|p1a: DOMINION\n|-status|p1a: DOMINION|par\n|\n|upkeep\n|turn|8\n|\n|t:|1740938254\n|move|p2a: Alakazam|Seismic Toss|p1a: DOMINION\n|-damage|p1a: DOMINION|69/100 par\n|move|p1a: DOMINION|Thunder Wave|p2a: Alakazam\n|-status|p2a: Alakazam|par\n|\n|upkeep\n|turn|9\n|\n|t:|1740938258\n|switch|p2a: Snorlax|Snorlax|100/100\n|move|p1a: DOMINION|Recover|p1a: DOMINION\n|-heal|p1a: DOMINION|100/100 par\n|\n|upkeep\n|turn|10\n|\n|t:|1740938262\n|switch|p1a: INVENTION|Chansey|100/100\n|move|p2a: Snorlax|Body Slam|p1a: INVENTION\n|-damage|p1a: INVENTION|62/100\n|\n|upkeep\n|turn|11\n|\n|t:|1740938267\n|move|p1a: INVENTION|Soft-Boiled|p1a: INVENTION\n|-heal|p1a: INVENTION|100/100\n|move|p2a: Snorlax|Earthquake|p1a: INVENTION\n|-damage|p1a: INVENTION|69/100\n|\n|upkeep\n|turn|12\n|\n|t:|1740938269\n|switch|p2a: Alakazam|Alakazam|100/100 par\n|move|p1a: INVENTION|Soft-Boiled|p1a: INVENTION\n|-heal|p1a: INVENTION|100/100\n|\n|upkeep\n|turn|13\n|\n|t:|1740938272\n|switch|p1a: DOMINION|Alakazam|100/100 par\n|move|p2a: Alakazam|Seismic Toss|p1a: DOMINION\n|-damage|p1a: DOMINION|69/100 par\n|\n|upkeep\n|turn|14\n|\n|t:|1740938274\n|move|p1a: DOMINION|Recover|p1a: DOMINION\n|-heal|p1a: DOMINION|100/100 par\n|move|p2a: Alakazam|Seismic Toss|p1a: DOMINION\n|-damage|p1a: DOMINION|69/100 par\n|\n|upkeep\n|turn|15\n|\n|t:|1740938276\n|cant|p1a: DOMINION|par\n|move|p2a: Alakazam|Seismic Toss|p1a: DOMINION\n|-damage|p1a: DOMINION|37/100 par\n|\n|upkeep\n|turn|16\n|\n|t:|1740938278\n|switch|p2a: Snorlax|Snorlax|100/100\n|move|p1a: DOMINION|Recover|p1a: DOMINION\n|-heal|p1a: DOMINION|86/100 par\n|\n|upkeep\n|turn|17\n|\n|t:|1740938280\n|switch|p1a: INVENTION|Chansey|100/100\n|move|p2a: Snorlax|Body Slam|p1a: INVENTION\n|-damage|p1a: INVENTION|58/100\n|\n|upkeep\n|turn|18\n|\n|t:|1740938283\n|switch|p2a: Alakazam|Alakazam|100/100 par\n|move|p1a: INVENTION|Soft-Boiled|p1a: INVENTION\n|-heal|p1a: INVENTION|100/100\n|\n|upkeep\n|turn|19\n|\n|t:|1740938287\n|switch|p1a: DOMINION|Alakazam|86/100 par\n|cant|p2a: Alakazam|par\n|\n|upkeep\n|turn|20\n|\n|t:|1740938289\n|move|p2a: Alakazam|Seismic Toss|p1a: DOMINION\n|-damage|p1a: DOMINION|54/100 par\n|move|p1a: DOMINION|Seismic Toss|p2a: Alakazam\n|-damage|p2a: Alakazam|69/100 par\n|\n|upkeep\n|turn|21\n|\n|t:|1740938292\n|move|p2a: Alakazam|Recover|p2a: Alakazam\n|-heal|p2a: Alakazam|100/100 par\n|move|p1a: DOMINION|Recover|p1a: DOMINION\n|-heal|p1a: DOMINION|100/100 par\n|\n|upkeep\n|turn|22\n|\n|t:|1740938296\n|move|p2a: Alakazam|Seismic Toss|p1a: DOMINION\n|-damage|p1a: DOMINION|69/100 par\n|move|p1a: DOMINION|Seismic Toss|p2a: Alakazam\n|-damage|p2a: Alakazam|69/100 par\n|\n|upkeep\n|turn|23\n|\n|t:|1740938299\n|move|p2a: Alakazam|Recover|p2a: Alakazam\n|-heal|p2a: Alakazam|100/100 par\n|move|p1a: DOMINION|Recover|p1a: DOMINION\n|-heal|p1a: DOMINION|100/100 par\n|\n|upkeep\n|turn|24\n|\n|t:|1740938301\n|move|p2a: Alakazam|Seismic Toss|p1a: DOMINION\n|-damage|p1a: DOMINION|69/100 par\n|cant|p1a: DOMINION|par\n|\n|upkeep\n|turn|25\n|\n|t:|1740938304\n|switch|p2a: Snorlax|Snorlax|100/100\n|move|p1a: DOMINION|Recover|p1a: DOMINION\n|-heal|p1a: DOMINION|100/100 par\n|\n|upkeep\n|turn|26\n|\n|t:|1740938307\n|switch|p1a: INVENTION|Chansey|100/100\n|move|p2a: Snorlax|Body Slam|p1a: INVENTION\n|-damage|p1a: INVENTION|61/100\n|\n|upkeep\n|turn|27\n|\n|t:|1740938309\n|move|p1a: INVENTION|Soft-Boiled|p1a: INVENTION\n|-heal|p1a: INVENTION|100/100\n|move|p2a: Snorlax|Earthquake|p1a: INVENTION\n|-damage|p1a: INVENTION|70/100\n|\n|upkeep\n|turn|28\n|\n|t:|1740938312\n|switch|p2a: Alakazam|Alakazam|100/100 par\n|move|p1a: INVENTION|Soft-Boiled|p1a: INVENTION\n|-heal|p1a: INVENTION|100/100\n|\n|upkeep\n|turn|29\n|\n|t:|1740938316\n|switch|p1a: DOMINION|Alakazam|100/100 par\n|cant|p2a: Alakazam|par\n|\n|upkeep\n|turn|30\n|\n|t:|1740938318\n|cant|p1a: DOMINION|par\n|move|p2a: Alakazam|Seismic Toss|p1a: DOMINION\n|-damage|p1a: DOMINION|69/100 par\n|\n|upkeep\n|turn|31\n|\n|t:|1740938322\n|switch|p2a: Snorlax|Snorlax|100/100\n|move|p1a: DOMINION|Thunder Wave|p2a: Snorlax\n|-status|p2a: Snorlax|par\n|\n|upkeep\n|turn|32\n|\n|t:|1740938325\n|switch|p1a: INVENTION|Chansey|100/100\n|move|p2a: Snorlax|Body Slam|p1a: INVENTION\n|-damage|p1a: INVENTION|60/100\n|\n|upkeep\n|turn|33\n|\n|t:|1740938329\n|move|p1a: INVENTION|Soft-Boiled|p1a: INVENTION\n|-heal|p1a: INVENTION|100/100\n|move|p2a: Snorlax|Body Slam|p1a: INVENTION\n|-damage|p1a: INVENTION|58/100\n|\n|upkeep\n|turn|34\n|\n|t:|1740938331\n|move|p1a: INVENTION|Soft-Boiled|p1a: INVENTION\n|-heal|p1a: INVENTION|100/100\n|move|p2a: Snorlax|Body Slam|p1a: INVENTION\n|-damage|p1a: INVENTION|59/100\n|\n|upkeep\n|turn|35\n|\n|t:|1740938334\n|move|p1a: INVENTION|Soft-Boiled|p1a: INVENTION\n|-heal|p1a: INVENTION|100/100\n|cant|p2a: Snorlax|par\n|\n|upkeep\n|turn|36\n|\n|t:|1740938338\n|switch|p2a: Alakazam|Alakazam|100/100 par\n|move|p1a: INVENTION|Ice Beam|p2a: Alakazam\n|-damage|p2a: Alakazam|79/100 par\n|\n|upkeep\n|turn|37\n|\n|t:|1740938343\n|switch|p1a: DOMINION|Alakazam|69/100 par\n|move|p2a: Alakazam|Thunder Wave|p1a: DOMINION\n|-fail|p1a: DOMINION|par\n|\n|upkeep\n|turn|38\n|\n|t:|1740938346\n|move|p2a: Alakazam|Psychic|p1a: DOMINION\n|-resisted|p1a: DOMINION\n|-damage|p1a: DOMINION|53/100 par\n|-unboost|p1a: DOMINION|spa|1\n|-unboost|p1a: DOMINION|spd|1\n|move|p1a: DOMINION|Recover|p1a: DOMINION\n|-heal|p1a: DOMINION|100/100 par\n|\n|upkeep\n|turn|39\n|\n|t:|1740938352\n|cant|p2a: Alakazam|par\n|move|p1a: DOMINION|Seismic Toss|p2a: Alakazam\n|-damage|p2a: Alakazam|47/100 par\n|\n|upkeep\n|turn|40\n|\n|t:|1740938356\n|switch|p1a: ENDOWMENT|Snorlax|100/100\n|move|p2a: Alakazam|Thunder Wave|p1a: ENDOWMENT\n|-status|p1a: ENDOWMENT|par\n|\n|upkeep\n|turn|41\n|\n|t:|1740938362\n|switch|p2a: Snorlax|Snorlax|100/100 par\n|move|p1a: ENDOWMENT|Body Slam|p2a: Snorlax\n|-damage|p2a: Snorlax|76/100 par\n|\n|upkeep\n|turn|42\n|\n|t:|1740938366\n|switch|p1a: INVENTION|Chansey|100/100\n|move|p2a: Snorlax|Body Slam|p1a: INVENTION\n|-damage|p1a: INVENTION|62/100\n|\n|upkeep\n|turn|43\n|\n|t:|1740938369\n|move|p1a: INVENTION|Soft-Boiled|p1a: INVENTION\n|-heal|p1a: INVENTION|100/100\n|move|p2a: Snorlax|Body Slam|p1a: INVENTION\n|-damage|p1a: INVENTION|59/100\n|\n|upkeep\n|turn|44\n|\n|t:|1740938373\n|move|p1a: INVENTION|Ice Beam|p2a: Snorlax\n|-damage|p2a: Snorlax|55/100 par\n|move|p2a: Snorlax|Body Slam|p1a: INVENTION\n|-damage|p1a: INVENTION|16/100\n|\n|upkeep\n|turn|45\n|\n|t:|1740938380\n|move|p1a: INVENTION|Soft-Boiled|p1a: INVENTION\n|-heal|p1a: INVENTION|66/100\n|move|p2a: Snorlax|Body Slam|p1a: INVENTION\n|-damage|p1a: INVENTION|26/100\n|\n|upkeep\n|turn|46\n|\n|t:|1740938384\n|move|p1a: INVENTION|Soft-Boiled|p1a: INVENTION\n|-heal|p1a: INVENTION|76/100\n|cant|p2a: Snorlax|par\n|\n|upkeep\n|turn|47\n|\n|t:|1740938388\n|move|p1a: INVENTION|Ice Beam|p2a: Snorlax\n|-damage|p2a: Snorlax|36/100 par\n|move|p2a: Snorlax|Body Slam|p1a: INVENTION\n|-damage|p1a: INVENTION|34/100\n|\n|upkeep\n|turn|48\n|\n|t:|1740938392\n|move|p1a: INVENTION|Ice Beam|p2a: Snorlax\n|-damage|p2a: Snorlax|16/100 par\n|cant|p2a: Snorlax|par\n|\n|upkeep\n|turn|49\n|\n|t:|1740938396\n|move|p1a: INVENTION|Ice Beam|p2a: Snorlax\n|-damage|p2a: Snorlax|0 fnt\n|faint|p2a: Snorlax\n|\n|t:|1740938398\n|switch|p2a: Tauros|Tauros|100/100\n|turn|50\n|\n|t:|1740938401\n|switch|p1a: ENDOWMENT|Snorlax|100/100 par\n|move|p2a: Tauros|Body Slam|p1a: ENDOWMENT\n|-damage|p1a: ENDOWMENT|74/100 par\n|\n|upkeep\n|turn|51\n|\n|t:|1740938412\n|move|p2a: Tauros|Earthquake|p1a: ENDOWMENT\n|-damage|p1a: ENDOWMENT|54/100 par\n|move|p1a: ENDOWMENT|Body Slam|p2a: Tauros\n|-damage|p2a: Tauros|71/100\n|\n|upkeep\n|turn|52\n|\n|t:|1740938418\n|move|p2a: Tauros|Earthquake|p1a: ENDOWMENT\n|-damage|p1a: ENDOWMENT|33/100 par\n|move|p1a: ENDOWMENT|Self-Destruct|p2a: Tauros\n|-damage|p2a: Tauros|0 fnt\n|faint|p2a: Tauros\n|faint|p1a: ENDOWMENT\n|\n|t:|1740938431\n|switch|p2a: Exeggutor|Exeggutor|100/100\n|switch|p1a: DOMINION|Alakazam|100/100 par\n|turn|53\n|\n|t:|1740938436\n|switch|p2a: Alakazam|Alakazam|47/100 par\n|cant|p1a: DOMINION|par\n|\n|upkeep\n|turn|54\n|\n|t:|1740938440\n|move|p2a: Alakazam|Recover|p2a: Alakazam\n|-heal|p2a: Alakazam|97/100 par\n|cant|p1a: DOMINION|par\n|\n|upkeep\n|turn|55\n|\n|t:|1740938443\n|move|p2a: Alakazam|Seismic Toss|p1a: DOMINION\n|-damage|p1a: DOMINION|69/100 par\n|cant|p1a: DOMINION|par\n|\n|upkeep\n|turn|56\n|\n|t:|1740938448\n|move|p1a: DOMINION|Recover|p1a: DOMINION\n|-heal|p1a: DOMINION|100/100 par\n|cant|p2a: Alakazam|par\n|\n|upkeep\n|turn|57\n|\n|t:|1740938451\n|cant|p2a: Alakazam|par\n|move|p1a: DOMINION|Psychic|p2a: Alakazam\n|-resisted|p2a: Alakazam\n|-damage|p2a: Alakazam|80/100 par\n|-unboost|p2a: Alakazam|spa|1\n|-unboost|p2a: Alakazam|spd|1\n|\n|upkeep\n|turn|58\n|\n|t:|1740938454\n|cant|p1a: DOMINION|par\n|cant|p2a: Alakazam|par\n|\n|upkeep\n|turn|59\n|\n|t:|1740938456\n|cant|p1a: DOMINION|par\n|move|p2a: Alakazam|Seismic Toss|p1a: DOMINION\n|-damage|p1a: DOMINION|69/100 par\n|\n|upkeep\n|turn|60\n|\n|t:|1740938458\n|move|p1a: DOMINION|Recover|p1a: DOMINION\n|-heal|p1a: DOMINION|100/100 par\n|move|p2a: Alakazam|Seismic Toss|p1a: DOMINION\n|-damage|p1a: DOMINION|69/100 par\n|\n|upkeep\n|turn|61\n|\n|t:|1740938460\n|move|p1a: DOMINION|Recover|p1a: DOMINION\n|-heal|p1a: DOMINION|100/100 par\n|move|p2a: Alakazam|Seismic Toss|p1a: DOMINION\n|-damage|p1a: DOMINION|69/100 par\n|\n|upkeep\n|turn|62\n|\n|t:|1740938462\n|move|p1a: DOMINION|Recover|p1a: DOMINION\n|-heal|p1a: DOMINION|100/100 par\n|cant|p2a: Alakazam|par\n|\n|upkeep\n|turn|63\n|\n|t:|1740938464\n|cant|p1a: DOMINION|par\n|cant|p2a: Alakazam|par\n|\n|upkeep\n|turn|64\n|\n|t:|1740938466\n|move|p1a: DOMINION|Seismic Toss|p2a: Alakazam\n|-damage|p2a: Alakazam|48/100 par\n|move|p2a: Alakazam|Seismic Toss|p1a: DOMINION\n|-damage|p1a: DOMINION|69/100 par\n|\n|upkeep\n|turn|65\n|\n|t:|1740938468\n|move|p1a: DOMINION|Recover|p1a: DOMINION\n|-heal|p1a: DOMINION|100/100 par\n|move|p2a: Alakazam|Seismic Toss|p1a: DOMINION\n|-damage|p1a: DOMINION|69/100 par\n|\n|upkeep\n|turn|66\n|\n|t:|1740938471\n|move|p1a: DOMINION|Recover|p1a: DOMINION\n|-heal|p1a: DOMINION|100/100 par\n|cant|p2a: Alakazam|par\n|\n|upkeep\n|turn|67\n|\n|t:|1740938473\n|move|p1a: DOMINION|Seismic Toss|p2a: Alakazam\n|-damage|p2a: Alakazam|16/100 par\n|cant|p2a: Alakazam|par\n|\n|upkeep\n|turn|68\n|\n|t:|1740938480\n|move|p1a: DOMINION|Seismic Toss|p2a: Alakazam\n|-damage|p2a: Alakazam|0 fnt\n|faint|p2a: Alakazam\n|\n|t:|1740938481\n|switch|p2a: Zapdos|Zapdos|100/100\n|turn|69\n|\n|t:|1740938484\n|move|p2a: Zapdos|Drill Peck|p1a: DOMINION\n|-damage|p1a: DOMINION|57/100 par\n|move|p1a: DOMINION|Thunder Wave|p2a: Zapdos\n|-status|p2a: Zapdos|par\n|\n|upkeep\n|turn|70\n|\n|t:|1740938486\n|cant|p1a: DOMINION|par\n|move|p2a: Zapdos|Drill Peck|p1a: DOMINION\n|-crit|p1a: DOMINION\n|-damage|p1a: DOMINION|0 fnt\n|faint|p1a: DOMINION\n|\n|t:|1740938505\n|switch|p1a: INVENTION|Chansey|34/100\n|turn|71\n|\n|t:|1740938507\n|switch|p2a: Exeggutor|Exeggutor|100/100\n|move|p1a: INVENTION|Soft-Boiled|p1a: INVENTION\n|-heal|p1a: INVENTION|83/100\n|\n|upkeep\n|turn|72\n|\n|t:|1740938511\n|switch|p1a: DEVOTION|Exeggutor|24/100 par\n|move|p2a: Exeggutor|Sleep Powder|p1a: DEVOTION\n|-fail|p1a: DEVOTION\n|\n|upkeep\n|turn|73\n|\n|t:|1740938514\n|move|p2a: Exeggutor|Hyper Beam|p1a: DEVOTION\n|-damage|p1a: DEVOTION|0 fnt\n|faint|p1a: DEVOTION\n|\n|t:|1740938515\n|switch|p1a: MERCY|Lapras|100/100\n|turn|74\n|\n|t:|1740938526\n|move|p1a: MERCY|Blizzard|p2a: Exeggutor\n|-supereffective|p2a: Exeggutor\n|-damage|p2a: Exeggutor|41/100\n|-status|p2a: Exeggutor|frz\n|cant|p2a: Exeggutor|frz\n|\n|upkeep\n|turn|75\n|\n|t:|1740938530\n|switch|p2a: Starmie|Starmie|100/100\n|move|p1a: MERCY|Blizzard|p2a: Starmie\n|-resisted|p2a: Starmie\n|-damage|p2a: Starmie|79/100\n|\n|upkeep\n|turn|76\n|\n|t:|1740938534\n|switch|p1a: INVENTION|Chansey|83/100\n|move|p2a: Starmie|Thunder Wave|p1a: INVENTION\n|-status|p1a: INVENTION|par\n|\n|upkeep\n|turn|77\n|\n|t:|1740938539\n|switch|p2a: Zapdos|Zapdos|100/100 par\n|move|p1a: INVENTION|Ice Beam|p2a: Zapdos\n|-supereffective|p2a: Zapdos\n|-damage|p2a: Zapdos|66/100 par\n|\n|upkeep\n|turn|78\n|\n|t:|1740938545\n|switch|p1a: STORMBLESSED|Tauros|100/100\n|move|p2a: Zapdos|Thunderbolt|p1a: STORMBLESSED\n|-damage|p1a: STORMBLESSED|53/100\n|\n|upkeep\n|turn|79\n|\n|t:|1740938553\n|switch|p2a: Exeggutor|Exeggutor|41/100 frz\n|move|p1a: STORMBLESSED|Body Slam|p2a: Exeggutor\n|-damage|p2a: Exeggutor|12/100 frz\n|\n|upkeep\n|turn|80\n|\n|t:|1740938559\n|move|p1a: STORMBLESSED|Body Slam|p2a: Exeggutor\n|-damage|p2a: Exeggutor|0 fnt\n|faint|p2a: Exeggutor\n|\n|t:|1740938561\n|switch|p2a: Starmie|Starmie|79/100\n|turn|81\n|\n|t:|1740938564\n|switch|p1a: INVENTION|Chansey|83/100 par\n|move|p2a: Starmie|Psychic|p1a: INVENTION\n|-damage|p1a: INVENTION|70/100 par\n|\n|upkeep\n|turn|82\n|\n|t:|1740938567\n|switch|p2a: Zapdos|Zapdos|66/100 par\n|cant|p1a: INVENTION|par\n|\n|upkeep\n|turn|83\n|\n|t:|1740938570\n|switch|p1a: STORMBLESSED|Tauros|53/100\n|move|p2a: Zapdos|Drill Peck|p1a: STORMBLESSED\n|-damage|p1a: STORMBLESSED|29/100\n|\n|upkeep\n|turn|84\n|\n|t:|1740938575\n|switch|p2a: Starmie|Starmie|79/100\n|move|p1a: STORMBLESSED|Body Slam|p2a: Starmie\n|-damage|p2a: Starmie|43/100\n|-status|p2a: Starmie|par\n|\n|upkeep\n|turn|85\n|\n|t:|1740938585\n|switch|p2a: Zapdos|Zapdos|66/100 par\n|move|p1a: STORMBLESSED|Hyper Beam|p2a: Zapdos\n|-damage|p2a: Zapdos|19/100 par\n|-mustrecharge|p1a: STORMBLESSED\n|\n|upkeep\n|turn|86\n|\n|t:|1740938608\n|cant|p1a: STORMBLESSED|recharge\n|move|p2a: Zapdos|Agility|p2a: Zapdos\n|-boost|p2a: Zapdos|spe|2\n|\n|upkeep\n|turn|87\n|\n|t:|1740938622\n|move|p2a: Zapdos|Thunderbolt|p1a: STORMBLESSED\n|-damage|p1a: STORMBLESSED|0 fnt\n|faint|p1a: STORMBLESSED\n|\n|t:|1740938638\n|switch|p1a: INVENTION|Chansey|70/100 par\n|turn|88\n|\n|t:|1740938644\n|move|p2a: Zapdos|Drill Peck|p1a: INVENTION\n|-damage|p1a: INVENTION|34/100 par\n|move|p1a: INVENTION|Ice Beam|p2a: Zapdos\n|-supereffective|p2a: Zapdos\n|-damage|p2a: Zapdos|0 fnt\n|faint|p2a: Zapdos\n|\n|t:|1740938647\n|switch|p2a: Starmie|Starmie|43/100 par\n|turn|89\n|\n|t:|1740938656\n|cant|p2a: Starmie|par\n|cant|p1a: INVENTION|par\n|\n|upkeep\n|turn|90\n|\n|t:|1740938658\n|move|p2a: Starmie|Psychic|p1a: INVENTION\n|-damage|p1a: INVENTION|20/100 par\n|move|p1a: INVENTION|Thunderbolt|p2a: Starmie\n|-crit|p2a: Starmie\n|-supereffective|p2a: Starmie\n|-damage|p2a: Starmie|0 fnt\n|faint|p2a: Starmie\n|\n|win|shiloh\n|c|☆shiloh|gg\n|c|☆chuva de perereca|gg\n|player|p1|\n","uploadtime":1740938658,"views":"1602","formatid":"gen1ou","rating":null,"private":0,"password":null}