{"id":"smogtours-gen1ou-950644","format":"[Gen 1] OU","players":["TG2513","Soda Krys"],"log":"|inactive|Battle timer is ON: inactive players will automatically lose when time's up.\n|t:|1782577982\n|gametype|singles\n|player|p1|TG2513|brycenman|\n|player|p2|Soda Krys|gwynn|\n|gen|1\n|tier|[Gen 1] OU\n|rule|Desync Clause Mod: Desyncs changed to move failure.\n|rule|HP Percentage Mod: HP is shown in percentages\n|rule|Endless Battle Clause: Forcing endless battles is banned\n|rule|Sleep Clause Mod: Limit one foe put to sleep\n|rule|Freeze Clause Mod: Limit one foe frozen\n|rule|Species Clause: Limit one of each Pokémon\n|rule|OHKO Clause: OHKO moves are banned\n|rule|Evasion Moves Clause: Evasion moves are banned\n|\n|t:|1782577982\n|teamsize|p1|6\n|teamsize|p2|6\n|start\n|switch|p1a: Chansey|Chansey|100/100\n|switch|p2a: Zapdos|Zapdos|100/100\n|turn|1\n|\n|t:|1782578002\n|switch|p1a: Rhydon|Rhydon|100/100\n|move|p2a: Zapdos|Thunder Wave|p1a: Rhydon\n|-immune|p1a: Rhydon\n|\n|upkeep\n|turn|2\n|\n|t:|1782578010\n|switch|p2a: Exeggutor|Exeggutor|100/100\n|move|p1a: Rhydon|Body Slam|p2a: Exeggutor\n|-damage|p2a: Exeggutor|79/100\n|\n|upkeep\n|turn|3\n|\n|t:|1782578017\n|switch|p1a: Starmie|Starmie|100/100\n|move|p2a: Exeggutor|Sleep Powder|p1a: Starmie\n|-status|p1a: Starmie|slp|[from] move: Sleep Powder\n|\n|upkeep\n|turn|4\n|\n|t:|1782578023\n|switch|p1a: Exeggutor|Exeggutor|100/100\n|move|p2a: Exeggutor|Stun Spore|p1a: Exeggutor\n|-status|p1a: Exeggutor|par\n|\n|upkeep\n|turn|5\n|\n|t:|1782578027\n|move|p2a: Exeggutor|Psychic|p1a: Exeggutor\n|-resisted|p1a: Exeggutor\n|-damage|p1a: Exeggutor|88/100 par\n|cant|p1a: Exeggutor|par\n|\n|upkeep\n|turn|6\n|\n|t:|1782578030\n|move|p2a: Exeggutor|Psychic|p1a: Exeggutor\n|-resisted|p1a: Exeggutor\n|-damage|p1a: Exeggutor|74/100 par\n|move|p1a: Exeggutor|Sleep Powder|p2a: Exeggutor\n|-status|p2a: Exeggutor|slp|[from] move: Sleep Powder\n|\n|upkeep\n|turn|7\n|\n|t:|1782578036\n|switch|p2a: Articuno|Articuno|100/100\n|move|p1a: Exeggutor|Double-Edge|p2a: Articuno\n|-damage|p2a: Articuno|81/100\n|-damage|p1a: Exeggutor|69/100 par|[from] Recoil|[of] p2a: Articuno\n|\n|upkeep\n|turn|8\n|\n|t:|1782578041\n|switch|p1a: Chansey|Chansey|100/100\n|move|p2a: Articuno|Ice Beam|p1a: Chansey\n|-damage|p1a: Chansey|81/100\n|\n|upkeep\n|turn|9\n|\n|t:|1782578046\n|switch|p2a: Snorlax|Snorlax|100/100\n|move|p1a: Chansey|Thunder Wave|p2a: Snorlax\n|-status|p2a: Snorlax|par\n|\n|upkeep\n|turn|10\n|\n|t:|1782578050\n|switch|p1a: Snorlax|Snorlax|100/100\n|cant|p2a: Snorlax|par\n|\n|upkeep\n|turn|11\n|\n|t:|1782578053\n|move|p1a: Snorlax|Reflect|p1a: Snorlax\n|-start|p1a: Snorlax|Reflect\n|move|p2a: Snorlax|Reflect|p2a: Snorlax\n|-start|p2a: Snorlax|Reflect\n|\n|upkeep\n|turn|12\n|\n|t:|1782578056\n|move|p1a: Snorlax|Body Slam|p2a: Snorlax\n|-damage|p2a: Snorlax|88/100 par\n|move|p2a: Snorlax|Body Slam|p1a: Snorlax\n|-damage|p1a: Snorlax|87/100\n|\n|upkeep\n|turn|13\n|\n|t:|1782578058\n|move|p1a: Snorlax|Body Slam|p2a: Snorlax\n|-damage|p2a: Snorlax|75/100 par\n|move|p2a: Snorlax|Body Slam|p1a: Snorlax\n|-damage|p1a: Snorlax|73/100\n|\n|upkeep\n|turn|14\n|\n|t:|1782578060\n|move|p1a: Snorlax|Body Slam|p2a: Snorlax\n|-damage|p2a: Snorlax|61/100 par\n|move|p2a: Snorlax|Body Slam|p1a: Snorlax\n|-crit|p1a: Snorlax\n|-damage|p1a: Snorlax|23/100\n|\n|upkeep\n|turn|15\n|\n|t:|1782578062\n|move|p1a: Snorlax|Rest|p1a: Snorlax\n|-status|p1a: Snorlax|slp|[from] move: Rest\n|-heal|p1a: Snorlax|100/100 slp|[silent]\n|move|p2a: Snorlax|Body Slam|p1a: Snorlax\n|-damage|p1a: Snorlax|87/100 slp\n|\n|upkeep\n|turn|16\n|\n|t:|1782578064\n|switch|p2a: Articuno|Articuno|81/100\n|cant|p1a: Snorlax|slp\n|\n|upkeep\n|turn|17\n|\n|t:|1782578067\n|switch|p1a: Chansey|Chansey|81/100\n|move|p2a: Articuno|Blizzard|p1a: Chansey\n|-damage|p1a: Chansey|57/100\n|\n|upkeep\n|turn|18\n|\n|t:|1782578072\n|switch|p2a: Snorlax|Snorlax|61/100 par\n|move|p1a: Chansey|Soft-Boiled|p1a: Chansey\n|-heal|p1a: Chansey|100/100\n|\n|upkeep\n|turn|19\n|\n|t:|1782578084\n|switch|p1a: Snorlax|Snorlax|87/100 slp\n|cant|p2a: Snorlax|par\n|\n|upkeep\n|turn|20\n|\n|t:|1782578091\n|switch|p2a: Chansey|Chansey|100/100\n|-curestatus|p1a: Snorlax|slp|[msg]\n|\n|upkeep\n|turn|21\n|\n|t:|1782578097\n|move|p2a: Chansey|Seismic Toss|p1a: Snorlax\n|-damage|p1a: Snorlax|67/100\n|move|p1a: Snorlax|Ice Beam|p2a: Chansey\n|-damage|p2a: Chansey|92/100\n|\n|upkeep\n|turn|22\n|\n|t:|1782578100\n|switch|p2a: Snorlax|Snorlax|61/100 par\n|move|p1a: Snorlax|Ice Beam|p2a: Snorlax\n|-damage|p2a: Snorlax|46/100 par\n|\n|upkeep\n|turn|23\n|\n|t:|1782578102\n|move|p1a: Snorlax|Body Slam|p2a: Snorlax\n|-damage|p2a: Snorlax|20/100 par\n|move|p2a: Snorlax|Self-Destruct|p1a: Snorlax\n|-damage|p1a: Snorlax|0 fnt\n|faint|p1a: Snorlax\n|faint|p2a: Snorlax\n|\n|t:|1782578118\n|switch|p1a: Chansey|Chansey|100/100\n|switch|p2a: Articuno|Articuno|81/100\n|turn|24\n|\n|t:|1782578122\n|move|p2a: Articuno|Ice Beam|p1a: Chansey\n|-damage|p1a: Chansey|82/100\n|move|p1a: Chansey|Ice Beam|p2a: Articuno\n|-damage|p2a: Articuno|63/100\n|\n|upkeep\n|turn|25\n|\n|t:|1782578127\n|move|p2a: Articuno|Ice Beam|p1a: Chansey\n|-crit|p1a: Chansey\n|-damage|p1a: Chansey|48/100\n|move|p1a: Chansey|Thunder Wave|p2a: Articuno\n|-status|p2a: Articuno|par\n|\n|upkeep\n|turn|26\n|\n|t:|1782578130\n|move|p1a: Chansey|Soft-Boiled|p1a: Chansey\n|-heal|p1a: Chansey|98/100\n|move|p2a: Articuno|Ice Beam|p1a: Chansey\n|-damage|p1a: Chansey|79/100\n|\n|upkeep\n|turn|27\n|\n|t:|1782578139\n|switch|p1a: Starmie|Starmie|100/100 slp\n|move|p2a: Articuno|Ice Beam|p1a: Starmie\n|-resisted|p1a: Starmie\n|-damage|p1a: Starmie|81/100 slp\n|\n|upkeep\n|turn|28\n|\n|t:|1782578143\n|switch|p2a: Tauros|Tauros|100/100\n|-curestatus|p1a: Starmie|slp|[msg]\n|\n|upkeep\n|turn|29\n|\n|t:|1782578148\n|move|p1a: Starmie|Thunder Wave|p2a: Tauros\n|-status|p2a: Tauros|par\n|move|p2a: Tauros|Body Slam|p1a: Starmie\n|-damage|p1a: Starmie|47/100\n|-status|p1a: Starmie|par\n|\n|upkeep\n|turn|30\n|c|☆Soda Krys|why am i unable to freeze u then u go around and do nothing but freeze me LMAO\n|\n|t:|1782578163\n|move|p1a: Starmie|Recover|p1a: Starmie\n|-heal|p1a: Starmie|96/100 par\n|cant|p2a: Tauros|par\n|\n|upkeep\n|turn|31\n|c|☆Soda Krys|not same game ofc but just this set ;-;\n|c|☆TG2513|I hit 10%s like u wouldnt believe, good or bad\n|\n|t:|1782578187\n|move|p1a: Starmie|Psychic|p2a: Tauros\n|-damage|p2a: Tauros|66/100 par\n|move|p2a: Tauros|Thunderbolt|p1a: Starmie\n|-supereffective|p1a: Starmie\n|-damage|p1a: Starmie|61/100 par\n|\n|upkeep\n|turn|32\n|\n|t:|1782578195\n|switch|p1a: Rhydon|Rhydon|100/100\n|move|p2a: Tauros|Body Slam|p1a: Rhydon\n|-resisted|p1a: Rhydon\n|-damage|p1a: Rhydon|89/100\n|-status|p1a: Rhydon|par\n|\n|upkeep\n|turn|33\n|\n|t:|1782578200\n|move|p2a: Tauros|Blizzard|p1a: Rhydon\n|-supereffective|p1a: Rhydon\n|-damage|p1a: Rhydon|35/100 par\n|cant|p1a: Rhydon|par\n|\n|upkeep\n|turn|34\n|\n|t:|1782578208\n|move|p2a: Tauros|Blizzard|p1a: Rhydon\n|-crit|p1a: Rhydon\n|-supereffective|p1a: Rhydon\n|-damage|p1a: Rhydon|0 fnt\n|faint|p1a: Rhydon\n|\n|t:|1782578210\n|switch|p1a: Tauros|Tauros|100/100\n|turn|35\n|\n|t:|1782578212\n|move|p1a: Tauros|Body Slam|p2a: Tauros\n|-damage|p2a: Tauros|35/100 par\n|move|p2a: Tauros|Body Slam|p1a: Tauros\n|-crit|p1a: Tauros\n|-damage|p1a: Tauros|42/100\n|\n|upkeep\n|turn|36\n|\n|t:|1782578218\n|move|p1a: Tauros|Hyper Beam|p2a: Tauros\n|-damage|p2a: Tauros|0 fnt\n|faint|p2a: Tauros\n|\n|t:|1782578222\n|switch|p2a: Chansey|Chansey|92/100\n|turn|37\n|\n|t:|1782578231\n|move|p1a: Tauros|Body Slam|p2a: Chansey\n|-damage|p2a: Chansey|52/100\n|move|p2a: Chansey|Counter|p1a: Tauros\n|-damage|p1a: Tauros|0 fnt\n|faint|p1a: Tauros\n|\n|t:|1782578245\n|switch|p1a: Exeggutor|Exeggutor|69/100 par\n|turn|38\n|\n|t:|1782578250\n|switch|p2a: Exeggutor|Exeggutor|79/100 slp\n|move|p1a: Exeggutor|Psychic|p2a: Exeggutor\n|-resisted|p2a: Exeggutor\n|-damage|p2a: Exeggutor|65/100 slp\n|-unboost|p2a: Exeggutor|spa|1\n|-unboost|p2a: Exeggutor|spd|1\n|\n|upkeep\n|turn|39\n|\n|t:|1782578253\n|switch|p1a: Starmie|Starmie|61/100 par\n|cant|p2a: Exeggutor|slp\n|\n|upkeep\n|turn|40\n|\n|t:|1782578255\n|switch|p2a: Chansey|Chansey|52/100\n|move|p1a: Starmie|Recover|p1a: Starmie\n|-heal|p1a: Starmie|100/100 par\n|\n|upkeep\n|turn|41\n|\n|t:|1782578260\n|switch|p1a: Exeggutor|Exeggutor|69/100 par\n|move|p2a: Chansey|Soft-Boiled|p2a: Chansey\n|-heal|p2a: Chansey|100/100\n|\n|upkeep\n|turn|42\n|\n|t:|1782578265\n|move|p2a: Chansey|Seismic Toss|p1a: Exeggutor\n|-damage|p1a: Exeggutor|44/100 par\n|cant|p1a: Exeggutor|par\n|\n|upkeep\n|turn|43\n|\n|t:|1782578268\n|switch|p2a: Exeggutor|Exeggutor|65/100 slp\n|move|p1a: Exeggutor|Explosion|p2a: Exeggutor\n|-damage|p2a: Exeggutor|0 fnt\n|faint|p2a: Exeggutor\n|faint|p1a: Exeggutor\n|\n|t:|1782578274\n|switch|p2a: Articuno|Articuno|63/100 par\n|switch|p1a: Chansey|Chansey|79/100\n|turn|44\n|\n|t:|1782578279\n|move|p1a: Chansey|Ice Beam|p2a: Articuno\n|-crit|p2a: Articuno\n|-damage|p2a: Articuno|32/100 par\n|move|p2a: Articuno|Blizzard|p1a: Chansey\n|-damage|p1a: Chansey|57/100\n|\n|upkeep\n|turn|45\n|\n|t:|1782578282\n|move|p1a: Chansey|Ice Beam|p2a: Articuno\n|-damage|p2a: Articuno|15/100 par\n|move|p2a: Articuno|Ice Beam|p1a: Chansey\n|-damage|p1a: Chansey|40/100\n|\n|upkeep\n|turn|46\n|\n|t:|1782578287\n|move|p1a: Chansey|Soft-Boiled|p1a: Chansey\n|-heal|p1a: Chansey|90/100\n|move|p2a: Articuno|Ice Beam|p1a: Chansey\n|-damage|p1a: Chansey|72/100\n|\n|upkeep\n|turn|47\n|\n|t:|1782578291\n|move|p1a: Chansey|Ice Beam|p2a: Articuno\n|-damage|p2a: Articuno|0 fnt\n|faint|p2a: Articuno\n|\n|t:|1782578299\n|switch|p2a: Zapdos|Zapdos|100/100\n|turn|48\n|\n|t:|1782578301\n|move|p2a: Zapdos|Thunder Wave|p1a: Chansey\n|-status|p1a: Chansey|par\n|move|p1a: Chansey|Thunder Wave|p2a: Zapdos|[miss]\n|-miss|p1a: Chansey\n|-hint|In Gen 1, moves with 100% accuracy can still miss 1/256 of the time.\n|\n|upkeep\n|turn|49\n|\n|t:|1782578307\n|move|p2a: Zapdos|Drill Peck|p1a: Chansey\n|-crit|p1a: Chansey\n|-damage|p1a: Chansey|6/100 par\n|move|p1a: Chansey|Thunder Wave|p2a: Zapdos\n|-status|p2a: Zapdos|par\n|\n|upkeep\n|turn|50\n|c|☆TG2513|there goes all my plans\n|\n|t:|1782578323\n|cant|p2a: Zapdos|par\n|cant|p1a: Chansey|par\n|\n|upkeep\n|turn|51\n|\n|t:|1782578325\n|move|p2a: Zapdos|Thunderbolt|p1a: Chansey\n|-damage|p1a: Chansey|0 fnt\n|faint|p1a: Chansey\n|\n|t:|1782578326\n|switch|p1a: Starmie|Starmie|100/100 par\n|turn|52\n|\n|t:|1782578328\n|move|p1a: Starmie|Blizzard|p2a: Zapdos|[miss]\n|-miss|p1a: Starmie\n|move|p2a: Zapdos|Thunderbolt|p1a: Starmie\n|-crit|p1a: Starmie\n|-supereffective|p1a: Starmie\n|-damage|p1a: Starmie|0 fnt\n|faint|p1a: Starmie\n|\n|win|Soda Krys\n|player|p1|\n|c|☆Soda Krys|1-=14\n|c|☆Soda Krys|10-14*\n","uploadtime":1782578328,"views":"54","formatid":"gen1ou","rating":null,"private":0,"password":null}