{"id":"smogtours-gen1ou-947540","format":"[Gen 1] OU","players":["longestbanana","stunner047"],"log":"|inactive|Battle timer is ON: inactive players will automatically lose when time's up.\n|t:|1781637720\n|gametype|singles\n|player|p1|longestbanana|youngcouple|\n|player|p2|stunner047|#rbypliiidingdangdewgongs|\n|gen|1\n|tier|[Gen 1] OU\n|rule|Desync Clause Mod: Desyncs changed to move failure.\n|rule|HP Percentage Mod: HP is shown in percentages\n|rule|Endless Battle Clause: Forcing endless battles is banned\n|rule|Sleep Clause Mod: Limit one foe put to sleep\n|rule|Freeze Clause Mod: Limit one foe frozen\n|rule|Species Clause: Limit one of each Pokémon\n|rule|OHKO Clause: OHKO moves are banned\n|rule|Evasion Moves Clause: Evasion moves are banned\n|\n|t:|1781637720\n|teamsize|p1|6\n|teamsize|p2|6\n|start\n|switch|p1a: Gengar|Gengar|100/100\n|switch|p2a: Gengar|Gengar|100/100\n|turn|1\n|c|☆stunner047|gl hf\n|\n|t:|1781637725\n|move|p2a: Gengar|Hypnosis|p1a: Gengar|[miss]\n|-miss|p2a: Gengar\n|move|p1a: Gengar|Hypnosis|p2a: Gengar\n|-status|p2a: Gengar|slp|[from] move: Hypnosis\n|\n|upkeep\n|turn|2\n|c|☆longestbanana|u2\n|\n|t:|1781637727\n|switch|p2a: Exeggutor|Exeggutor|100/100\n|move|p1a: Gengar|Psychic|p2a: Exeggutor\n|-crit|p2a: Exeggutor\n|-resisted|p2a: Exeggutor\n|-damage|p2a: Exeggutor|82/100\n|\n|upkeep\n|turn|3\n|\n|t:|1781637733\n|switch|p2a: Gengar|Gengar|100/100 slp\n|move|p1a: Gengar|Explosion|p2a: Gengar\n|-immune|p2a: Gengar\n|faint|p1a: Gengar\n|\n|t:|1781637735\n|switch|p1a: Cloyster|Cloyster|100/100\n|turn|4\n|\n|t:|1781637736\n|cant|p2a: Gengar|slp\n|move|p1a: Cloyster|Blizzard|p2a: Gengar\n|-damage|p2a: Gengar|66/100 slp\n|\n|upkeep\n|turn|5\n|\n|t:|1781637739\n|switch|p2a: Starmie|Starmie|100/100\n|move|p1a: Cloyster|Blizzard|p2a: Starmie\n|-resisted|p2a: Starmie\n|-damage|p2a: Starmie|81/100\n|\n|upkeep\n|turn|6\n|\n|t:|1781637742\n|move|p2a: Starmie|Thunder Wave|p1a: Cloyster\n|-status|p1a: Cloyster|par\n|move|p1a: Cloyster|Explosion|p2a: Starmie\n|-damage|p2a: Starmie|0 fnt\n|faint|p2a: Starmie\n|faint|p1a: Cloyster\n|\n|t:|1781637745\n|switch|p2a: Exeggutor|Exeggutor|82/100\n|switch|p1a: Exeggutor|Exeggutor|100/100\n|turn|7\n|\n|t:|1781637749\n|move|p1a: Exeggutor|Stun Spore|p2a: Exeggutor|[miss]\n|-miss|p1a: Exeggutor\n|move|p2a: Exeggutor|Sleep Powder|p1a: Exeggutor\n|-status|p1a: Exeggutor|slp|[from] move: Sleep Powder\n|\n|upkeep\n|turn|8\n|\n|t:|1781637751\n|switch|p2a: Tauros|Tauros|100/100\n|cant|p1a: Exeggutor|slp\n|\n|upkeep\n|turn|9\n|\n|t:|1781637753\n|move|p2a: Tauros|Body Slam|p1a: Exeggutor\n|-damage|p1a: Exeggutor|71/100 slp\n|cant|p1a: Exeggutor|slp\n|\n|upkeep\n|turn|10\n|\n|t:|1781637754\n|move|p2a: Tauros|Body Slam|p1a: Exeggutor\n|-damage|p1a: Exeggutor|42/100 slp\n|cant|p1a: Exeggutor|slp\n|\n|upkeep\n|turn|11\n|\n|t:|1781637756\n|move|p2a: Tauros|Body Slam|p1a: Exeggutor\n|-crit|p1a: Exeggutor\n|-damage|p1a: Exeggutor|0 fnt\n|faint|p1a: Exeggutor\n|\n|t:|1781637758\n|switch|p1a: Snorlax|Snorlax|100/100\n|turn|12\n|\n|t:|1781637761\n|switch|p2a: Chansey|Chansey|100/100\n|move|p1a: Snorlax|Body Slam|p2a: Chansey\n|-damage|p2a: Chansey|62/100\n|\n|upkeep\n|turn|13\n|\n|t:|1781637764\n|move|p2a: Chansey|Soft-Boiled|p2a: Chansey\n|-heal|p2a: Chansey|100/100\n|move|p1a: Snorlax|Hyper Beam|p2a: Chansey\n|-damage|p2a: Chansey|28/100\n|-mustrecharge|p1a: Snorlax\n|\n|upkeep\n|turn|14\n|\n|t:|1781637766\n|move|p2a: Chansey|Sing|p1a: Snorlax\n|-status|p1a: Snorlax|slp|[from] move: Sing\n|-hint|In Gen 1, if a Pokémon that has just used Hyper Beam and has yet to recharge is targeted with a sleep inducing move, any other status it may already have will be ignored and sleep will be induced regardless.\n|cant|p1a: Snorlax|slp\n|\n|upkeep\n|turn|15\n|\n|t:|1781637768\n|move|p2a: Chansey|Soft-Boiled|p2a: Chansey\n|-hint|In Gen 1, recovery moves fail if (user's maximum HP - user's current HP + 1) is divisible by 256, unless the current hp is also divisible by 256.\n|-fail|p2a: Chansey\n|cant|p1a: Snorlax|slp\n|\n|upkeep\n|turn|16\n|\n|t:|1781637779\n|switch|p2a: Exeggutor|Exeggutor|82/100\n|-curestatus|p1a: Snorlax|slp|[msg]\n|\n|upkeep\n|turn|17\n|\n|t:|1781637782\n|move|p2a: Exeggutor|Sleep Powder|p1a: Snorlax\n|-status|p1a: Snorlax|slp|[from] move: Sleep Powder\n|-curestatus|p1a: Snorlax|slp|[msg]\n|\n|upkeep\n|turn|18\n|\n|t:|1781637788\n|switch|p1a: Chansey|Chansey|100/100\n|move|p2a: Exeggutor|Sleep Powder|p1a: Chansey\n|-status|p1a: Chansey|slp|[from] move: Sleep Powder\n|\n|upkeep\n|turn|19\n|\n|t:|1781637790\n|switch|p1a: Snorlax|Snorlax|100/100\n|move|p2a: Exeggutor|Psychic|p1a: Snorlax\n|-damage|p1a: Snorlax|67/100\n|\n|upkeep\n|turn|20\n|\n|t:|1781637795\n|move|p2a: Exeggutor|Psychic|p1a: Snorlax\n|-damage|p1a: Snorlax|35/100\n|move|p1a: Snorlax|Body Slam|p2a: Exeggutor\n|-damage|p2a: Exeggutor|52/100\n|\n|upkeep\n|turn|21\n|\n|t:|1781637800\n|switch|p2a: Rhydon|Rhydon|100/100\n|move|p1a: Snorlax|Hyper Beam|p2a: Rhydon\n|-resisted|p2a: Rhydon\n|-damage|p2a: Rhydon|82/100\n|-mustrecharge|p1a: Snorlax\n|\n|upkeep\n|turn|22\n|\n|t:|1781637812\n|move|p2a: Rhydon|Substitute|p2a: Rhydon\n|-start|p2a: Rhydon|Substitute\n|-damage|p2a: Rhydon|57/100\n|cant|p1a: Snorlax|recharge\n|\n|upkeep\n|turn|23\n|\n|t:|1781637814\n|move|p2a: Rhydon|Earthquake|p1a: Snorlax\n|-damage|p1a: Snorlax|0 fnt\n|faint|p1a: Snorlax\n|\n|t:|1781637816\n|switch|p1a: Tauros|Tauros|100/100\n|turn|24\n|\n|t:|1781637817\n|move|p1a: Tauros|Earthquake|p2a: Rhydon\n|-crit|p2a: Rhydon\n|-supereffective|p2a: Rhydon\n|-end|p2a: Rhydon|Substitute\n|move|p2a: Rhydon|Earthquake|p1a: Tauros\n|-damage|p1a: Tauros|62/100\n|\n|upkeep\n|turn|25\n|\n|t:|1781637820\n|move|p1a: Tauros|Earthquake|p2a: Rhydon\n|-crit|p2a: Rhydon\n|-supereffective|p2a: Rhydon\n|-damage|p2a: Rhydon|0 fnt\n|faint|p2a: Rhydon\n|\n|t:|1781637835\n|switch|p2a: Tauros|Tauros|100/100\n|turn|26\n|\n|t:|1781637840\n|switch|p1a: Chansey|Chansey|100/100 slp\n|move|p2a: Tauros|Body Slam|p1a: Chansey\n|-crit|p1a: Chansey\n|-damage|p1a: Chansey|25/100 slp\n|\n|upkeep\n|turn|27\n|\n|t:|1781637842\n|move|p2a: Tauros|Body Slam|p1a: Chansey\n|-crit|p1a: Chansey\n|-damage|p1a: Chansey|0 fnt\n|faint|p1a: Chansey\n|\n|t:|1781637843\n|switch|p1a: Tauros|Tauros|62/100\n|turn|28\n|c|+beto cachinhos|la cabra LB\n|\n|t:|1781637846\n|move|p1a: Tauros|Body Slam|p2a: Tauros\n|-damage|p2a: Tauros|69/100\n|move|p2a: Tauros|Body Slam|p1a: Tauros\n|-damage|p1a: Tauros|31/100\n|\n|upkeep\n|turn|29\n|\n|t:|1781637859\n|move|p2a: Tauros|Hyper Beam|p1a: Tauros\n|-crit|p1a: Tauros\n|-damage|p1a: Tauros|0 fnt\n|faint|p1a: Tauros\n|\n|win|stunner047\n|c|☆longestbanana|ggs\n|c|☆stunner047|ggs\n","uploadtime":1781637859,"views":"70","formatid":"gen1ou","rating":null,"private":2,"password":null}