{"id":"smogtours-gen1ou-824302","format":"[Gen 1] OU","players":["chuva de perereca","nicole7735"],"log":"|inactive|Battle timer is ON: inactive players will automatically lose when time's up.\n|t:|1741557895\n|gametype|singles\n|player|p1|chuva de perereca|lyra|\n|player|p2|nicole7735|lady-gen4|\n|teamsize|p1|6\n|teamsize|p2|6\n|gen|1\n|tier|[Gen 1] OU\n|rule|Desync Clause Mod: Desyncs changed to move failure.\n|rule|Sleep Clause Mod: Limit one foe put to sleep\n|rule|Freeze Clause Mod: Limit one foe frozen\n|rule|Species Clause: Limit one of each Pokémon\n|rule|OHKO Clause: OHKO moves are banned\n|rule|Evasion Moves Clause: Evasion moves are banned\n|rule|Endless Battle Clause: Forcing endless battles is banned\n|rule|HP Percentage Mod: HP is shown in percentages\n|\n|t:|1741557895\n|start\n|switch|p1a: Alakazam|Alakazam|100/100\n|switch|p2a: Alakazam|Alakazam|100/100\n|turn|1\n|c|☆chuva de perereca|hf\n|rated|Smogon Premier League\n|c|☆nicole7735|hf\n|inactive|nicole7735 has 270 seconds left.\n|\n|t:|1741557934\n|move|p1a: Alakazam|Thunder Wave|p2a: Alakazam\n|-status|p2a: Alakazam|par\n|move|p2a: Alakazam|Seismic Toss|p1a: Alakazam\n|-damage|p1a: Alakazam|69/100\n|\n|upkeep\n|turn|2\n|\n|t:|1741557942\n|move|p1a: Alakazam|Psychic|p2a: Alakazam\n|-resisted|p2a: Alakazam\n|-damage|p2a: Alakazam|84/100 par\n|move|p2a: Alakazam|Seismic Toss|p1a: Alakazam\n|-damage|p1a: Alakazam|37/100\n|\n|upkeep\n|turn|3\n|\n|t:|1741557944\n|switch|p2a: Snorlax|Snorlax|100/100\n|move|p1a: Alakazam|Recover|p1a: Alakazam\n|-heal|p1a: Alakazam|86/100\n|\n|upkeep\n|turn|4\n|\n|t:|1741557952\n|switch|p1a: Snorlax|Snorlax|100/100\n|move|p2a: Snorlax|Body Slam|p1a: Snorlax\n|-damage|p1a: Snorlax|75/100\n|\n|upkeep\n|turn|5\n|\n|t:|1741557956\n|move|p1a: Snorlax|Body Slam|p2a: Snorlax\n|-damage|p2a: Snorlax|76/100\n|move|p2a: Snorlax|Reflect|p2a: Snorlax\n|-start|p2a: Snorlax|Reflect\n|\n|upkeep\n|turn|6\n|\n|t:|1741557964\n|move|p2a: Snorlax|Body Slam|p1a: Snorlax\n|-damage|p1a: Snorlax|47/100\n|move|p1a: Snorlax|Amnesia|p1a: Snorlax\n|-boost|p1a: Snorlax|spa|2\n|-boost|p1a: Snorlax|spd|2\n|\n|upkeep\n|turn|7\n|\n|t:|1741557980\n|move|p2a: Snorlax|Body Slam|p1a: Snorlax\n|-damage|p1a: Snorlax|21/100\n|move|p1a: Snorlax|Blizzard|p2a: Snorlax\n|-damage|p2a: Snorlax|40/100\n|\n|upkeep\n|turn|8\n|\n|t:|1741557988\n|move|p1a: Snorlax|Self-Destruct|p2a: Snorlax\n|-crit|p2a: Snorlax\n|-damage|p2a: Snorlax|0 fnt\n|faint|p2a: Snorlax\n|faint|p1a: Snorlax\n|inactive|nicole7735 has 270 seconds left.\n|inactive|nicole7735 has 240 seconds left.\n|inactive|nicole7735 has 210 seconds left.\n|inactive|nicole7735 has 180 seconds left.\n|\n|t:|1741558118\n|switch|p2a: Exeggutor|Exeggutor|100/100\n|switch|p1a: Alakazam|Alakazam|86/100\n|turn|9\n|\n|t:|1741558122\n|move|p1a: Alakazam|Thunder Wave|p2a: Exeggutor\n|-status|p2a: Exeggutor|par\n|move|p2a: Exeggutor|Sleep Powder|p1a: Alakazam|[miss]\n|-miss|p2a: Exeggutor\n|\n|upkeep\n|turn|10\n|\n|t:|1741558126\n|move|p1a: Alakazam|Kinesis|p2a: Exeggutor\n|-unboost|p2a: Exeggutor|accuracy|1\n|cant|p2a: Exeggutor|par\n|\n|upkeep\n|turn|11\n|\n|t:|1741558137\n|switch|p2a: Alakazam|Alakazam|84/100 par\n|move|p1a: Alakazam|Kinesis|p2a: Alakazam\n|-unboost|p2a: Alakazam|accuracy|1\n|\n|upkeep\n|turn|12\n|\n|t:|1741558143\n|move|p1a: Alakazam|Psychic|p2a: Alakazam\n|-resisted|p2a: Alakazam\n|-damage|p2a: Alakazam|66/100 par\n|cant|p2a: Alakazam|par\n|\n|upkeep\n|turn|13\n|\n|t:|1741558147\n|move|p1a: Alakazam|Psychic|p2a: Alakazam\n|-crit|p2a: Alakazam\n|-resisted|p2a: Alakazam\n|-damage|p2a: Alakazam|33/100 par\n|-unboost|p2a: Alakazam|spa|1\n|-unboost|p2a: Alakazam|spd|1\n|move|p2a: Alakazam|Recover|p2a: Alakazam\n|-heal|p2a: Alakazam|83/100 par\n|\n|upkeep\n|turn|14\n|\n|t:|1741558155\n|move|p1a: Alakazam|Psychic|p2a: Alakazam\n|-resisted|p2a: Alakazam\n|-damage|p2a: Alakazam|57/100 par\n|move|p2a: Alakazam|Recover|p2a: Alakazam\n|-heal|p2a: Alakazam|100/100 par\n|\n|upkeep\n|turn|15\n|inactive|nicole7735 has 210 seconds left.\n|\n|t:|1741558197\n|switch|p2a: Exeggutor|Exeggutor|100/100 par\n|move|p1a: Alakazam|Psychic|p2a: Exeggutor\n|-resisted|p2a: Exeggutor\n|-damage|p2a: Exeggutor|87/100 par\n|-unboost|p2a: Exeggutor|spa|1\n|-unboost|p2a: Exeggutor|spd|1\n|\n|upkeep\n|turn|16\n|\n|t:|1741558205\n|switch|p2a: Alakazam|Alakazam|100/100 par\n|move|p1a: Alakazam|Kinesis|p2a: Alakazam\n|-unboost|p2a: Alakazam|accuracy|1\n|\n|upkeep\n|turn|17\n|\n|t:|1741558211\n|move|p1a: Alakazam|Kinesis|p2a: Alakazam|[miss]\n|-miss|p1a: Alakazam\n|move|p2a: Alakazam|Seismic Toss|p1a: Alakazam|[miss]\n|-miss|p2a: Alakazam\n|\n|upkeep\n|turn|18\n|\n|t:|1741558213\n|move|p1a: Alakazam|Kinesis|p2a: Alakazam\n|-unboost|p2a: Alakazam|accuracy|1\n|move|p2a: Alakazam|Seismic Toss|p1a: Alakazam|[miss]\n|-miss|p2a: Alakazam\n|\n|upkeep\n|turn|19\n|\n|t:|1741558220\n|move|p1a: Alakazam|Psychic|p2a: Alakazam\n|-resisted|p2a: Alakazam\n|-damage|p2a: Alakazam|84/100 par\n|move|p2a: Alakazam|Seismic Toss|p1a: Alakazam|[miss]\n|-miss|p2a: Alakazam\n|\n|upkeep\n|turn|20\n|\n|t:|1741558225\n|move|p1a: Alakazam|Kinesis|p2a: Alakazam\n|-unboost|p2a: Alakazam|accuracy|1\n|cant|p2a: Alakazam|par\n|\n|upkeep\n|turn|21\n|\n|t:|1741558228\n|switch|p1a: Tauros|Tauros|100/100\n|move|p2a: Alakazam|Recover|p2a: Alakazam\n|-heal|p2a: Alakazam|100/100 par\n|\n|upkeep\n|turn|22\n|inactive|nicole7735 has 240 seconds left.\n|\n|t:|1741558240\n|switch|p2a: Starmie|Starmie|100/100\n|move|p1a: Tauros|Body Slam|p2a: Starmie\n|-damage|p2a: Starmie|64/100\n|-status|p2a: Starmie|par\n|\n|upkeep\n|turn|23\n|inactive|nicole7735 has 240 seconds left.\n|\n|t:|1741558253\n|move|p1a: Tauros|Thunderbolt|p2a: Starmie\n|-supereffective|p2a: Starmie\n|-damage|p2a: Starmie|27/100 par\n|move|p2a: Starmie|Thunder Wave|p1a: Tauros\n|-status|p1a: Tauros|par\n|\n|upkeep\n|turn|24\n|\n|t:|1741558257\n|move|p2a: Starmie|Recover|p2a: Starmie\n|-heal|p2a: Starmie|77/100 par\n|move|p1a: Tauros|Thunderbolt|p2a: Starmie\n|-supereffective|p2a: Starmie\n|-damage|p2a: Starmie|43/100 par\n|\n|upkeep\n|turn|25\n|\n|t:|1741558262\n|move|p2a: Starmie|Recover|p2a: Starmie\n|-heal|p2a: Starmie|93/100 par\n|move|p1a: Tauros|Thunderbolt|p2a: Starmie\n|-crit|p2a: Starmie\n|-supereffective|p2a: Starmie\n|-damage|p2a: Starmie|17/100 par\n|\n|upkeep\n|turn|26\n|\n|t:|1741558272\n|cant|p2a: Starmie|par\n|move|p1a: Tauros|Thunderbolt|p2a: Starmie\n|-supereffective|p2a: Starmie\n|-damage|p2a: Starmie|0 fnt\n|faint|p2a: Starmie\n|\n|t:|1741558295\n|switch|p2a: Tauros|Tauros|100/100\n|turn|27\n|\n|t:|1741558299\n|move|p2a: Tauros|Body Slam|p1a: Tauros\n|-crit|p1a: Tauros\n|-damage|p1a: Tauros|41/100 par\n|move|p1a: Tauros|Body Slam|p2a: Tauros\n|-damage|p2a: Tauros|73/100\n|\n|upkeep\n|turn|28\n|\n|t:|1741558312\n|move|p2a: Tauros|Hyper Beam|p1a: Tauros\n|-damage|p1a: Tauros|0 fnt\n|faint|p1a: Tauros\n|\n|t:|1741558318\n|switch|p1a: Zapdos|Zapdos|100/100\n|turn|29\n|inactive|nicole7735 has 270 seconds left.\n|\n|t:|1741558340\n|move|p2a: Tauros|Body Slam|p1a: Zapdos\n|-damage|p1a: Zapdos|72/100\n|-status|p1a: Zapdos|par\n|move|p1a: Zapdos|Drill Peck|p2a: Tauros\n|-damage|p2a: Tauros|48/100\n|\n|upkeep\n|turn|30\n|\n|t:|1741558351\n|move|p2a: Tauros|Body Slam|p1a: Zapdos\n|-damage|p1a: Zapdos|44/100 par\n|move|p1a: Zapdos|Thunder Wave|p2a: Tauros\n|-status|p2a: Tauros|par\n|\n|upkeep\n|turn|31\n|\n|t:|1741558356\n|switch|p1a: Exeggutor|Exeggutor|100/100\n|cant|p2a: Tauros|par\n|\n|upkeep\n|turn|32\n|inactive|nicole7735 has 270 seconds left.\n|inactive|nicole7735 has 240 seconds left.\n|inactive|nicole7735 has 210 seconds left.\n|inactive|nicole7735 has 180 seconds left.\n|\n|t:|1741558466\n|switch|p2a: Alakazam|Alakazam|100/100 par\n|move|p1a: Exeggutor|Psychic|p2a: Alakazam\n|-resisted|p2a: Alakazam\n|-damage|p2a: Alakazam|85/100 par\n|\n|upkeep\n|turn|33\n|\n|t:|1741558472\n|switch|p1a: Alakazam|Alakazam|86/100\n|move|p2a: Alakazam|Recover|p2a: Alakazam\n|-heal|p2a: Alakazam|100/100 par\n|\n|upkeep\n|turn|34\n|\n|t:|1741558478\n|move|p1a: Alakazam|Kinesis|p2a: Alakazam|[miss]\n|-miss|p1a: Alakazam\n|move|p2a: Alakazam|Seismic Toss|p1a: Alakazam\n|-damage|p1a: Alakazam|54/100\n|\n|upkeep\n|turn|35\n|\n|t:|1741558481\n|switch|p2a: Exeggutor|Exeggutor|87/100 par\n|move|p1a: Alakazam|Kinesis|p2a: Exeggutor\n|-unboost|p2a: Exeggutor|accuracy|1\n|\n|upkeep\n|turn|36\n|\n|t:|1741558486\n|switch|p1a: Zapdos|Zapdos|44/100 par\n|switch|p2a: Alakazam|Alakazam|100/100 par\n|\n|upkeep\n|turn|37\n|inactive|nicole7735 has 210 seconds left.\n|\n|t:|1741558498\n|switch|p1a: Alakazam|Alakazam|54/100\n|move|p2a: Alakazam|Seismic Toss|p1a: Alakazam\n|-damage|p1a: Alakazam|23/100\n|\n|upkeep\n|turn|38\n|\n|t:|1741558502\n|switch|p2a: Exeggutor|Exeggutor|87/100 par\n|move|p1a: Alakazam|Recover|p1a: Alakazam\n|-heal|p1a: Alakazam|72/100\n|\n|upkeep\n|turn|39\n|\n|t:|1741558509\n|move|p1a: Alakazam|Kinesis|p2a: Exeggutor\n|-unboost|p2a: Exeggutor|accuracy|1\n|move|p2a: Exeggutor|Sleep Powder|p1a: Alakazam|[miss]\n|-miss|p2a: Exeggutor\n|\n|upkeep\n|turn|40\n|\n|t:|1741558516\n|switch|p2a: Alakazam|Alakazam|100/100 par\n|move|p1a: Alakazam|Psychic|p2a: Alakazam\n|-crit|p2a: Alakazam\n|-resisted|p2a: Alakazam\n|-damage|p2a: Alakazam|67/100 par\n|-unboost|p2a: Alakazam|spa|1\n|-unboost|p2a: Alakazam|spd|1\n|\n|upkeep\n|turn|41\n|\n|t:|1741558536\n|switch|p1a: Zapdos|Zapdos|44/100 par\n|switch|p2a: Chansey|Chansey|100/100\n|\n|upkeep\n|turn|42\n|\n|t:|1741558540\n|switch|p2a: Alakazam|Alakazam|67/100 par\n|move|p1a: Zapdos|Thunder Wave|p2a: Alakazam\n|-fail|p2a: Alakazam|par\n|\n|upkeep\n|turn|43\n|\n|t:|1741558545\n|switch|p1a: Alakazam|Alakazam|72/100\n|move|p2a: Alakazam|Psychic|p1a: Alakazam\n|-resisted|p1a: Alakazam\n|-damage|p1a: Alakazam|57/100\n|\n|upkeep\n|turn|44\n|\n|t:|1741558552\n|move|p1a: Alakazam|Kinesis|p2a: Alakazam\n|-unboost|p2a: Alakazam|accuracy|1\n|move|p2a: Alakazam|Recover|p2a: Alakazam\n|-heal|p2a: Alakazam|100/100 par\n|\n|upkeep\n|turn|45\n|\n|t:|1741558558\n|move|p1a: Alakazam|Recover|p1a: Alakazam\n|-heal|p1a: Alakazam|100/100\n|move|p2a: Alakazam|Seismic Toss|p1a: Alakazam\n|-damage|p1a: Alakazam|69/100\n|\n|upkeep\n|turn|46\n|\n|t:|1741558561\n|switch|p2a: Exeggutor|Exeggutor|87/100 par\n|move|p1a: Alakazam|Kinesis|p2a: Exeggutor\n|-unboost|p2a: Exeggutor|accuracy|1\n|\n|upkeep\n|turn|47\n|\n|t:|1741558566\n|switch|p1a: Zapdos|Zapdos|44/100 par\n|switch|p2a: Alakazam|Alakazam|100/100 par\n|\n|upkeep\n|turn|48\n|\n|t:|1741558569\n|switch|p1a: Alakazam|Alakazam|69/100\n|move|p2a: Alakazam|Seismic Toss|p1a: Alakazam\n|-damage|p1a: Alakazam|37/100\n|\n|upkeep\n|turn|49\n|\n|t:|1741558572\n|switch|p2a: Exeggutor|Exeggutor|87/100 par\n|move|p1a: Alakazam|Kinesis|p2a: Exeggutor\n|-unboost|p2a: Exeggutor|accuracy|1\n|\n|upkeep\n|turn|50\n|\n|t:|1741558576\n|switch|p1a: Zapdos|Zapdos|44/100 par\n|move|p2a: Exeggutor|Sleep Powder|p1a: Zapdos|[miss]\n|-miss|p2a: Exeggutor\n|\n|upkeep\n|turn|51\n|\n|t:|1741558606\n|switch|p2a: Chansey|Chansey|100/100\n|cant|p1a: Zapdos|par\n|\n|upkeep\n|turn|52\n|\n|t:|1741558610\n|move|p2a: Chansey|Ice Beam|p1a: Zapdos\n|-supereffective|p1a: Zapdos\n|-damage|p1a: Zapdos|9/100 par\n|move|p1a: Zapdos|Thunder Wave|p2a: Chansey\n|-status|p2a: Chansey|par\n|\n|upkeep\n|turn|53\n|\n|t:|1741558614\n|switch|p1a: Alakazam|Alakazam|37/100\n|cant|p2a: Chansey|par\n|\n|upkeep\n|turn|54\n|inactive|nicole7735 has 270 seconds left.\n|\n|t:|1741558653\n|switch|p2a: Alakazam|Alakazam|100/100 par\n|move|p1a: Alakazam|Psychic|p2a: Alakazam\n|-resisted|p2a: Alakazam\n|-damage|p2a: Alakazam|84/100 par\n|-unboost|p2a: Alakazam|spa|1\n|-unboost|p2a: Alakazam|spd|1\n|\n|upkeep\n|turn|55\n|inactive|nicole7735 has 270 seconds left.\n|\n|t:|1741558663\n|move|p1a: Alakazam|Recover|p1a: Alakazam\n|-heal|p1a: Alakazam|86/100\n|cant|p2a: Alakazam|par\n|\n|upkeep\n|turn|56\n|\n|t:|1741558666\n|move|p1a: Alakazam|Kinesis|p2a: Alakazam\n|-unboost|p2a: Alakazam|accuracy|1\n|move|p2a: Alakazam|Recover|p2a: Alakazam\n|-heal|p2a: Alakazam|100/100 par\n|\n|upkeep\n|turn|57\n|\n|t:|1741558673\n|move|p1a: Alakazam|Kinesis|p2a: Alakazam\n|-unboost|p2a: Alakazam|accuracy|1\n|move|p2a: Alakazam|Seismic Toss|p1a: Alakazam\n|-damage|p1a: Alakazam|54/100\n|\n|upkeep\n|turn|58\n|\n|t:|1741558677\n|switch|p2a: Exeggutor|Exeggutor|87/100 par\n|move|p1a: Alakazam|Recover|p1a: Alakazam\n|-heal|p1a: Alakazam|100/100\n|\n|upkeep\n|turn|59\n|\n|t:|1741558683\n|move|p1a: Alakazam|Kinesis|p2a: Exeggutor\n|-unboost|p2a: Exeggutor|accuracy|1\n|move|p2a: Exeggutor|Psychic|p1a: Alakazam\n|-resisted|p1a: Alakazam\n|-damage|p1a: Alakazam|85/100\n|\n|upkeep\n|turn|60\n|\n|t:|1741558689\n|switch|p2a: Alakazam|Alakazam|100/100 par\n|move|p1a: Alakazam|Psychic|p2a: Alakazam\n|-resisted|p2a: Alakazam\n|-damage|p2a: Alakazam|84/100 par\n|\n|upkeep\n|turn|61\n|\n|t:|1741558693\n|move|p1a: Alakazam|Kinesis|p2a: Alakazam\n|-unboost|p2a: Alakazam|accuracy|1\n|cant|p2a: Alakazam|par\n|\n|upkeep\n|turn|62\n|\n|t:|1741558696\n|switch|p1a: Zapdos|Zapdos|9/100 par\n|move|p2a: Alakazam|Recover|p2a: Alakazam\n|-heal|p2a: Alakazam|100/100 par\n|\n|upkeep\n|turn|63\n|\n|t:|1741558710\n|move|p1a: Zapdos|Drill Peck|p2a: Alakazam\n|-crit|p2a: Alakazam\n|-damage|p2a: Alakazam|20/100 par\n|move|p2a: Alakazam|Psychic|p1a: Zapdos\n|-damage|p1a: Zapdos|0 fnt\n|faint|p1a: Zapdos\n|\n|t:|1741558714\n|switch|p1a: Exeggutor|Exeggutor|100/100\n|turn|64\n|inactive|nicole7735 has 270 seconds left.\n|\n|t:|1741558760\n|switch|p2a: Exeggutor|Exeggutor|87/100 par\n|move|p1a: Exeggutor|Hyper Beam|p2a: Exeggutor\n|-crit|p2a: Exeggutor\n|-damage|p2a: Exeggutor|26/100 par\n|-mustrecharge|p1a: Exeggutor\n|\n|upkeep\n|turn|65\n|\n|t:|1741558764\n|cant|p1a: Exeggutor|recharge\n|move|p2a: Exeggutor|Sleep Powder|p1a: Exeggutor\n|-status|p1a: Exeggutor|slp|[from] move: Sleep Powder\n|\n|upkeep\n|turn|66\n|inactive|nicole7735 has 270 seconds left.\n|inactive|nicole7735 has 240 seconds left.\n|inactive|nicole7735 has 210 seconds left.\n|\n|t:|1741558862\n|switch|p2a: Tauros|Tauros|48/100 par\n|cant|p1a: Exeggutor|slp\n|\n|upkeep\n|turn|67\n|\n|t:|1741558866\n|cant|p1a: Exeggutor|slp\n|move|p2a: Tauros|Body Slam|p1a: Exeggutor\n|-damage|p1a: Exeggutor|71/100 slp\n|\n|upkeep\n|turn|68\n|\n|t:|1741558869\n|cant|p1a: Exeggutor|slp\n|move|p2a: Tauros|Body Slam|p1a: Exeggutor\n|-damage|p1a: Exeggutor|43/100 slp\n|\n|upkeep\n|turn|69\n|\n|t:|1741558875\n|-curestatus|p1a: Exeggutor|slp|[msg]\n|move|p2a: Tauros|Body Slam|p1a: Exeggutor\n|-damage|p1a: Exeggutor|13/100\n|\n|upkeep\n|turn|70\n|inactive|nicole7735 has 210 seconds left.\n|inactive|chuva de perereca has 270 seconds left.\n|inactive|nicole7735 has 180 seconds left.\n|\n|t:|1741558927\n|switch|p1a: Alakazam|Alakazam|85/100\n|move|p2a: Tauros|Body Slam|p1a: Alakazam\n|-damage|p1a: Alakazam|38/100\n|\n|upkeep\n|turn|71\n|inactive|nicole7735 has 180 seconds left.\n|\n|t:|1741558947\n|switch|p2a: Chansey|Chansey|100/100 par\n|move|p1a: Alakazam|Psychic|p2a: Chansey\n|-damage|p2a: Chansey|82/100 par\n|\n|upkeep\n|turn|72\n|inactive|nicole7735 has 180 seconds left.\n|inactive|chuva de perereca has 270 seconds left.\n|\n|t:|1741558967\n|move|p1a: Alakazam|Kinesis|p2a: Chansey|[miss]\n|-miss|p1a: Alakazam\n|move|p2a: Chansey|Soft-Boiled|p2a: Chansey\n|-heal|p2a: Chansey|100/100 par\n|\n|upkeep\n|turn|73\n|inactive|nicole7735 has 150 seconds left.\n|\n|t:|1741558996\n|move|p1a: Alakazam|Psychic|p2a: Chansey\n|-damage|p2a: Chansey|83/100 par\n|cant|p2a: Chansey|par\n|\n|upkeep\n|turn|74\n|\n|t:|1741559000\n|move|p1a: Alakazam|Kinesis|p2a: Chansey\n|-unboost|p2a: Chansey|accuracy|1\n|move|p2a: Chansey|Soft-Boiled|p2a: Chansey\n|-heal|p2a: Chansey|100/100 par\n|\n|upkeep\n|turn|75\n|\n|t:|1741559004\n|move|p1a: Alakazam|Kinesis|p2a: Chansey|[miss]\n|-miss|p1a: Alakazam\n|move|p2a: Chansey|Thunder Wave|p1a: Alakazam\n|-status|p1a: Alakazam|par\n|\n|upkeep\n|turn|76\n|\n|t:|1741559013\n|cant|p1a: Alakazam|par\n|cant|p2a: Chansey|par\n|\n|upkeep\n|turn|77\n|\n|t:|1741559016\n|move|p1a: Alakazam|Kinesis|p2a: Chansey\n|-unboost|p2a: Chansey|accuracy|1\n|move|p2a: Chansey|Ice Beam|p1a: Alakazam|[miss]\n|-miss|p2a: Chansey\n|\n|upkeep\n|turn|78\n|\n|t:|1741559026\n|move|p1a: Alakazam|Psychic|p2a: Chansey\n|-damage|p2a: Chansey|84/100 par\n|move|p2a: Chansey|Ice Beam|p1a: Alakazam|[miss]\n|-miss|p2a: Chansey\n|\n|upkeep\n|turn|79\n|\n|t:|1741559035\n|move|p1a: Alakazam|Recover|p1a: Alakazam\n|-heal|p1a: Alakazam|88/100 par\n|cant|p2a: Chansey|par\n|\n|upkeep\n|turn|80\n|\n|t:|1741559039\n|move|p1a: Alakazam|Kinesis|p2a: Chansey\n|-unboost|p2a: Chansey|accuracy|1\n|move|p2a: Chansey|Soft-Boiled|p2a: Chansey\n|-heal|p2a: Chansey|100/100 par\n|\n|upkeep\n|turn|81\n|\n|t:|1741559060\n|switch|p2a: Exeggutor|Exeggutor|26/100 par\n|move|p1a: Alakazam|Psychic|p2a: Exeggutor\n|-resisted|p2a: Exeggutor\n|-damage|p2a: Exeggutor|12/100 par\n|-unboost|p2a: Exeggutor|spa|1\n|-unboost|p2a: Exeggutor|spd|1\n|\n|upkeep\n|turn|82\n|inactive|nicole7735 has 180 seconds left.\n|\n|t:|1741559088\n|move|p1a: Alakazam|Psychic|p2a: Exeggutor\n|-resisted|p2a: Exeggutor\n|-damage|p2a: Exeggutor|0 fnt\n|faint|p2a: Exeggutor\n|\n|t:|1741559090\n|switch|p2a: Alakazam|Alakazam|20/100 par\n|turn|83\n|\n|t:|1741559103\n|switch|p1a: Exeggutor|Exeggutor|13/100\n|move|p2a: Alakazam|Recover|p2a: Alakazam\n|-heal|p2a: Alakazam|70/100 par\n|\n|upkeep\n|turn|84\n|\n|t:|1741559110\n|move|p1a: Exeggutor|Explosion|p2a: Alakazam\n|-damage|p2a: Alakazam|0 fnt\n|faint|p2a: Alakazam\n|faint|p1a: Exeggutor\n|inactive|nicole7735 has 180 seconds left.\n|\n|t:|1741559155\n|switch|p1a: Alakazam|Alakazam|88/100 par\n|switch|p2a: Chansey|Chansey|100/100 par\n|turn|85\n|inactive|nicole7735 has 150 seconds left.\n|inactive|nicole7735 has 120 seconds left.\n|\n|t:|1741559227\n|move|p1a: Alakazam|Thunder Wave|p2a: Chansey\n|-fail|p2a: Chansey|par\n|move|p2a: Chansey|Ice Beam|p1a: Alakazam\n|-damage|p1a: Alakazam|67/100 par\n|\n|upkeep\n|turn|86\n|\n|t:|1741559241\n|move|p1a: Alakazam|Thunder Wave|p2a: Chansey\n|-fail|p2a: Chansey|par\n|move|p2a: Chansey|Thunder Wave|p1a: Alakazam\n|-fail|p1a: Alakazam|par\n|\n|upkeep\n|turn|87\n|\n|t:|1741559245\n|cant|p1a: Alakazam|par\n|move|p2a: Chansey|Thunder Wave|p1a: Alakazam\n|-fail|p1a: Alakazam|par\n|\n|upkeep\n|turn|88\n|\n|t:|1741559248\n|move|p1a: Alakazam|Thunder Wave|p2a: Chansey\n|-fail|p2a: Chansey|par\n|move|p2a: Chansey|Thunder Wave|p1a: Alakazam\n|-fail|p1a: Alakazam|par\n|\n|upkeep\n|turn|89\n|\n|t:|1741559252\n|move|p1a: Alakazam|Thunder Wave|p2a: Chansey\n|-fail|p2a: Chansey|par\n|move|p2a: Chansey|Thunder Wave|p1a: Alakazam\n|-fail|p1a: Alakazam|par\n|\n|upkeep\n|turn|90\n|\n|t:|1741559256\n|move|p1a: Alakazam|Thunder Wave|p2a: Chansey\n|-fail|p2a: Chansey|par\n|move|p2a: Chansey|Thunder Wave|p1a: Alakazam\n|-fail|p1a: Alakazam|par\n|\n|upkeep\n|turn|91\n|\n|t:|1741559259\n|cant|p1a: Alakazam|par\n|move|p2a: Chansey|Thunder Wave|p1a: Alakazam\n|-fail|p1a: Alakazam|par\n|\n|upkeep\n|turn|92\n|\n|t:|1741559263\n|move|p1a: Alakazam|Thunder Wave|p2a: Chansey\n|-fail|p2a: Chansey|par\n|move|p2a: Chansey|Thunder Wave|p1a: Alakazam\n|-fail|p1a: Alakazam|par\n|\n|upkeep\n|turn|93\n|\n|t:|1741559265\n|move|p1a: Alakazam|Thunder Wave|p2a: Chansey\n|-fail|p2a: Chansey|par\n|move|p2a: Chansey|Ice Beam|p1a: Alakazam\n|-damage|p1a: Alakazam|46/100 par\n|\n|upkeep\n|turn|94\n|\n|t:|1741559269\n|move|p1a: Alakazam|Recover|p1a: Alakazam\n|-heal|p1a: Alakazam|95/100 par\n|move|p2a: Chansey|Thunder Wave|p1a: Alakazam\n|-fail|p1a: Alakazam|par\n|\n|upkeep\n|turn|95\n|\n|t:|1741559273\n|move|p1a: Alakazam|Thunder Wave|p2a: Chansey\n|-fail|p2a: Chansey|par\n|move|p2a: Chansey|Thunder Wave|p1a: Alakazam\n|-fail|p1a: Alakazam|par\n|\n|upkeep\n|turn|96\n|\n|t:|1741559275\n|move|p1a: Alakazam|Thunder Wave|p2a: Chansey\n|-fail|p2a: Chansey|par\n|cant|p2a: Chansey|par\n|\n|upkeep\n|turn|97\n|inactive|nicole7735 has 210 seconds left.\n|\n|t:|1741559281\n|move|p1a: Alakazam|Thunder Wave|p2a: Chansey\n|-fail|p2a: Chansey|par\n|move|p2a: Chansey|Thunder Wave|p1a: Alakazam\n|-fail|p1a: Alakazam|par\n|\n|upkeep\n|turn|98\n|\n|t:|1741559284\n|move|p1a: Alakazam|Thunder Wave|p2a: Chansey\n|-fail|p2a: Chansey|par\n|move|p2a: Chansey|Ice Beam|p1a: Alakazam\n|-damage|p1a: Alakazam|74/100 par\n|\n|upkeep\n|turn|99\n|\n|t:|1741559287\n|switch|p2a: Tauros|Tauros|48/100 par\n|move|p1a: Alakazam|Thunder Wave|p2a: Tauros\n|-fail|p2a: Tauros|par\n|\n|upkeep\n|turn|100\n|\n|t:|1741559291\n|switch|p2a: Chansey|Chansey|100/100 par\n|move|p1a: Alakazam|Thunder Wave|p2a: Chansey\n|-fail|p2a: Chansey|par\n|\n|upkeep\n|turn|101\n|\n|t:|1741559295\n|move|p1a: Alakazam|Thunder Wave|p2a: Chansey\n|-fail|p2a: Chansey|par\n|cant|p2a: Chansey|par\n|\n|upkeep\n|turn|102\n|\n|t:|1741559300\n|cant|p1a: Alakazam|par\n|cant|p2a: Chansey|par\n|\n|upkeep\n|turn|103\n|\n|t:|1741559303\n|move|p1a: Alakazam|Thunder Wave|p2a: Chansey\n|-fail|p2a: Chansey|par\n|move|p2a: Chansey|Thunder Wave|p1a: Alakazam\n|-fail|p1a: Alakazam|par\n|\n|upkeep\n|turn|104\n|\n|t:|1741559307\n|move|p1a: Alakazam|Thunder Wave|p2a: Chansey\n|-fail|p2a: Chansey|par\n|move|p2a: Chansey|Thunder Wave|p1a: Alakazam\n|-fail|p1a: Alakazam|par\n|\n|upkeep\n|turn|105\n|\n|t:|1741559315\n|move|p1a: Alakazam|Thunder Wave|p2a: Chansey\n|-fail|p2a: Chansey|par\n|cant|p2a: Chansey|par\n|\n|upkeep\n|turn|106\n|\n|t:|1741559318\n|move|p1a: Alakazam|Thunder Wave|p2a: Chansey\n|-fail|p2a: Chansey|par\n|move|p2a: Chansey|Thunder Wave|p1a: Alakazam\n|-fail|p1a: Alakazam|par\n|\n|upkeep\n|turn|107\n|\n|t:|1741559322\n|move|p1a: Alakazam|Thunder Wave|p2a: Chansey\n|-fail|p2a: Chansey|par\n|cant|p2a: Chansey|par\n|\n|upkeep\n|turn|108\n|\n|t:|1741559325\n|move|p1a: Alakazam|Thunder Wave|p2a: Chansey\n|-fail|p2a: Chansey|par\n|cant|p2a: Chansey|par\n|\n|upkeep\n|turn|109\n|\n|t:|1741559328\n|cant|p1a: Alakazam|par\n|move|p2a: Chansey|Thunder Wave|p1a: Alakazam\n|-fail|p1a: Alakazam|par\n|\n|upkeep\n|turn|110\n|\n|t:|1741559331\n|cant|p1a: Alakazam|par\n|move|p2a: Chansey|Thunder Wave|p1a: Alakazam\n|-fail|p1a: Alakazam|par\n|\n|upkeep\n|turn|111\n|\n|t:|1741559333\n|cant|p1a: Alakazam|par\n|move|p2a: Chansey|Thunder Wave|p1a: Alakazam\n|-fail|p1a: Alakazam|par\n|\n|upkeep\n|turn|112\n|\n|t:|1741559336\n|move|p1a: Alakazam|Thunder Wave|p2a: Chansey\n|-fail|p2a: Chansey|par\n|move|p2a: Chansey|Thunderbolt|p1a: Alakazam\n|-damage|p1a: Alakazam|54/100 par\n|\n|upkeep\n|turn|113\n|\n|t:|1741559340\n|cant|p1a: Alakazam|par\n|move|p2a: Chansey|Thunder Wave|p1a: Alakazam\n|-fail|p1a: Alakazam|par\n|\n|upkeep\n|turn|114\n|\n|t:|1741559343\n|cant|p1a: Alakazam|par\n|cant|p2a: Chansey|par\n|\n|upkeep\n|turn|115\n|\n|t:|1741559346\n|cant|p1a: Alakazam|par\n|cant|p2a: Chansey|par\n|\n|upkeep\n|turn|116\n|\n|t:|1741559349\n|move|p1a: Alakazam|Recover|p1a: Alakazam\n|-heal|p1a: Alakazam|100/100 par\n|move|p2a: Chansey|Thunder Wave|p1a: Alakazam\n|-fail|p1a: Alakazam|par\n|\n|upkeep\n|turn|117\n|\n|t:|1741559356\n|cant|p1a: Alakazam|par\n|move|p2a: Chansey|Thunderbolt|p1a: Alakazam\n|-damage|p1a: Alakazam|81/100 par\n|\n|upkeep\n|turn|118\n|\n|t:|1741559367\n|move|p1a: Alakazam|Thunder Wave|p2a: Chansey\n|-fail|p2a: Chansey|par\n|cant|p2a: Chansey|par\n|\n|upkeep\n|turn|119\n|\n|t:|1741559370\n|move|p1a: Alakazam|Thunder Wave|p2a: Chansey\n|-fail|p2a: Chansey|par\n|move|p2a: Chansey|Thunderbolt|p1a: Alakazam\n|-damage|p1a: Alakazam|61/100 par\n|\n|upkeep\n|turn|120\n|\n|t:|1741559373\n|cant|p1a: Alakazam|par\n|move|p2a: Chansey|Thunder Wave|p1a: Alakazam\n|-fail|p1a: Alakazam|par\n|\n|upkeep\n|turn|121\n|\n|t:|1741559376\n|move|p1a: Alakazam|Thunder Wave|p2a: Chansey\n|-fail|p2a: Chansey|par\n|cant|p2a: Chansey|par\n|\n|upkeep\n|turn|122\n|\n|t:|1741559379\n|switch|p2a: Tauros|Tauros|48/100 par\n|move|p1a: Alakazam|Thunder Wave|p2a: Tauros\n|-fail|p2a: Tauros|par\n|\n|upkeep\n|turn|123\n|\n|t:|1741559386\n|switch|p2a: Chansey|Chansey|100/100 par\n|move|p1a: Alakazam|Recover|p1a: Alakazam\n|-heal|p1a: Alakazam|100/100 par\n|\n|upkeep\n|turn|124\n|\n|t:|1741559398\n|move|p1a: Alakazam|Thunder Wave|p2a: Chansey\n|-fail|p2a: Chansey|par\n|move|p2a: Chansey|Thunderbolt|p1a: Alakazam\n|-damage|p1a: Alakazam|79/100 par\n|\n|upkeep\n|turn|125\n|\n|t:|1741559408\n|move|p1a: Alakazam|Thunder Wave|p2a: Chansey\n|-fail|p2a: Chansey|par\n|move|p2a: Chansey|Thunderbolt|p1a: Alakazam\n|-damage|p1a: Alakazam|59/100 par\n|\n|upkeep\n|turn|126\n|\n|t:|1741559411\n|move|p1a: Alakazam|Thunder Wave|p2a: Chansey\n|-fail|p2a: Chansey|par\n|move|p2a: Chansey|Thunder Wave|p1a: Alakazam\n|-fail|p1a: Alakazam|par\n|\n|upkeep\n|turn|127\n|\n|t:|1741559414\n|move|p1a: Alakazam|Thunder Wave|p2a: Chansey\n|-fail|p2a: Chansey|par\n|move|p2a: Chansey|Thunder Wave|p1a: Alakazam\n|-fail|p1a: Alakazam|par\n|\n|upkeep\n|turn|128\n|\n|t:|1741559416\n|move|p1a: Alakazam|Thunder Wave|p2a: Chansey\n|-fail|p2a: Chansey|par\n|cant|p2a: Chansey|par\n|\n|upkeep\n|turn|129\n|\n|t:|1741559422\n|move|p1a: Alakazam|Recover|p1a: Alakazam\n|-heal|p1a: Alakazam|100/100 par\n|move|p2a: Chansey|Thunderbolt|p1a: Alakazam\n|-damage|p1a: Alakazam|79/100 par\n|\n|upkeep\n|turn|130\n|\n|t:|1741559427\n|move|p1a: Alakazam|Recover|p1a: Alakazam\n|-heal|p1a: Alakazam|100/100 par\n|move|p2a: Chansey|Thunder Wave|p1a: Alakazam\n|-fail|p1a: Alakazam|par\n|\n|upkeep\n|turn|131\n|\n|t:|1741559438\n|move|p1a: Alakazam|Recover|p1a: Alakazam\n|-fail|p1a: Alakazam\n|move|p2a: Chansey|Thunder Wave|p1a: Alakazam\n|-fail|p1a: Alakazam|par\n|\n|upkeep\n|turn|132\n|\n|t:|1741559442\n|move|p1a: Alakazam|Recover|p1a: Alakazam\n|-fail|p1a: Alakazam\n|move|p2a: Chansey|Thunder Wave|p1a: Alakazam\n|-fail|p1a: Alakazam|par\n|\n|upkeep\n|turn|133\n|\n|t:|1741559447\n|move|p1a: Alakazam|Recover|p1a: Alakazam\n|-fail|p1a: Alakazam\n|move|p2a: Chansey|Thunder Wave|p1a: Alakazam\n|-fail|p1a: Alakazam|par\n|\n|upkeep\n|turn|134\n|\n|t:|1741559455\n|cant|p1a: Alakazam|par\n|move|p2a: Chansey|Thunder Wave|p1a: Alakazam\n|-fail|p1a: Alakazam|par\n|\n|upkeep\n|turn|135\n|\n|t:|1741559465\n|move|p1a: Alakazam|Recover|p1a: Alakazam\n|-fail|p1a: Alakazam\n|move|p2a: Chansey|Ice Beam|p1a: Alakazam\n|-damage|p1a: Alakazam|80/100 par\n|\n|upkeep\n|turn|136\n|\n|t:|1741559473\n|move|p1a: Alakazam|Recover|p1a: Alakazam\n|-heal|p1a: Alakazam|100/100 par\n|move|p2a: Chansey|Thunder Wave|p1a: Alakazam\n|-fail|p1a: Alakazam|par\n|\n|upkeep\n|turn|137\n|\n|t:|1741559480\n|cant|p1a: Alakazam|par\n|move|p2a: Chansey|Soft-Boiled|p2a: Chansey\n|-fail|p2a: Chansey\n|\n|upkeep\n|turn|138\n|\n|t:|1741559484\n|move|p1a: Alakazam|Recover|p1a: Alakazam\n|-fail|p1a: Alakazam\n|move|p2a: Chansey|Thunder Wave|p1a: Alakazam\n|-fail|p1a: Alakazam|par\n|\n|upkeep\n|turn|139\n|\n|t:|1741559488\n|move|p1a: Alakazam|Recover|p1a: Alakazam\n|-fail|p1a: Alakazam\n|cant|p2a: Chansey|par\n|\n|upkeep\n|turn|140\n|\n|t:|1741559492\n|cant|p1a: Alakazam|par\n|move|p2a: Chansey|Thunderbolt|p1a: Alakazam\n|-damage|p1a: Alakazam|81/100 par\n|\n|upkeep\n|turn|141\n|\n|t:|1741559497\n|switch|p2a: Tauros|Tauros|48/100 par\n|move|p1a: Alakazam|Recover|p1a: Alakazam\n|-heal|p1a: Alakazam|100/100 par\n|\n|upkeep\n|turn|142\n|\n|t:|1741559500\n|switch|p2a: Chansey|Chansey|100/100 par\n|cant|p1a: Alakazam|par\n|\n|upkeep\n|turn|143\n|\n|t:|1741559515\n|move|p1a: Alakazam|Recover|p1a: Alakazam\n|-fail|p1a: Alakazam\n|move|p2a: Chansey|Ice Beam|p1a: Alakazam\n|-damage|p1a: Alakazam|81/100 par\n|\n|upkeep\n|turn|144\n|\n|t:|1741559529\n|move|p1a: Alakazam|Recover|p1a: Alakazam\n|-heal|p1a: Alakazam|100/100 par\n|move|p2a: Chansey|Thunderbolt|p1a: Alakazam\n|-crit|p1a: Alakazam\n|-damage|p1a: Alakazam|60/100 par\n|\n|upkeep\n|turn|145\n|\n|t:|1741559535\n|move|p1a: Alakazam|Recover|p1a: Alakazam\n|-heal|p1a: Alakazam|100/100 par\n|cant|p2a: Chansey|par\n|\n|upkeep\n|turn|146\n|\n|t:|1741559539\n|move|p1a: Alakazam|Recover|p1a: Alakazam\n|-fail|p1a: Alakazam\n|move|p2a: Chansey|Soft-Boiled|p2a: Chansey\n|-fail|p2a: Chansey\n|\n|upkeep\n|turn|147\n|\n|t:|1741559559\n|move|p1a: Alakazam|Recover|p1a: Alakazam\n|-fail|p1a: Alakazam\n|move|p2a: Chansey|Thunderbolt|p1a: Alakazam\n|-damage|p1a: Alakazam|81/100 par\n|\n|upkeep\n|turn|148\n|\n|t:|1741559565\n|move|p1a: Alakazam|Recover|p1a: Alakazam\n|-heal|p1a: Alakazam|100/100 par\n|move|p2a: Chansey|Ice Beam|p1a: Alakazam\n|-damage|p1a: Alakazam|80/100 par\n|\n|upkeep\n|turn|149\n|\n|t:|1741559570\n|cant|p1a: Alakazam|par\n|move|p2a: Chansey|Soft-Boiled|p2a: Chansey\n|-fail|p2a: Chansey\n|\n|upkeep\n|turn|150\n|\n|t:|1741559575\n|move|p1a: Alakazam|Recover|p1a: Alakazam\n|-heal|p1a: Alakazam|100/100 par\n|move|p2a: Chansey|Thunder Wave|p1a: Alakazam\n|-fail|p1a: Alakazam|par\n|\n|upkeep\n|turn|151\n|\n|t:|1741559580\n|move|p1a: Alakazam|Recover|p1a: Alakazam\n|-fail|p1a: Alakazam\n|cant|p2a: Chansey|par\n|\n|upkeep\n|turn|152\n|\n|t:|1741559584\n|cant|p1a: Alakazam|par\n|move|p2a: Chansey|Ice Beam|p1a: Alakazam\n|-damage|p1a: Alakazam|79/100 par\n|\n|upkeep\n|turn|153\n|\n|t:|1741559588\n|move|p1a: Alakazam|Recover|p1a: Alakazam\n|-heal|p1a: Alakazam|100/100 par\n|move|p2a: Chansey|Soft-Boiled|p2a: Chansey\n|-fail|p2a: Chansey\n|\n|upkeep\n|turn|154\n|\n|t:|1741559595\n|move|p1a: Alakazam|Recover|p1a: Alakazam\n|-fail|p1a: Alakazam\n|move|p2a: Chansey|Ice Beam|p1a: Alakazam\n|-damage|p1a: Alakazam|81/100 par\n|\n|upkeep\n|turn|155\n|\n|t:|1741559600\n|move|p1a: Alakazam|Recover|p1a: Alakazam\n|-heal|p1a: Alakazam|100/100 par\n|move|p2a: Chansey|Thunderbolt|p1a: Alakazam\n|-damage|p1a: Alakazam|79/100 par\n|\n|upkeep\n|turn|156\n|\n|t:|1741559606\n|move|p1a: Alakazam|Kinesis|p2a: Chansey\n|-unboost|p2a: Chansey|accuracy|1\n|move|p2a: Chansey|Soft-Boiled|p2a: Chansey\n|-fail|p2a: Chansey\n|\n|upkeep\n|turn|157\n|\n|t:|1741559622\n|move|p1a: Alakazam|Psychic|p2a: Chansey\n|-damage|p2a: Chansey|82/100 par\n|-unboost|p2a: Chansey|spa|1\n|-unboost|p2a: Chansey|spd|1\n|cant|p2a: Chansey|par\n|\n|upkeep\n|turn|158\n|\n|t:|1741559626\n|move|p1a: Alakazam|Kinesis|p2a: Chansey\n|-unboost|p2a: Chansey|accuracy|1\n|move|p2a: Chansey|Soft-Boiled|p2a: Chansey\n|-heal|p2a: Chansey|100/100 par\n|\n|upkeep\n|turn|159\n|\n|t:|1741559634\n|move|p1a: Alakazam|Psychic|p2a: Chansey\n|-damage|p2a: Chansey|73/100 par\n|move|p2a: Chansey|Ice Beam|p1a: Alakazam\n|-damage|p1a: Alakazam|65/100 par\n|\n|upkeep\n|turn|160\n|\n|t:|1741559654\n|switch|p1a: Slowbro|Slowbro|100/100\n|switch|p2a: Tauros|Tauros|48/100 par\n|\n|upkeep\n|turn|161\n|\n|t:|1741559670\n|switch|p2a: Chansey|Chansey|73/100 par\n|move|p1a: Slowbro|Amnesia|p1a: Slowbro\n|-boost|p1a: Slowbro|spa|2\n|-boost|p1a: Slowbro|spd|2\n|\n|upkeep\n|turn|162\n|\n|t:|1741559674\n|move|p1a: Slowbro|Amnesia|p1a: Slowbro\n|-boost|p1a: Slowbro|spa|2\n|-boost|p1a: Slowbro|spd|2\n|move|p2a: Chansey|Thunder Wave|p1a: Slowbro\n|-status|p1a: Slowbro|par\n|\n|upkeep\n|turn|163\n|inactive|nicole7735 has 270 seconds left.\n|\n|t:|1741559733\n|move|p1a: Slowbro|Surf|p2a: Chansey\n|-damage|p2a: Chansey|33/100 par\n|cant|p2a: Chansey|par\n|\n|upkeep\n|turn|164\n|inactive|nicole7735 has 240 seconds left.\n|\n|t:|1741559758\n|cant|p1a: Slowbro|par\n|move|p2a: Chansey|Thunderbolt|p1a: Slowbro\n|-supereffective|p1a: Slowbro\n|-damage|p1a: Slowbro|86/100 par\n|\n|upkeep\n|turn|165\n|inactive|nicole7735 has 240 seconds left.\n|\n|t:|1741559766\n|move|p1a: Slowbro|Surf|p2a: Chansey\n|-damage|p2a: Chansey|0 fnt\n|faint|p2a: Chansey\n|inactive|nicole7735 has 240 seconds left.\n|\n|t:|1741559781\n|switch|p2a: Tauros|Tauros|48/100 par\n|turn|166\n|\n|t:|1741559785\n|move|p2a: Tauros|Hyper Beam|p1a: Slowbro\n|-damage|p1a: Slowbro|42/100 par\n|-mustrecharge|p2a: Tauros\n|cant|p1a: Slowbro|par\n|\n|upkeep\n|turn|167\n|\n|t:|1741559789\n|cant|p2a: Tauros|recharge\n|cant|p1a: Slowbro|par\n|\n|upkeep\n|turn|168\n|\n|t:|1741559806\n|switch|p1a: Alakazam|Alakazam|65/100 par\n|move|p2a: Tauros|Hyper Beam|p1a: Alakazam\n|-damage|p1a: Alakazam|0 fnt\n|faint|p1a: Alakazam\n|\n|t:|1741559809\n|switch|p1a: Slowbro|Slowbro|42/100 par\n|turn|169\n|\n|t:|1741559811\n|move|p2a: Tauros|Hyper Beam|p1a: Slowbro\n|-damage|p1a: Slowbro|3/100 par\n|-mustrecharge|p2a: Tauros\n|move|p1a: Slowbro|Amnesia|p1a: Slowbro\n|-boost|p1a: Slowbro|spa|2\n|-boost|p1a: Slowbro|spd|2\n|\n|upkeep\n|turn|170\n|\n|t:|1741559815\n|move|p1a: Slowbro|Surf|p2a: Tauros\n|-damage|p2a: Tauros|0 fnt\n|faint|p2a: Tauros\n|\n|win|chuva de perereca\n|c|☆nicole7735|gg\n|c|☆chuva de perereca|gg\n","uploadtime":1741559815,"views":"1785","formatid":"gen1ou","rating":null,"private":0,"password":null}