{"id":"smogtours-gen1ou-948346","format":"[Gen 1] OU","players":["RoboKyII","gsc maestro"],"log":"|inactive|Battle timer is ON: inactive players will automatically lose when time's up.\n|t:|1781957484\n|gametype|singles\n|player|p1|RoboKyII|rosa-pokestar3|\n|player|p2|gsc maestro|red|\n|gen|1\n|tier|[Gen 1] OU\n|rule|Desync Clause Mod: Desyncs changed to move failure.\n|rule|HP Percentage Mod: HP is shown in percentages\n|rule|Endless Battle Clause: Forcing endless battles is banned\n|rule|Sleep Clause Mod: Limit one foe put to sleep\n|rule|Freeze Clause Mod: Limit one foe frozen\n|rule|Species Clause: Limit one of each Pokémon\n|rule|OHKO Clause: OHKO moves are banned\n|rule|Evasion Moves Clause: Evasion moves are banned\n|\n|t:|1781957484\n|teamsize|p1|6\n|teamsize|p2|6\n|start\n|switch|p1a: Gengar|Gengar|100/100\n|switch|p2a: Jynx|Jynx|100/100\n|turn|1\n|c|☆RoboKyII|glhf\n|inactive|gsc maestro has 270 seconds left.\n|\n|t:|1781957531\n|move|p1a: Gengar|Hypnosis|p2a: Jynx|[miss]\n|-miss|p1a: Gengar\n|move|p2a: Jynx|Lovely Kiss|p1a: Gengar\n|-status|p1a: Gengar|slp|[from] move: Lovely Kiss\n|\n|upkeep\n|turn|2\n|\n|t:|1781957539\n|cant|p1a: Gengar|slp\n|move|p2a: Jynx|Blizzard|p1a: Gengar\n|-damage|p1a: Gengar|64/100 slp\n|\n|upkeep\n|turn|3\n|\n|t:|1781957546\n|switch|p1a: Cloyster|Cloyster|100/100\n|move|p2a: Jynx|Blizzard|p1a: Cloyster\n|-resisted|p1a: Cloyster\n|-damage|p1a: Cloyster|88/100\n|\n|upkeep\n|turn|4\n|\n|t:|1781957562\n|move|p2a: Jynx|Blizzard|p1a: Cloyster\n|-resisted|p1a: Cloyster\n|-damage|p1a: Cloyster|75/100\n|move|p1a: Cloyster|Explosion|p2a: Jynx\n|-damage|p2a: Jynx|0 fnt\n|faint|p2a: Jynx\n|faint|p1a: Cloyster\n|\n|t:|1781957580\n|switch|p2a: Cloyster|Cloyster|100/100\n|switch|p1a: Exeggutor|Exeggutor|100/100\n|turn|5\n|\n|t:|1781957592\n|switch|p1a: Alakazam|Alakazam|100/100\n|move|p2a: Cloyster|Blizzard|p1a: Alakazam\n|-damage|p1a: Alakazam|70/100\n|\n|upkeep\n|turn|6\n|inactive|gsc maestro has 270 seconds left.\n|inactive|RoboKyII has 270 seconds left.\n|inactive|gsc maestro has 240 seconds left.\n|\n|t:|1781957660\n|switch|p2a: Alakazam|Alakazam|100/100\n|move|p1a: Alakazam|Psychic|p2a: Alakazam\n|-resisted|p2a: Alakazam\n|-damage|p2a: Alakazam|83/100\n|\n|upkeep\n|turn|7\n|\n|t:|1781957666\n|switch|p1a: Exeggutor|Exeggutor|100/100\n|move|p2a: Alakazam|Thunder Wave|p1a: Exeggutor\n|-status|p1a: Exeggutor|par\n|\n|upkeep\n|turn|8\n|inactive|RoboKyII has 270 seconds left.\n|inactive|gsc maestro has 240 seconds left.\n|\n|t:|1781957676\n|move|p2a: Alakazam|Seismic Toss|p1a: Exeggutor\n|-damage|p1a: Exeggutor|75/100 par\n|move|p1a: Exeggutor|Sleep Powder|p2a: Alakazam\n|-status|p2a: Alakazam|slp|[from] move: Sleep Powder\n|\n|upkeep\n|turn|9\n|\n|t:|1781957686\n|cant|p2a: Alakazam|slp\n|move|p1a: Exeggutor|Stun Spore|p2a: Alakazam\n|-fail|p2a: Alakazam\n|\n|upkeep\n|turn|10\n|\n|t:|1781957692\n|switch|p2a: Chansey|Chansey|100/100\n|move|p1a: Exeggutor|Stun Spore|p2a: Chansey|[miss]\n|-miss|p1a: Exeggutor\n|\n|upkeep\n|turn|11\n|\n|t:|1781957702\n|switch|p1a: Alakazam|Alakazam|70/100\n|move|p2a: Chansey|Ice Beam|p1a: Alakazam\n|-damage|p1a: Alakazam|51/100\n|\n|upkeep\n|turn|12\n|\n|t:|1781957710\n|move|p1a: Alakazam|Thunder Wave|p2a: Chansey\n|-status|p2a: Chansey|par\n|move|p2a: Chansey|Ice Beam|p1a: Alakazam\n|-damage|p1a: Alakazam|30/100\n|\n|upkeep\n|turn|13\n|\n|t:|1781957717\n|move|p1a: Alakazam|Recover|p1a: Alakazam\n|-heal|p1a: Alakazam|80/100\n|move|p2a: Chansey|Thunder Wave|p1a: Alakazam\n|-status|p1a: Alakazam|par\n|\n|upkeep\n|turn|14\n|inactive|gsc maestro has 270 seconds left.\n|\n|t:|1781957732\n|move|p1a: Alakazam|Reflect|p1a: Alakazam\n|-start|p1a: Alakazam|Reflect\n|cant|p2a: Chansey|par\n|\n|upkeep\n|turn|15\n|\n|t:|1781957739\n|cant|p1a: Alakazam|par\n|cant|p2a: Chansey|par\n|\n|upkeep\n|turn|16\n|\n|t:|1781957745\n|cant|p1a: Alakazam|par\n|move|p2a: Chansey|Ice Beam|p1a: Alakazam\n|-damage|p1a: Alakazam|58/100 par\n|\n|upkeep\n|turn|17\n|\n|t:|1781957753\n|move|p1a: Alakazam|Thunder Wave|p2a: Chansey\n|-fail|p2a: Chansey|par\n|cant|p2a: Chansey|par\n|\n|upkeep\n|turn|18\n|\n|t:|1781957760\n|move|p1a: Alakazam|Recover|p1a: Alakazam\n|-heal|p1a: Alakazam|100/100 par\n|move|p2a: Chansey|Thunderbolt|p1a: Alakazam\n|-damage|p1a: Alakazam|81/100 par\n|\n|upkeep\n|turn|19\n|\n|t:|1781957766\n|move|p1a: Alakazam|Psychic|p2a: Chansey\n|-damage|p2a: Chansey|82/100 par\n|move|p2a: Chansey|Thunderbolt|p1a: Alakazam\n|-damage|p1a: Alakazam|60/100 par\n|\n|upkeep\n|turn|20\n|\n|t:|1781957772\n|cant|p1a: Alakazam|par\n|move|p2a: Chansey|Thunderbolt|p1a: Alakazam\n|-damage|p1a: Alakazam|41/100 par\n|\n|upkeep\n|turn|21\n|\n|t:|1781957782\n|cant|p1a: Alakazam|par\n|move|p2a: Chansey|Thunderbolt|p1a: Alakazam\n|-damage|p1a: Alakazam|20/100 par\n|\n|upkeep\n|turn|22\n|\n|t:|1781957799\n|switch|p2a: Cloyster|Cloyster|100/100\n|move|p1a: Alakazam|Recover|p1a: Alakazam\n|-heal|p1a: Alakazam|70/100 par\n|\n|upkeep\n|turn|23\n|\n|t:|1781957807\n|move|p2a: Cloyster|Clamp|p1a: Alakazam\n|-damage|p1a: Alakazam|60/100 par\n|cant|p1a: Alakazam|partiallytrapped\n|\n|upkeep\n|turn|24\n|\n|t:|1781957814\n|switch|p1a: Gengar|Gengar|64/100 slp\n|move|p2a: Cloyster|Clamp|p1a: Gengar\n|-damage|p1a: Gengar|53/100 slp\n|\n|upkeep\n|turn|25\n|\n|t:|1781957825\n|switch|p1a: Exeggutor|Exeggutor|75/100 par\n|switch|p2a: Tauros|Tauros|100/100\n|\n|upkeep\n|turn|26\n|\n|t:|1781957835\n|switch|p2a: Chansey|Chansey|82/100 par\n|move|p1a: Exeggutor|Psychic|p2a: Chansey\n|-crit|p2a: Chansey\n|-damage|p2a: Chansey|48/100 par\n|-unboost|p2a: Chansey|spa|1\n|-unboost|p2a: Chansey|spd|1\n|\n|upkeep\n|turn|27\n|\n|t:|1781957841\n|move|p1a: Exeggutor|Psychic|p2a: Chansey\n|-damage|p2a: Chansey|24/100 par\n|move|p2a: Chansey|Soft-Boiled|p2a: Chansey\n|-heal|p2a: Chansey|74/100 par\n|\n|upkeep\n|turn|28\n|\n|t:|1781957858\n|move|p1a: Exeggutor|Stun Spore|p2a: Chansey|[miss]\n|-miss|p1a: Exeggutor\n|move|p2a: Chansey|Soft-Boiled|p2a: Chansey\n|-heal|p2a: Chansey|100/100 par\n|\n|upkeep\n|turn|29\n|\n|t:|1781957864\n|switch|p2a: Alakazam|Alakazam|83/100 slp\n|move|p1a: Exeggutor|Psychic|p2a: Alakazam\n|-resisted|p2a: Alakazam\n|-damage|p2a: Alakazam|67/100 slp\n|\n|upkeep\n|turn|30\n|\n|t:|1781957871\n|switch|p2a: Chansey|Chansey|100/100 par\n|move|p1a: Exeggutor|Psychic|p2a: Chansey\n|-crit|p2a: Chansey\n|-damage|p2a: Chansey|67/100 par\n|-unboost|p2a: Chansey|spa|1\n|-unboost|p2a: Chansey|spd|1\n|\n|upkeep\n|turn|31\n|\n|t:|1781957878\n|switch|p1a: Snorlax|Snorlax|100/100\n|cant|p2a: Chansey|par\n|\n|upkeep\n|turn|32\n|\n|t:|1781957884\n|switch|p2a: Rhydon|Rhydon|100/100\n|move|p1a: Snorlax|Body Slam|p2a: Rhydon\n|-resisted|p2a: Rhydon\n|-damage|p2a: Rhydon|88/100\n|\n|upkeep\n|turn|33\n|\n|t:|1781957890\n|move|p2a: Rhydon|Earthquake|p1a: Snorlax\n|-damage|p1a: Snorlax|66/100\n|move|p1a: Snorlax|Earthquake|p2a: Rhydon\n|-supereffective|p2a: Rhydon\n|-damage|p2a: Rhydon|52/100\n|\n|upkeep\n|turn|34\n|inactive|RoboKyII has 270 seconds left.\n|\n|t:|1781957927\n|switch|p1a: Exeggutor|Exeggutor|75/100 par\n|move|p2a: Rhydon|Earthquake|p1a: Exeggutor\n|-crit|p1a: Exeggutor\n|-resisted|p1a: Exeggutor\n|-damage|p1a: Exeggutor|33/100 par\n|\n|upkeep\n|turn|35\n|inactive|RoboKyII has 270 seconds left.\n|inactive|gsc maestro has 270 seconds left.\n|\n|t:|1781957975\n|move|p2a: Rhydon|Rock Slide|p1a: Exeggutor|[miss]\n|-miss|p2a: Rhydon\n|cant|p1a: Exeggutor|par\n|\n|upkeep\n|turn|36\n|inactive|RoboKyII has 270 seconds left.\n|\n|t:|1781957982\n|move|p2a: Rhydon|Rock Slide|p1a: Exeggutor\n|-damage|p1a: Exeggutor|4/100 par\n|move|p1a: Exeggutor|Psychic|p2a: Rhydon\n|-damage|p2a: Rhydon|1/100\n|\n|upkeep\n|turn|37\n|inactive|RoboKyII has 270 seconds left.\n|\n|t:|1781957994\n|switch|p1a: Gengar|Gengar|53/100 slp\n|move|p2a: Rhydon|Earthquake|p1a: Gengar\n|-supereffective|p1a: Gengar\n|-damage|p1a: Gengar|0 fnt\n|faint|p1a: Gengar\n|inactive|RoboKyII has 270 seconds left.\n|\n|t:|1781957999\n|switch|p1a: Tauros|Tauros|100/100\n|turn|38\n|inactive|gsc maestro has 270 seconds left.\n|\n|t:|1781958006\n|switch|p2a: Alakazam|Alakazam|67/100 slp\n|move|p1a: Tauros|Body Slam|p2a: Alakazam\n|-crit|p2a: Alakazam\n|-damage|p2a: Alakazam|0 fnt\n|faint|p2a: Alakazam\n|\n|t:|1781958008\n|switch|p2a: Cloyster|Cloyster|100/100\n|turn|39\n|\n|t:|1781958015\n|move|p1a: Tauros|Body Slam|p2a: Cloyster\n|-crit|p2a: Cloyster\n|-damage|p2a: Cloyster|62/100\n|move|p2a: Cloyster|Blizzard|p1a: Tauros\n|-damage|p1a: Tauros|53/100\n|\n|upkeep\n|turn|40\n|\n|t:|1781958036\n|move|p1a: Tauros|Body Slam|p2a: Cloyster\n|-damage|p2a: Cloyster|38/100\n|-status|p2a: Cloyster|par\n|move|p2a: Cloyster|Blizzard|p1a: Tauros\n|-damage|p1a: Tauros|8/100\n|-status|p1a: Tauros|frz\n|\n|upkeep\n|turn|41\n|c|☆RoboKyII|coool\n|c|☆RoboKyII|fun game\n|inactive|gsc maestro has 270 seconds left.\n|\n|t:|1781958057\n|switch|p1a: Alakazam|Alakazam|60/100 par\n|move|p2a: Cloyster|Rest|p2a: Cloyster\n|-status|p2a: Cloyster|slp|[from] move: Rest\n|-heal|p2a: Cloyster|100/100 slp|[silent]\n|\n|upkeep\n|turn|42\n|inactive|gsc maestro has 270 seconds left.\n|\n|t:|1781958097\n|cant|p1a: Alakazam|par\n|cant|p2a: Cloyster|slp\n|\n|upkeep\n|turn|43\n|c|☆RoboKyII|it only gets better\n|\n|t:|1781958105\n|switch|p2a: Chansey|Chansey|67/100 par\n|move|p1a: Alakazam|Reflect|p1a: Alakazam\n|-start|p1a: Alakazam|Reflect\n|\n|upkeep\n|turn|44\n|\n|t:|1781958112\n|move|p1a: Alakazam|Recover|p1a: Alakazam\n|-heal|p1a: Alakazam|100/100 par\n|move|p2a: Chansey|Soft-Boiled|p2a: Chansey\n|-heal|p2a: Chansey|100/100 par\n|\n|upkeep\n|turn|45\n|inactive|gsc maestro has 270 seconds left.\n|\n|t:|1781958120\n|move|p1a: Alakazam|Psychic|p2a: Chansey\n|-crit|p2a: Chansey\n|-damage|p2a: Chansey|63/100 par\n|move|p2a: Chansey|Thunderbolt|p1a: Alakazam\n|-crit|p1a: Alakazam\n|-damage|p1a: Alakazam|61/100 par\n|\n|upkeep\n|turn|46\n|\n|t:|1781958131\n|move|p1a: Alakazam|Psychic|p2a: Chansey\n|-crit|p2a: Chansey\n|-damage|p2a: Chansey|27/100 par\n|move|p2a: Chansey|Soft-Boiled|p2a: Chansey\n|-heal|p2a: Chansey|77/100 par\n|\n|upkeep\n|turn|47\n|\n|t:|1781958145\n|move|p1a: Alakazam|Recover|p1a: Alakazam\n|-heal|p1a: Alakazam|100/100 par\n|move|p2a: Chansey|Thunderbolt|p1a: Alakazam\n|-damage|p1a: Alakazam|82/100 par\n|\n|upkeep\n|turn|48\n|\n|t:|1781958151\n|move|p1a: Alakazam|Psychic|p2a: Chansey\n|-crit|p2a: Chansey\n|-damage|p2a: Chansey|43/100 par\n|-unboost|p2a: Chansey|spa|1\n|-unboost|p2a: Chansey|spd|1\n|cant|p2a: Chansey|par\n|\n|upkeep\n|turn|49\n|\n|t:|1781958156\n|cant|p1a: Alakazam|par\n|move|p2a: Chansey|Soft-Boiled|p2a: Chansey\n|-heal|p2a: Chansey|93/100 par\n|\n|upkeep\n|turn|50\n|\n|t:|1781958161\n|move|p1a: Alakazam|Psychic|p2a: Chansey\n|-damage|p2a: Chansey|66/100 par\n|move|p2a: Chansey|Soft-Boiled|p2a: Chansey\n|-heal|p2a: Chansey|100/100 par\n|\n|upkeep\n|turn|51\n|inactive|gsc maestro has 270 seconds left.\n|inactive|gsc maestro has 240 seconds left.\n|\n|t:|1781958224\n|move|p1a: Alakazam|Psychic|p2a: Chansey\n|-damage|p2a: Chansey|71/100 par\n|move|p2a: Chansey|Thunderbolt|p1a: Alakazam\n|-damage|p1a: Alakazam|69/100 par\n|\n|upkeep\n|turn|52\n|\n|t:|1781958242\n|cant|p1a: Alakazam|par\n|move|p2a: Chansey|Soft-Boiled|p2a: Chansey\n|-heal|p2a: Chansey|100/100 par\n|\n|upkeep\n|turn|53\n|\n|t:|1781958250\n|move|p1a: Alakazam|Psychic|p2a: Chansey\n|-crit|p2a: Chansey\n|-damage|p2a: Chansey|67/100 par\n|-unboost|p2a: Chansey|spa|1\n|-unboost|p2a: Chansey|spd|1\n|move|p2a: Chansey|Thunderbolt|p1a: Alakazam\n|-damage|p1a: Alakazam|60/100 par\n|\n|upkeep\n|turn|54\n|\n|t:|1781958256\n|move|p1a: Alakazam|Recover|p1a: Alakazam\n|-heal|p1a: Alakazam|100/100 par\n|move|p2a: Chansey|Soft-Boiled|p2a: Chansey\n|-heal|p2a: Chansey|100/100 par\n|\n|upkeep\n|turn|55\n|\n|t:|1781958267\n|move|p1a: Alakazam|Thunder Wave|p2a: Chansey\n|-fail|p2a: Chansey|par\n|move|p2a: Chansey|Soft-Boiled|p2a: Chansey\n|-fail|p2a: Chansey\n|\n|upkeep\n|turn|56\n|\n|t:|1781958272\n|move|p1a: Alakazam|Psychic|p2a: Chansey\n|-crit|p2a: Chansey\n|-damage|p2a: Chansey|67/100 par\n|-unboost|p2a: Chansey|spa|1\n|-unboost|p2a: Chansey|spd|1\n|move|p2a: Chansey|Soft-Boiled|p2a: Chansey\n|-heal|p2a: Chansey|100/100 par\n|\n|upkeep\n|turn|57\n|inactive|gsc maestro has 270 seconds left.\n|inactive|gsc maestro has 240 seconds left.\n|inactive|gsc maestro has 210 seconds left.\n|\n|t:|1781958338\n|switch|p2a: Rhydon|Rhydon|1/100\n|move|p1a: Alakazam|Psychic|p2a: Rhydon\n|-damage|p2a: Rhydon|0 fnt\n|faint|p2a: Rhydon\n|inactive|gsc maestro has 210 seconds left.\n|\n|t:|1781958351\n|switch|p2a: Cloyster|Cloyster|100/100 slp\n|turn|58\n|\n|t:|1781958355\n|switch|p2a: Chansey|Chansey|100/100 par\n|move|p1a: Alakazam|Thunder Wave|p2a: Chansey\n|-fail|p2a: Chansey|par\n|\n|upkeep\n|turn|59\n|\n|t:|1781958361\n|cant|p1a: Alakazam|par\n|move|p2a: Chansey|Ice Beam|p1a: Alakazam\n|-damage|p1a: Alakazam|81/100 par\n|\n|upkeep\n|turn|60\n|\n|t:|1781958366\n|move|p1a: Alakazam|Psychic|p2a: Chansey\n|-damage|p2a: Chansey|81/100 par\n|move|p2a: Chansey|Thunderbolt|p1a: Alakazam\n|-damage|p1a: Alakazam|60/100 par\n|\n|upkeep\n|turn|61\n|\n|t:|1781958385\n|move|p1a: Alakazam|Recover|p1a: Alakazam\n|-heal|p1a: Alakazam|100/100 par\n|move|p2a: Chansey|Thunderbolt|p1a: Alakazam\n|-damage|p1a: Alakazam|80/100 par\n|\n|upkeep\n|turn|62\n|\n|t:|1781958390\n|move|p1a: Alakazam|Recover|p1a: Alakazam\n|-heal|p1a: Alakazam|100/100 par\n|move|p2a: Chansey|Ice Beam|p1a: Alakazam\n|-damage|p1a: Alakazam|81/100 par\n|\n|upkeep\n|turn|63\n|\n|t:|1781958394\n|switch|p2a: Cloyster|Cloyster|100/100 slp\n|move|p1a: Alakazam|Recover|p1a: Alakazam\n|-heal|p1a: Alakazam|100/100 par\n|\n|upkeep\n|turn|64\n|\n|t:|1781958408\n|-curestatus|p2a: Cloyster|slp|[msg]\n|move|p1a: Alakazam|Thunder Wave|p2a: Cloyster\n|-status|p2a: Cloyster|par\n|\n|upkeep\n|turn|65\n|\n|t:|1781958416\n|switch|p2a: Chansey|Chansey|81/100 par\n|move|p1a: Alakazam|Psychic|p2a: Chansey\n|-damage|p2a: Chansey|63/100 par\n|\n|upkeep\n|turn|66\n|\n|t:|1781958426\n|switch|p1a: Snorlax|Snorlax|66/100\n|move|p2a: Chansey|Soft-Boiled|p2a: Chansey\n|-heal|p2a: Chansey|100/100 par\n|\n|upkeep\n|turn|67\n|\n|t:|1781958438\n|switch|p1a: Alakazam|Alakazam|100/100 par\n|move|p2a: Chansey|Thunder Wave|p1a: Alakazam\n|-fail|p1a: Alakazam|par\n|\n|upkeep\n|turn|68\n|\n|t:|1781958443\n|move|p1a: Alakazam|Reflect|p1a: Alakazam\n|-start|p1a: Alakazam|Reflect\n|cant|p2a: Chansey|par\n|\n|upkeep\n|turn|69\n|\n|t:|1781958450\n|move|p1a: Alakazam|Reflect|p1a: Alakazam\n|-fail|p1a: Alakazam\n|move|p2a: Chansey|Ice Beam|p1a: Alakazam\n|-damage|p1a: Alakazam|79/100 par\n|\n|upkeep\n|turn|70\n|\n|t:|1781958453\n|cant|p1a: Alakazam|par\n|move|p2a: Chansey|Thunderbolt|p1a: Alakazam\n|-damage|p1a: Alakazam|60/100 par\n|\n|upkeep\n|turn|71\n|\n|t:|1781958457\n|move|p1a: Alakazam|Recover|p1a: Alakazam\n|-heal|p1a: Alakazam|100/100 par\n|cant|p2a: Chansey|par\n|\n|upkeep\n|turn|72\n|\n|t:|1781958460\n|move|p1a: Alakazam|Reflect|p1a: Alakazam\n|-fail|p1a: Alakazam\n|move|p2a: Chansey|Thunderbolt|p1a: Alakazam\n|-damage|p1a: Alakazam|79/100 par\n|\n|upkeep\n|turn|73\n|\n|t:|1781958463\n|switch|p2a: Cloyster|Cloyster|100/100 par\n|move|p1a: Alakazam|Reflect|p1a: Alakazam\n|-fail|p1a: Alakazam\n|\n|upkeep\n|turn|74\n|\n|t:|1781958476\n|switch|p2a: Chansey|Chansey|100/100 par\n|move|p1a: Alakazam|Psychic|p2a: Chansey\n|-damage|p2a: Chansey|83/100 par\n|\n|upkeep\n|turn|75\n|\n|t:|1781958483\n|move|p1a: Alakazam|Recover|p1a: Alakazam\n|-heal|p1a: Alakazam|100/100 par\n|move|p2a: Chansey|Thunderbolt|p1a: Alakazam\n|-damage|p1a: Alakazam|79/100 par\n|\n|upkeep\n|turn|76\n|\n|t:|1781958489\n|cant|p1a: Alakazam|par\n|move|p2a: Chansey|Thunder Wave|p1a: Alakazam\n|-fail|p1a: Alakazam|par\n|\n|upkeep\n|turn|77\n|\n|t:|1781958493\n|move|p1a: Alakazam|Recover|p1a: Alakazam\n|-heal|p1a: Alakazam|100/100 par\n|move|p2a: Chansey|Ice Beam|p1a: Alakazam\n|-damage|p1a: Alakazam|82/100 par\n|\n|upkeep\n|turn|78\n|\n|t:|1781958495\n|move|p1a: Alakazam|Recover|p1a: Alakazam\n|-heal|p1a: Alakazam|100/100 par\n|move|p2a: Chansey|Thunderbolt|p1a: Alakazam\n|-crit|p1a: Alakazam\n|-damage|p1a: Alakazam|60/100 par\n|\n|upkeep\n|turn|79\n|\n|t:|1781958499\n|switch|p2a: Cloyster|Cloyster|100/100 par\n|move|p1a: Alakazam|Recover|p1a: Alakazam\n|-heal|p1a: Alakazam|100/100 par\n|\n|upkeep\n|turn|80\n|inactive|gsc maestro has 270 seconds left.\n|\n|t:|1781958549\n|switch|p2a: Chansey|Chansey|83/100 par\n|move|p1a: Alakazam|Psychic|p2a: Chansey\n|-damage|p2a: Chansey|65/100 par\n|\n|upkeep\n|turn|81\n|\n|t:|1781958556\n|switch|p1a: Exeggutor|Exeggutor|4/100 par\n|move|p2a: Chansey|Thunder Wave|p1a: Exeggutor\n|-fail|p1a: Exeggutor|par\n|\n|upkeep\n|turn|82\n|\n|t:|1781958564\n|move|p1a: Exeggutor|Explosion|p2a: Chansey\n|-damage|p2a: Chansey|0 fnt\n|faint|p2a: Chansey\n|faint|p1a: Exeggutor\n|\n|t:|1781958578\n|switch|p1a: Alakazam|Alakazam|100/100 par\n|switch|p2a: Tauros|Tauros|100/100\n|turn|83\n|\n|t:|1781958597\n|move|p2a: Tauros|Body Slam|p1a: Alakazam\n|-damage|p1a: Alakazam|47/100 par\n|move|p1a: Alakazam|Thunder Wave|p2a: Tauros\n|-status|p2a: Tauros|par\n|\n|upkeep\n|turn|84\n|\n|t:|1781958609\n|move|p1a: Alakazam|Psychic|p2a: Tauros\n|-damage|p2a: Tauros|51/100 par\n|cant|p2a: Tauros|par\n|\n|upkeep\n|turn|85\n|\n|t:|1781958619\n|cant|p1a: Alakazam|par\n|move|p2a: Tauros|Rest|p2a: Tauros\n|-status|p2a: Tauros|slp|[from] move: Rest\n|-heal|p2a: Tauros|100/100 slp|[silent]\n|\n|upkeep\n|turn|86\n|\n|t:|1781958630\n|switch|p1a: Snorlax|Snorlax|66/100\n|cant|p2a: Tauros|slp\n|\n|upkeep\n|turn|87\n|\n|t:|1781958650\n|switch|p2a: Cloyster|Cloyster|100/100 par\n|move|p1a: Snorlax|Body Slam|p2a: Cloyster\n|-damage|p2a: Cloyster|77/100 par\n|\n|upkeep\n|turn|88\n|\n|t:|1781958654\n|switch|p1a: Tauros|Tauros|8/100 frz\n|move|p2a: Cloyster|Blizzard|p1a: Tauros\n|-damage|p1a: Tauros|0 fnt\n|faint|p1a: Tauros\n|\n|t:|1781958663\n|switch|p1a: Alakazam|Alakazam|47/100 par\n|turn|89\n|inactive|gsc maestro has 270 seconds left.\n|\n|t:|1781958670\n|switch|p2a: Tauros|Tauros|100/100 slp\n|move|p1a: Alakazam|Psychic|p2a: Tauros\n|-damage|p2a: Tauros|56/100 slp\n|\n|upkeep\n|turn|90\n|\n|t:|1781958678\n|-curestatus|p2a: Tauros|slp|[msg]\n|cant|p1a: Alakazam|par\n|\n|upkeep\n|turn|91\n|\n|t:|1781958682\n|move|p2a: Tauros|Body Slam|p1a: Alakazam|[miss]\n|-miss|p2a: Tauros\n|-hint|In Gen 1, moves with 100% accuracy can still miss 1/256 of the time.\n|move|p1a: Alakazam|Thunder Wave|p2a: Tauros\n|-status|p2a: Tauros|par\n|\n|upkeep\n|turn|92\n|\n|t:|1781958704\n|switch|p1a: Snorlax|Snorlax|66/100\n|switch|p2a: Cloyster|Cloyster|77/100 par\n|\n|upkeep\n|turn|93\n|\n|t:|1781958710\n|move|p1a: Snorlax|Body Slam|p2a: Cloyster\n|-damage|p2a: Cloyster|55/100 par\n|cant|p2a: Cloyster|par\n|\n|upkeep\n|turn|94\n|\n|t:|1781958714\n|move|p1a: Snorlax|Body Slam|p2a: Cloyster\n|-damage|p2a: Cloyster|32/100 par\n|move|p2a: Cloyster|Rest|p2a: Cloyster\n|-status|p2a: Cloyster|slp|[from] move: Rest\n|-heal|p2a: Cloyster|100/100 slp|[silent]\n|\n|upkeep\n|turn|95\n|\n|t:|1781958720\n|move|p1a: Snorlax|Body Slam|p2a: Cloyster\n|-damage|p2a: Cloyster|77/100 slp\n|cant|p2a: Cloyster|slp\n|\n|upkeep\n|turn|96\n|\n|t:|1781958722\n|move|p1a: Snorlax|Body Slam|p2a: Cloyster\n|-damage|p2a: Cloyster|56/100 slp\n|-curestatus|p2a: Cloyster|slp|[msg]\n|\n|upkeep\n|turn|97\n|\n|t:|1781958730\n|move|p1a: Snorlax|Body Slam|p2a: Cloyster\n|-damage|p2a: Cloyster|33/100\n|move|p2a: Cloyster|Blizzard|p1a: Snorlax\n|-crit|p1a: Snorlax\n|-damage|p1a: Snorlax|0 fnt\n|faint|p1a: Snorlax\n|c|☆RoboKyII|ojihsaedhjkasdhkjasxhjkkdhas\n|c|☆RoboKyII|yeah\n|inactive|RoboKyII has 270 seconds left.\n|-message|RoboKyII forfeited.\n|\n|win|gsc maestro\n|player|p2|\n|player|p1|\n","uploadtime":1781958778,"views":"57","formatid":"gen1ou","rating":null,"private":0,"password":null}