{"id":"smogtours-gen1ou-947860","format":"[Gen 1] OU","players":["Abucketofchubs","Charmflash"],"log":"|inactive|Battle timer is ON: inactive players will automatically lose when time's up.\n|t:|1781829062\n|gametype|singles\n|player|p1|Abucketofchubs|youngster-gen4dp|\n|player|p2|Charmflash|#splxviiraiders|\n|gen|1\n|tier|[Gen 1] OU\n|rule|Desync Clause Mod: Desyncs changed to move failure.\n|rule|HP Percentage Mod: HP is shown in percentages\n|rule|Endless Battle Clause: Forcing endless battles is banned\n|rule|Sleep Clause Mod: Limit one foe put to sleep\n|rule|Freeze Clause Mod: Limit one foe frozen\n|rule|Species Clause: Limit one of each Pokémon\n|rule|OHKO Clause: OHKO moves are banned\n|rule|Evasion Moves Clause: Evasion moves are banned\n|\n|t:|1781829062\n|teamsize|p1|6\n|teamsize|p2|6\n|start\n|switch|p1a: Alakazam|Alakazam|100/100\n|switch|p2a: Starmie|Starmie|100/100\n|turn|1\n|c|☆Charmflash|hf\n|\n|t:|1781829071\n|switch|p2a: Chansey|Chansey|100/100\n|move|p1a: Alakazam|Psychic|p2a: Chansey\n|-crit|p2a: Chansey\n|-damage|p2a: Chansey|66/100\n|\n|upkeep\n|turn|2\n|\n|t:|1781829075\n|switch|p1a: Exeggutor|Exeggutor|100/100\n|move|p2a: Chansey|Sing|p1a: Exeggutor\n|-status|p1a: Exeggutor|slp|[from] move: Sing\n|\n|upkeep\n|turn|3\n|\n|t:|1781829089\n|switch|p1a: Chansey|Chansey|100/100\n|switch|p2a: Tauros|Tauros|100/100\n|\n|upkeep\n|turn|4\n|\n|t:|1781829105\n|switch|p2a: Chansey|Chansey|66/100\n|move|p1a: Chansey|Sing|p2a: Chansey\n|-status|p2a: Chansey|slp|[from] move: Sing\n|\n|upkeep\n|turn|5\n|\n|t:|1781829126\n|switch|p1a: Tauros|Tauros|100/100\n|cant|p2a: Chansey|slp\n|\n|upkeep\n|turn|6\n|\n|t:|1781829129\n|switch|p2a: Cloyster|Cloyster|100/100\n|move|p1a: Tauros|Body Slam|p2a: Cloyster\n|-damage|p2a: Cloyster|80/100\n|-status|p2a: Cloyster|par\n|\n|upkeep\n|turn|7\n|\n|t:|1781829151\n|switch|p1a: Chansey|Chansey|100/100\n|move|p2a: Cloyster|Blizzard|p1a: Chansey\n|-damage|p1a: Chansey|82/100\n|-status|p1a: Chansey|frz\n|\n|upkeep\n|turn|8\n|inactive|Charmflash has 270 seconds left.\n|\n|t:|1781829193\n|switch|p1a: Starmie|Starmie|100/100\n|switch|p2a: Alakazam|Alakazam|100/100\n|\n|upkeep\n|turn|9\n|\n|t:|1781829197\n|move|p2a: Alakazam|Thunder Wave|p1a: Starmie\n|-status|p1a: Starmie|par\n|cant|p1a: Starmie|par\n|\n|upkeep\n|turn|10\n|\n|t:|1781829206\n|switch|p2a: Chansey|Chansey|66/100 slp\n|cant|p1a: Starmie|par\n|\n|upkeep\n|turn|11\n|\n|t:|1781829213\n|-curestatus|p2a: Chansey|slp|[msg]\n|move|p1a: Starmie|Thunder Wave|p2a: Chansey\n|-status|p2a: Chansey|par\n|\n|upkeep\n|turn|12\n|c|☆Abucketofchubs|Alright\n|c|☆Abucketofchubs|Im just going to rage quit now lol\n|inactive|Charmflash has 270 seconds left.\n|inactive|Abucketofchubs has 270 seconds left.\n|inactive|Abucketofchubs has 240 seconds left.\n|\n|t:|1781829302\n|switch|p1a: Snorlax|Snorlax|100/100\n|move|p2a: Chansey|Soft-Boiled|p2a: Chansey\n|-heal|p2a: Chansey|100/100 par\n|\n|upkeep\n|turn|13\n|\n|t:|1781829308\n|switch|p2a: Cloyster|Cloyster|80/100 par\n|move|p1a: Snorlax|Body Slam|p2a: Cloyster\n|-damage|p2a: Cloyster|56/100 par\n|\n|upkeep\n|turn|14\n|\n|t:|1781829327\n|move|p1a: Snorlax|Body Slam|p2a: Cloyster\n|-damage|p2a: Cloyster|35/100 par\n|move|p2a: Cloyster|Rest|p2a: Cloyster\n|-status|p2a: Cloyster|slp|[from] move: Rest\n|-heal|p2a: Cloyster|100/100 slp|[silent]\n|\n|upkeep\n|turn|15\n|\n|t:|1781829331\n|move|p1a: Snorlax|Body Slam|p2a: Cloyster\n|-damage|p2a: Cloyster|76/100 slp\n|cant|p2a: Cloyster|slp\n|\n|upkeep\n|turn|16\n|\n|t:|1781829333\n|move|p1a: Snorlax|Body Slam|p2a: Cloyster\n|-damage|p2a: Cloyster|54/100 slp\n|-curestatus|p2a: Cloyster|slp|[msg]\n|\n|upkeep\n|turn|17\n|\n|t:|1781829341\n|move|p1a: Snorlax|Body Slam|p2a: Cloyster\n|-damage|p2a: Cloyster|32/100\n|-status|p2a: Cloyster|par\n|move|p2a: Cloyster|Rest|p2a: Cloyster\n|-status|p2a: Cloyster|slp|[from] move: Rest\n|-heal|p2a: Cloyster|100/100 slp|[silent]\n|\n|upkeep\n|turn|18\n|\n|t:|1781829347\n|move|p1a: Snorlax|Body Slam|p2a: Cloyster\n|-damage|p2a: Cloyster|78/100 slp\n|cant|p2a: Cloyster|slp\n|\n|upkeep\n|turn|19\n|\n|t:|1781829349\n|move|p1a: Snorlax|Body Slam|p2a: Cloyster\n|-damage|p2a: Cloyster|55/100 slp\n|-curestatus|p2a: Cloyster|slp|[msg]\n|\n|upkeep\n|turn|20\n|\n|t:|1781829352\n|move|p1a: Snorlax|Body Slam|p2a: Cloyster\n|-damage|p2a: Cloyster|32/100\n|-status|p2a: Cloyster|par\n|cant|p2a: Cloyster|par\n|\n|upkeep\n|turn|21\n|\n|t:|1781829354\n|move|p1a: Snorlax|Body Slam|p2a: Cloyster\n|-damage|p2a: Cloyster|9/100 par\n|cant|p2a: Cloyster|par\n|\n|upkeep\n|turn|22\n|\n|t:|1781829377\n|switch|p2a: Rhydon|Rhydon|100/100\n|move|p1a: Snorlax|Body Slam|p2a: Rhydon\n|-resisted|p2a: Rhydon\n|-damage|p2a: Rhydon|90/100\n|\n|upkeep\n|turn|23\n|\n|t:|1781829382\n|switch|p2a: Starmie|Starmie|100/100\n|move|p1a: Snorlax|Reflect|p1a: Snorlax\n|-start|p1a: Snorlax|Reflect\n|\n|upkeep\n|turn|24\n|\n|t:|1781829388\n|move|p2a: Starmie|Thunder Wave|p1a: Snorlax\n|-status|p1a: Snorlax|par\n|move|p1a: Snorlax|Body Slam|p2a: Starmie\n|-damage|p2a: Starmie|66/100\n|\n|upkeep\n|turn|25\n|\n|t:|1781829395\n|move|p2a: Starmie|Recover|p2a: Starmie\n|-heal|p2a: Starmie|100/100\n|cant|p1a: Snorlax|par\n|\n|upkeep\n|turn|26\n|\n|t:|1781829402\n|move|p2a: Starmie|Surf|p1a: Snorlax\n|-damage|p1a: Snorlax|73/100 par\n|move|p1a: Snorlax|Body Slam|p2a: Starmie\n|-damage|p2a: Starmie|66/100\n|\n|upkeep\n|turn|27\n|\n|t:|1781829421\n|move|p2a: Starmie|Recover|p2a: Starmie\n|-heal|p2a: Starmie|100/100\n|cant|p1a: Snorlax|par\n|\n|upkeep\n|turn|28\n|\n|t:|1781829425\n|move|p2a: Starmie|Surf|p1a: Snorlax\n|-damage|p1a: Snorlax|46/100 par\n|cant|p1a: Snorlax|par\n|\n|upkeep\n|turn|29\n|\n|t:|1781829430\n|switch|p2a: Rhydon|Rhydon|90/100\n|move|p1a: Snorlax|Self-Destruct|p2a: Rhydon\n|-resisted|p2a: Rhydon\n|-damage|p2a: Rhydon|55/100\n|faint|p1a: Snorlax\n|\n|t:|1781829432\n|switch|p1a: Alakazam|Alakazam|100/100\n|turn|30\n|\n|t:|1781829438\n|switch|p2a: Alakazam|Alakazam|100/100\n|move|p1a: Alakazam|Psychic|p2a: Alakazam\n|-resisted|p2a: Alakazam\n|-damage|p2a: Alakazam|85/100\n|-unboost|p2a: Alakazam|spa|1\n|-unboost|p2a: Alakazam|spd|1\n|\n|upkeep\n|turn|31\n|\n|t:|1781829442\n|switch|p1a: Starmie|Starmie|100/100 par\n|switch|p2a: Chansey|Chansey|100/100 par\n|\n|upkeep\n|turn|32\n|\n|t:|1781829447\n|move|p1a: Starmie|Surf|p2a: Chansey\n|-damage|p2a: Chansey|85/100 par\n|move|p2a: Chansey|Seismic Toss|p1a: Starmie\n|-damage|p1a: Starmie|70/100 par\n|\n|upkeep\n|turn|33\n|\n|t:|1781829450\n|move|p1a: Starmie|Surf|p2a: Chansey\n|-damage|p2a: Chansey|70/100 par\n|move|p2a: Chansey|Seismic Toss|p1a: Starmie\n|-damage|p1a: Starmie|39/100 par\n|\n|upkeep\n|turn|34\n|\n|t:|1781829453\n|move|p1a: Starmie|Recover|p1a: Starmie\n|-heal|p1a: Starmie|88/100 par\n|move|p2a: Chansey|Seismic Toss|p1a: Starmie\n|-damage|p1a: Starmie|57/100 par\n|\n|upkeep\n|turn|35\n|\n|t:|1781829456\n|move|p1a: Starmie|Recover|p1a: Starmie\n|-heal|p1a: Starmie|100/100 par\n|move|p2a: Chansey|Seismic Toss|p1a: Starmie\n|-damage|p1a: Starmie|70/100 par\n|\n|upkeep\n|turn|36\n|\n|t:|1781829460\n|switch|p1a: Tauros|Tauros|100/100\n|move|p2a: Chansey|Soft-Boiled|p2a: Chansey\n|-heal|p2a: Chansey|100/100 par\n|\n|upkeep\n|turn|37\n|\n|t:|1781829466\n|move|p1a: Tauros|Body Slam|p2a: Chansey\n|-damage|p2a: Chansey|64/100 par\n|cant|p2a: Chansey|par\n|\n|upkeep\n|turn|38\n|\n|t:|1781829473\n|move|p1a: Tauros|Body Slam|p2a: Chansey\n|-damage|p2a: Chansey|25/100 par\n|move|p2a: Chansey|Thunder Wave|p1a: Tauros\n|-status|p1a: Tauros|par\n|\n|upkeep\n|turn|39\n|\n|t:|1781829494\n|cant|p1a: Tauros|par\n|move|p2a: Chansey|Thunder Wave|p1a: Tauros\n|-fail|p1a: Tauros|par\n|\n|upkeep\n|turn|40\n|c|☆Charmflash|that was a missclick\n|\n|t:|1781829506\n|switch|p2a: Rhydon|Rhydon|55/100\n|cant|p1a: Tauros|par\n|\n|upkeep\n|turn|41\n|\n|t:|1781829513\n|switch|p2a: Starmie|Starmie|100/100\n|switch|p1a: Exeggutor|Exeggutor|100/100 slp\n|\n|upkeep\n|turn|42\n|\n|t:|1781829522\n|move|p2a: Starmie|Blizzard|p1a: Exeggutor\n|-supereffective|p1a: Exeggutor\n|-damage|p1a: Exeggutor|58/100 slp\n|-curestatus|p1a: Exeggutor|slp|[msg]\n|\n|upkeep\n|turn|43\n|\n|t:|1781829535\n|move|p2a: Starmie|Blizzard|p1a: Exeggutor\n|-supereffective|p1a: Exeggutor\n|-damage|p1a: Exeggutor|17/100\n|move|p1a: Exeggutor|Sleep Powder|p2a: Starmie\n|-status|p2a: Starmie|slp|[from] move: Sleep Powder\n|\n|upkeep\n|turn|44\n|\n|t:|1781829542\n|cant|p2a: Starmie|slp\n|move|p1a: Exeggutor|Mega Drain|p2a: Starmie\n|-supereffective|p2a: Starmie\n|-damage|p2a: Starmie|68/100 slp\n|-heal|p1a: Exeggutor|31/100|[from] drain|[of] p2a: Starmie\n|\n|upkeep\n|turn|45\n|\n|t:|1781829556\n|switch|p2a: Tauros|Tauros|100/100\n|move|p1a: Exeggutor|Psychic|p2a: Tauros\n|-damage|p2a: Tauros|55/100\n|-unboost|p2a: Tauros|spa|1\n|-unboost|p2a: Tauros|spd|1\n|\n|upkeep\n|turn|46\n|\n|t:|1781829570\n|switch|p1a: Chansey|Chansey|82/100 frz\n|move|p2a: Tauros|Hyper Beam|p1a: Chansey\n|-damage|p1a: Chansey|18/100 frz\n|-mustrecharge|p2a: Tauros\n|\n|upkeep\n|turn|47\n|\n|t:|1781829574\n|switch|p1a: Alakazam|Alakazam|100/100\n|cant|p2a: Tauros|recharge\n|\n|upkeep\n|turn|48\n|\n|t:|1781829585\n|switch|p2a: Alakazam|Alakazam|85/100\n|move|p1a: Alakazam|Thunder Wave|p2a: Alakazam\n|-status|p2a: Alakazam|par\n|\n|upkeep\n|turn|49\n|inactive|Abucketofchubs has 270 seconds left.\n|inactive|Abucketofchubs has 240 seconds left.\n|\n|t:|1781829653\n|move|p1a: Alakazam|Seismic Toss|p2a: Alakazam\n|-damage|p2a: Alakazam|53/100 par\n|move|p2a: Alakazam|Psychic|p1a: Alakazam\n|-resisted|p1a: Alakazam\n|-damage|p1a: Alakazam|85/100\n|\n|upkeep\n|turn|50\n|inactive|Abucketofchubs has 240 seconds left.\n|\n|t:|1781829660\n|move|p1a: Alakazam|Seismic Toss|p2a: Alakazam\n|-damage|p2a: Alakazam|21/100 par\n|move|p2a: Alakazam|Recover|p2a: Alakazam\n|-heal|p2a: Alakazam|71/100 par\n|\n|upkeep\n|turn|51\n|inactive|Abucketofchubs has 240 seconds left.\n|inactive|Abucketofchubs disconnected and has 300 seconds to reconnect!\n|player|p1|\n|inactive|Abucketofchubs has 270 seconds to reconnect!\n|inactive|Abucketofchubs reconnected and has 240 seconds left.\n|player|p1|Abucketofchubs|youngster-gen4dp|\n|c|☆Abucketofchubs|my net \n|c|☆Abucketofchubs|fuckk\n|\n|t:|1781829723\n|move|p1a: Alakazam|Seismic Toss|p2a: Alakazam\n|-damage|p2a: Alakazam|39/100 par\n|cant|p2a: Alakazam|par\n|\n|upkeep\n|turn|52\n|inactive|Abucketofchubs has 240 seconds left.\n|\n|t:|1781829729\n|move|p1a: Alakazam|Seismic Toss|p2a: Alakazam\n|-damage|p2a: Alakazam|7/100 par\n|move|p2a: Alakazam|Recover|p2a: Alakazam\n|-heal|p2a: Alakazam|57/100 par\n|\n|upkeep\n|turn|53\n|\n|t:|1781829733\n|move|p1a: Alakazam|Seismic Toss|p2a: Alakazam\n|-damage|p2a: Alakazam|25/100 par\n|move|p2a: Alakazam|Recover|p2a: Alakazam\n|-heal|p2a: Alakazam|75/100 par\n|\n|upkeep\n|turn|54\n|\n|t:|1781829741\n|switch|p1a: Starmie|Starmie|70/100 par\n|move|p2a: Alakazam|Recover|p2a: Alakazam\n|-heal|p2a: Alakazam|100/100 par\n|\n|upkeep\n|turn|55\n|\n|t:|1781829746\n|move|p2a: Alakazam|Psychic|p1a: Starmie\n|-resisted|p1a: Starmie\n|-damage|p1a: Starmie|50/100 par\n|-unboost|p1a: Starmie|spa|1\n|-unboost|p1a: Starmie|spd|1\n|move|p1a: Starmie|Recover|p1a: Starmie\n|-heal|p1a: Starmie|99/100 par\n|\n|upkeep\n|turn|56\n|inactive|Abucketofchubs has 270 seconds left.\n|\n|t:|1781829756\n|switch|p1a: Exeggutor|Exeggutor|31/100\n|cant|p2a: Alakazam|par\n|\n|upkeep\n|turn|57\n|\n|t:|1781829765\n|switch|p2a: Cloyster|Cloyster|9/100 par\n|move|p1a: Exeggutor|Psychic|p2a: Cloyster\n|-crit|p2a: Cloyster\n|-damage|p2a: Cloyster|0 fnt\n|faint|p2a: Cloyster\n|\n|t:|1781829769\n|switch|p2a: Tauros|Tauros|55/100\n|turn|58\n|\n|t:|1781829780\n|switch|p2a: Chansey|Chansey|25/100 par\n|switch|p1a: Starmie|Starmie|99/100 par\n|\n|upkeep\n|turn|59\n|\n|t:|1781829786\n|move|p1a: Starmie|Surf|p2a: Chansey\n|-crit|p2a: Chansey\n|-damage|p2a: Chansey|0 fnt\n|faint|p2a: Chansey\n|\n|t:|1781829794\n|switch|p2a: Starmie|Starmie|68/100 slp\n|turn|60\n|\n|t:|1781829797\n|cant|p2a: Starmie|slp\n|cant|p1a: Starmie|par\n|\n|upkeep\n|turn|61\n|\n|t:|1781829801\n|switch|p2a: Alakazam|Alakazam|100/100 par\n|move|p1a: Starmie|Thunderbolt|p2a: Alakazam\n|-damage|p2a: Alakazam|81/100 par\n|\n|upkeep\n|turn|62\n|\n|t:|1781829812\n|cant|p2a: Alakazam|par\n|move|p1a: Starmie|Surf|p2a: Alakazam\n|-crit|p2a: Alakazam\n|-damage|p2a: Alakazam|28/100 par\n|\n|upkeep\n|turn|63\n|\n|t:|1781829815\n|move|p2a: Alakazam|Recover|p2a: Alakazam\n|-heal|p2a: Alakazam|78/100 par\n|move|p1a: Starmie|Surf|p2a: Alakazam\n|-damage|p2a: Alakazam|49/100 par\n|\n|upkeep\n|turn|64\n|\n|t:|1781829819\n|move|p2a: Alakazam|Recover|p2a: Alakazam\n|-heal|p2a: Alakazam|99/100 par\n|move|p1a: Starmie|Surf|p2a: Alakazam\n|-damage|p2a: Alakazam|72/100 par\n|\n|upkeep\n|turn|65\n|\n|t:|1781829823\n|move|p2a: Alakazam|Psychic|p1a: Starmie\n|-resisted|p1a: Starmie\n|-damage|p1a: Starmie|82/100 par\n|-unboost|p1a: Starmie|spa|1\n|-unboost|p1a: Starmie|spd|1\n|move|p1a: Starmie|Surf|p2a: Alakazam\n|-crit|p2a: Alakazam\n|-damage|p2a: Alakazam|17/100 par\n|\n|upkeep\n|turn|66\n|\n|t:|1781829834\n|switch|p1a: Exeggutor|Exeggutor|31/100\n|cant|p2a: Alakazam|par\n|\n|upkeep\n|turn|67\n|\n|t:|1781829846\n|move|p1a: Exeggutor|Psychic|p2a: Alakazam\n|-crit|p2a: Alakazam\n|-resisted|p2a: Alakazam\n|-damage|p2a: Alakazam|0 fnt\n|faint|p2a: Alakazam\n|\n|t:|1781829847\n|switch|p2a: Tauros|Tauros|55/100\n|turn|68\n|\n|t:|1781829856\n|switch|p1a: Chansey|Chansey|18/100 frz\n|move|p2a: Tauros|Hyper Beam|p1a: Chansey\n|-damage|p1a: Chansey|0 fnt\n|faint|p1a: Chansey\n|\n|t:|1781829863\n|switch|p1a: Alakazam|Alakazam|85/100\n|turn|69\n|\n|t:|1781829871\n|move|p1a: Alakazam|Thunder Wave|p2a: Tauros\n|-status|p2a: Tauros|par\n|move|p2a: Tauros|Hyper Beam|p1a: Alakazam\n|-crit|p1a: Alakazam\n|-damage|p1a: Alakazam|0 fnt\n|faint|p1a: Alakazam\n|\n|t:|1781829891\n|switch|p1a: Tauros|Tauros|100/100 par\n|turn|70\n|\n|t:|1781829902\n|switch|p2a: Starmie|Starmie|68/100 slp\n|move|p1a: Tauros|Body Slam|p2a: Starmie\n|-damage|p2a: Starmie|35/100 slp\n|\n|upkeep\n|turn|71\n|\n|t:|1781829906\n|cant|p2a: Starmie|slp\n|move|p1a: Tauros|Body Slam|p2a: Starmie\n|-damage|p2a: Starmie|0 fnt\n|faint|p2a: Starmie\n|\n|t:|1781829915\n|switch|p2a: Rhydon|Rhydon|55/100\n|turn|72\n|\n|t:|1781829920\n|move|p2a: Rhydon|Substitute|p2a: Rhydon\n|-start|p2a: Rhydon|Substitute\n|-damage|p2a: Rhydon|31/100\n|move|p1a: Tauros|Earthquake|p2a: Rhydon\n|-crit|p2a: Rhydon\n|-supereffective|p2a: Rhydon\n|-end|p2a: Rhydon|Substitute\n|\n|upkeep\n|turn|73\n|\n|t:|1781829925\n|move|p2a: Rhydon|Substitute|p2a: Rhydon\n|-start|p2a: Rhydon|Substitute\n|-damage|p2a: Rhydon|6/100\n|cant|p1a: Tauros|par\n|\n|upkeep\n|turn|74\n|\n|t:|1781829930\n|move|p2a: Rhydon|Earthquake|p1a: Tauros\n|-damage|p1a: Tauros|57/100 par\n|move|p1a: Tauros|Earthquake|p2a: Rhydon\n|-supereffective|p2a: Rhydon\n|-end|p2a: Rhydon|Substitute\n|\n|upkeep\n|turn|75\n|\n|t:|1781829935\n|move|p2a: Rhydon|Earthquake|p1a: Tauros\n|-damage|p1a: Tauros|18/100 par\n|move|p1a: Tauros|Earthquake|p2a: Rhydon\n|-crit|p2a: Rhydon\n|-supereffective|p2a: Rhydon\n|-damage|p2a: Rhydon|0 fnt\n|faint|p2a: Rhydon\n|\n|t:|1781829937\n|switch|p2a: Tauros|Tauros|55/100 par\n|turn|76\n|\n|t:|1781829944\n|move|p2a: Tauros|Rest|p2a: Tauros\n|-status|p2a: Tauros|slp|[from] move: Rest\n|-heal|p2a: Tauros|100/100 slp|[silent]\n|move|p1a: Tauros|Body Slam|p2a: Tauros\n|-damage|p2a: Tauros|70/100 slp\n|\n|upkeep\n|turn|77\n|\n|t:|1781829948\n|switch|p1a: Exeggutor|Exeggutor|31/100\n|cant|p2a: Tauros|slp\n|\n|upkeep\n|turn|78\n|\n|t:|1781829949\n|move|p1a: Exeggutor|Explosion|p2a: Tauros\n|-damage|p2a: Tauros|0 fnt\n|faint|p2a: Tauros\n|faint|p1a: Exeggutor\n|\n|win|Abucketofchubs\n|player|p2|\n|c|☆Abucketofchubs|gg\n|c|☆Abucketofchubs|sorry for my net\n","uploadtime":1781829949,"views":"57","formatid":"gen1ou","rating":null,"private":0,"password":null}