{"id":"smogtours-gen1ou-824855","format":"[Gen 1] OU","players":["nicole7735","WarumFelix"],"log":"|inactive|Battle timer is ON: inactive players will automatically lose when time's up.\n|t:|1742035889\n|gametype|singles\n|player|p1|nicole7735|#splxvisharks2|\n|player|p2|WarumFelix|lucas|\n|teamsize|p1|6\n|teamsize|p2|6\n|gen|1\n|tier|[Gen 1] OU\n|rule|Desync Clause Mod: Desyncs changed to move failure.\n|rule|Sleep Clause Mod: Limit one foe put to sleep\n|rule|Freeze Clause Mod: Limit one foe frozen\n|rule|Species Clause: Limit one of each Pokémon\n|rule|OHKO Clause: OHKO moves are banned\n|rule|Evasion Moves Clause: Evasion moves are banned\n|rule|Endless Battle Clause: Forcing endless battles is banned\n|rule|HP Percentage Mod: HP is shown in percentages\n|\n|t:|1742035889\n|start\n|switch|p1a: Starmie|Starmie|100/100\n|switch|p2a: Starmie|Starmie|100/100\n|turn|1\n|c|☆WarumFelix|glhf\n|c|☆nicole7735|hf\n|\n|t:|1742035901\n|switch|p1a: Chansey|Chansey|100/100\n|move|p2a: Starmie|Blizzard|p1a: Chansey\n|-damage|p1a: Chansey|88/100\n|\n|upkeep\n|turn|2\n|\n|t:|1742035906\n|move|p2a: Starmie|Blizzard|p1a: Chansey\n|-damage|p1a: Chansey|76/100\n|move|p1a: Chansey|Sing|p2a: Starmie|[miss]\n|-miss|p1a: Chansey\n|\n|upkeep\n|turn|3\n|\n|t:|1742035912\n|move|p2a: Starmie|Blizzard|p1a: Chansey\n|-damage|p1a: Chansey|63/100\n|move|p1a: Chansey|Sing|p2a: Starmie\n|-status|p2a: Starmie|slp|[from] move: Sing\n|\n|upkeep\n|turn|4\n|\n|t:|1742035928\n|switch|p2a: Chansey|Chansey|100/100\n|move|p1a: Chansey|Seismic Toss|p2a: Chansey\n|-damage|p2a: Chansey|86/100\n|\n|upkeep\n|turn|5\n|\n|t:|1742035930\n|move|p1a: Chansey|Thunder Wave|p2a: Chansey\n|-status|p2a: Chansey|par\n|move|p2a: Chansey|Sing|p1a: Chansey|[miss]\n|-miss|p2a: Chansey\n|\n|upkeep\n|turn|6\n|c|+ltx nemosse|no spl mode ?\n|\n|t:|1742035957\n|move|p1a: Chansey|Seismic Toss|p2a: Chansey\n|-damage|p2a: Chansey|72/100 par\n|move|p2a: Chansey|Sing|p1a: Chansey|[miss]\n|-miss|p2a: Chansey\n|\n|upkeep\n|turn|7\n|\n|t:|1742035959\n|move|p1a: Chansey|Seismic Toss|p2a: Chansey\n|-damage|p2a: Chansey|58/100 par\n|cant|p2a: Chansey|par\n|\n|upkeep\n|turn|8\n|\n|t:|1742035967\n|move|p1a: Chansey|Seismic Toss|p2a: Chansey\n|-damage|p2a: Chansey|44/100 par\n|move|p2a: Chansey|Soft-Boiled|p2a: Chansey\n|-heal|p2a: Chansey|94/100 par\n|\n|upkeep\n|turn|9\n|\n|t:|1742035973\n|move|p1a: Chansey|Seismic Toss|p2a: Chansey\n|-damage|p2a: Chansey|79/100 par\n|cant|p2a: Chansey|par\n|\n|upkeep\n|turn|10\n|\n|t:|1742035975\n|move|p1a: Chansey|Soft-Boiled|p1a: Chansey\n|-heal|p1a: Chansey|100/100\n|move|p2a: Chansey|Soft-Boiled|p2a: Chansey\n|-heal|p2a: Chansey|100/100 par\n|\n|upkeep\n|turn|11\n|\n|t:|1742035981\n|move|p1a: Chansey|Seismic Toss|p2a: Chansey\n|-damage|p2a: Chansey|86/100 par\n|cant|p2a: Chansey|par\n|\n|upkeep\n|turn|12\n|\n|t:|1742035982\n|move|p1a: Chansey|Seismic Toss|p2a: Chansey\n|-damage|p2a: Chansey|72/100 par\n|move|p2a: Chansey|Sing|p1a: Chansey\n|-status|p1a: Chansey|slp|[from] move: Sing\n|\n|upkeep\n|turn|13\n|\n|t:|1742035991\n|switch|p1a: Snorlax|Snorlax|100/100\n|move|p2a: Chansey|Thunder Wave|p1a: Snorlax\n|-status|p1a: Snorlax|par\n|\n|upkeep\n|turn|14\n|\n|t:|1742035993\n|switch|p2a: Snorlax|Snorlax|100/100\n|move|p1a: Snorlax|Reflect|p1a: Snorlax\n|-start|p1a: Snorlax|Reflect\n|\n|upkeep\n|turn|15\n|\n|t:|1742035997\n|move|p2a: Snorlax|Reflect|p2a: Snorlax\n|-start|p2a: Snorlax|Reflect\n|move|p1a: Snorlax|Body Slam|p2a: Snorlax\n|-damage|p2a: Snorlax|87/100\n|\n|upkeep\n|turn|16\n|\n|t:|1742035999\n|move|p2a: Snorlax|Body Slam|p1a: Snorlax\n|-damage|p1a: Snorlax|87/100 par\n|move|p1a: Snorlax|Body Slam|p2a: Snorlax\n|-damage|p2a: Snorlax|74/100\n|\n|upkeep\n|turn|17\n|\n|t:|1742036000\n|move|p2a: Snorlax|Body Slam|p1a: Snorlax\n|-damage|p1a: Snorlax|74/100 par\n|move|p1a: Snorlax|Body Slam|p2a: Snorlax\n|-crit|p2a: Snorlax\n|-damage|p2a: Snorlax|22/100\n|\n|upkeep\n|turn|18\n|\n|t:|1742036004\n|switch|p1a: Exeggutor|Exeggutor|100/100\n|move|p2a: Snorlax|Rest|p2a: Snorlax\n|-status|p2a: Snorlax|slp|[from] move: Rest\n|-heal|p2a: Snorlax|100/100 slp|[silent]\n|\n|upkeep\n|turn|19\n|\n|t:|1742036013\n|switch|p2a: Chansey|Chansey|72/100 par\n|move|p1a: Exeggutor|Psychic|p2a: Chansey\n|-damage|p2a: Chansey|56/100 par\n|\n|upkeep\n|turn|20\n|\n|t:|1742036020\n|switch|p1a: Snorlax|Snorlax|74/100 par\n|move|p2a: Chansey|Soft-Boiled|p2a: Chansey\n|-heal|p2a: Chansey|100/100 par\n|\n|upkeep\n|turn|21\n|\n|t:|1742036033\n|switch|p2a: Rhydon|Rhydon|100/100\n|move|p1a: Snorlax|Body Slam|p2a: Rhydon\n|-resisted|p2a: Rhydon\n|-damage|p2a: Rhydon|89/100\n|\n|upkeep\n|turn|22\n|\n|t:|1742036037\n|move|p2a: Rhydon|Earthquake|p1a: Snorlax\n|-damage|p1a: Snorlax|39/100 par\n|move|p1a: Snorlax|Earthquake|p2a: Rhydon\n|-supereffective|p2a: Rhydon\n|-damage|p2a: Rhydon|50/100\n|\n|upkeep\n|turn|23\n|inactive|nicole7735 has 270 seconds left.\n|\n|t:|1742036073\n|switch|p1a: Exeggutor|Exeggutor|100/100\n|move|p2a: Rhydon|Earthquake|p1a: Exeggutor\n|-crit|p1a: Exeggutor\n|-resisted|p1a: Exeggutor\n|-damage|p1a: Exeggutor|61/100\n|\n|upkeep\n|turn|24\n|\n|t:|1742036078\n|switch|p2a: Chansey|Chansey|100/100 par\n|move|p1a: Exeggutor|Psychic|p2a: Chansey\n|-damage|p2a: Chansey|84/100 par\n|\n|upkeep\n|turn|25\n|inactive|WarumFelix has 270 seconds left.\n|inactive|nicole7735 has 270 seconds left.\n|\n|t:|1742036126\n|move|p1a: Exeggutor|Explosion|p2a: Chansey\n|-damage|p2a: Chansey|0 fnt\n|faint|p2a: Chansey\n|faint|p1a: Exeggutor\n|inactive|nicole7735 has 270 seconds left.\n|inactive|nicole7735 has 240 seconds left.\n|\n|t:|1742036166\n|switch|p1a: Starmie|Starmie|100/100\n|switch|p2a: Exeggutor|Exeggutor|100/100\n|turn|26\n|\n|t:|1742036169\n|move|p1a: Starmie|Thunder Wave|p2a: Exeggutor\n|-status|p2a: Exeggutor|par\n|move|p2a: Exeggutor|Stun Spore|p1a: Starmie\n|-status|p1a: Starmie|par\n|\n|upkeep\n|turn|27\n|inactive|WarumFelix has 270 seconds left.\n|inactive|WarumFelix has 240 seconds left.\n|\n|t:|1742036223\n|switch|p2a: Snorlax|Snorlax|100/100 slp\n|cant|p1a: Starmie|par\n|\n|upkeep\n|turn|28\n|inactive|nicole7735 has 240 seconds left.\n|\n|t:|1742036263\n|cant|p2a: Snorlax|slp\n|move|p1a: Starmie|Psychic|p2a: Snorlax\n|-damage|p2a: Snorlax|74/100 slp\n|\n|upkeep\n|turn|29\n|inactive|WarumFelix has 240 seconds left.\n|\n|t:|1742036271\n|-curestatus|p2a: Snorlax|slp|[msg]\n|move|p1a: Starmie|Thunder Wave|p2a: Snorlax\n|-status|p2a: Snorlax|par\n|\n|upkeep\n|turn|30\n|inactive|nicole7735 has 240 seconds left.\n|inactive|WarumFelix has 240 seconds left.\n|\n|t:|1742036300\n|switch|p1a: Zapdos|Zapdos|100/100\n|move|p2a: Snorlax|Body Slam|p1a: Zapdos\n|-damage|p1a: Zapdos|70/100\n|\n|upkeep\n|turn|31\n|inactive|WarumFelix has 210 seconds left.\n|\n|t:|1742036342\n|switch|p2a: Rhydon|Rhydon|50/100\n|move|p1a: Zapdos|Thunderbolt|p2a: Rhydon\n|-immune|p2a: Rhydon\n|\n|upkeep\n|turn|32\n|inactive|nicole7735 has 210 seconds left.\n|inactive|WarumFelix has 180 seconds left.\n|inactive|nicole7735 has 180 seconds left.\n|inactive|nicole7735 has 150 seconds left.\n|inactive|WarumFelix has 150 seconds left.\n|\n|t:|1742036456\n|switch|p1a: Tauros|Tauros|100/100\n|move|p2a: Rhydon|Rock Slide|p1a: Tauros\n|-damage|p1a: Tauros|70/100\n|\n|upkeep\n|turn|33\n|inactive|WarumFelix has 150 seconds left.\n|\n|t:|1742036467\n|switch|p2a: Starmie|Starmie|100/100 slp\n|move|p1a: Tauros|Body Slam|p2a: Starmie\n|-damage|p2a: Starmie|68/100 slp\n|\n|upkeep\n|turn|34\n|\n|t:|1742036470\n|cant|p2a: Starmie|slp\n|move|p1a: Tauros|Body Slam|p2a: Starmie\n|-damage|p2a: Starmie|31/100 slp\n|\n|upkeep\n|turn|35\n|\n|t:|1742036472\n|cant|p2a: Starmie|slp\n|move|p1a: Tauros|Body Slam|p2a: Starmie\n|-damage|p2a: Starmie|0 fnt\n|faint|p2a: Starmie\n|\n|t:|1742036473\n|switch|p2a: Tauros|Tauros|100/100\n|turn|36\n|\n|t:|1742036495\n|switch|p1a: Chansey|Chansey|100/100 slp\n|move|p2a: Tauros|Body Slam|p1a: Chansey\n|-crit|p1a: Chansey\n|-damage|p1a: Chansey|29/100 slp\n|\n|upkeep\n|turn|37\n|\n|t:|1742036501\n|move|p2a: Tauros|Body Slam|p1a: Chansey\n|-crit|p1a: Chansey\n|-damage|p1a: Chansey|0 fnt\n|faint|p1a: Chansey\n|\n|t:|1742036503\n|switch|p1a: Starmie|Starmie|100/100 par\n|turn|38\n|inactive|WarumFelix has 180 seconds left.\n|inactive|nicole7735 has 150 seconds left.\n|inactive|WarumFelix has 150 seconds left.\n|\n|t:|1742036564\n|switch|p2a: Exeggutor|Exeggutor|100/100 par\n|move|p1a: Starmie|Psychic|p2a: Exeggutor\n|-resisted|p2a: Exeggutor\n|-damage|p2a: Exeggutor|88/100 par\n|\n|upkeep\n|turn|39\n|inactive|nicole7735 has 150 seconds left.\n|inactive|WarumFelix has 150 seconds left.\n|\n|t:|1742036598\n|cant|p1a: Starmie|par\n|move|p2a: Exeggutor|Psychic|p1a: Starmie\n|-resisted|p1a: Starmie\n|-damage|p1a: Starmie|80/100 par\n|\n|upkeep\n|turn|40\n|\n|t:|1742036604\n|move|p1a: Starmie|Blizzard|p2a: Exeggutor\n|-crit|p2a: Exeggutor\n|-supereffective|p2a: Exeggutor\n|-damage|p2a: Exeggutor|8/100 par\n|move|p2a: Exeggutor|Explosion|p1a: Starmie\n|-damage|p1a: Starmie|0 fnt\n|faint|p1a: Starmie\n|faint|p2a: Exeggutor\n|inactive|WarumFelix has 120 seconds left.\n|inactive|nicole7735 has 120 seconds left.\n|\n|t:|1742036653\n|switch|p1a: Zapdos|Zapdos|70/100\n|switch|p2a: Tauros|Tauros|100/100\n|turn|41\n|inactive|WarumFelix has 90 seconds left.\n|\n|t:|1742036685\n|switch|p2a: Rhydon|Rhydon|50/100\n|switch|p1a: Tauros|Tauros|70/100\n|\n|upkeep\n|turn|42\n|\n|t:|1742036695\n|switch|p2a: Snorlax|Snorlax|74/100 par\n|move|p1a: Tauros|Body Slam|p2a: Snorlax\n|-damage|p2a: Snorlax|51/100 par\n|\n|upkeep\n|turn|43\n|inactive|WarumFelix has 90 seconds left.\n|inactive|nicole7735 has 90 seconds left.\n|inactive|WarumFelix has 60 seconds left.\n|\n|t:|1742036737\n|move|p1a: Tauros|Body Slam|p2a: Snorlax\n|-damage|p2a: Snorlax|24/100 par\n|cant|p2a: Snorlax|par\n|\n|upkeep\n|turn|44\n|\n|t:|1742036743\n|move|p1a: Tauros|Body Slam|p2a: Snorlax\n|-damage|p2a: Snorlax|0 fnt\n|faint|p2a: Snorlax\n|\n|t:|1742036744\n|switch|p2a: Tauros|Tauros|100/100\n|turn|45\n|\n|t:|1742036764\n|move|p1a: Tauros|Body Slam|p2a: Tauros\n|-damage|p2a: Tauros|69/100\n|move|p2a: Tauros|Body Slam|p1a: Tauros\n|-damage|p1a: Tauros|40/100\n|\n|upkeep\n|turn|46\n|inactive|nicole7735 has 60 seconds left.\n|inactive|WarumFelix has 60 seconds left.\n|inactive|nicole7735 has 30 seconds left.\n|inactive|nicole7735 has 20 seconds left.\n|\n|t:|1742036828\n|move|p1a: Tauros|Body Slam|p2a: Tauros\n|-damage|p2a: Tauros|41/100\n|move|p2a: Tauros|Body Slam|p1a: Tauros\n|-damage|p1a: Tauros|14/100\n|\n|upkeep\n|turn|47\n|inactive|nicole7735 has 30 seconds left this turn.\n|inactive|nicole7735 has 20 seconds left.\n|inactive|nicole7735 has 15 seconds left.\n|inactive|nicole7735 has 10 seconds left.\n|\n|t:|1742036857\n|switch|p1a: Snorlax|Snorlax|39/100 par\n|move|p2a: Tauros|Body Slam|p1a: Snorlax\n|-damage|p1a: Snorlax|14/100 par\n|\n|upkeep\n|turn|48\n|inactive|nicole7735 has 20 seconds left this turn.\n|\n|t:|1742036861\n|move|p2a: Tauros|Body Slam|p1a: Snorlax\n|-damage|p1a: Snorlax|0 fnt\n|faint|p1a: Snorlax\n|inactive|nicole7735 has 25 seconds left this turn.\n|inactive|nicole7735 has 20 seconds left.\n|\n|t:|1742036867\n|switch|p1a: Tauros|Tauros|14/100\n|turn|49\n|inactive|nicole7735 has 30 seconds left this turn.\n|inactive|WarumFelix has 30 seconds left.\n|inactive|WarumFelix has 20 seconds left.\n|\n|t:|1742036908\n|move|p2a: Tauros|Body Slam|p1a: Tauros\n|-crit|p1a: Tauros\n|-damage|p1a: Tauros|0 fnt\n|faint|p1a: Tauros\n|inactive|nicole7735 has 30 seconds left this turn.\n|inactive|WarumFelix has 25 seconds left this turn.\n|\n|t:|1742036912\n|switch|p1a: Zapdos|Zapdos|70/100\n|turn|50\n|\n|t:|1742036917\n|move|p2a: Tauros|Body Slam|p1a: Zapdos\n|-damage|p1a: Zapdos|43/100\n|move|p1a: Zapdos|Thunderbolt|p2a: Tauros\n|-damage|p2a: Tauros|0 fnt\n|faint|p2a: Tauros\n|\n|t:|1742036918\n|switch|p2a: Rhydon|Rhydon|50/100\n|turn|51\n|\n|t:|1742036922\n|move|p1a: Zapdos|Drill Peck|p2a: Rhydon\n|-resisted|p2a: Rhydon\n|-damage|p2a: Rhydon|41/100\n|move|p2a: Rhydon|Rock Slide|p1a: Zapdos\n|-supereffective|p1a: Zapdos\n|-damage|p1a: Zapdos|0 fnt\n|faint|p1a: Zapdos\n|\n|win|WarumFelix\n","uploadtime":1742036922,"views":"1733","formatid":"gen1ou","rating":null,"private":0,"password":null}