{"id":"smogtours-gen1ou-817559","format":"[Gen 1] OU","players":["Sceptross","chuva de perereca"],"log":"|inactive|Battle timer is ON: inactive players will automatically lose when time's up.\n|t:|1738508319\n|gametype|singles\n|player|p1|Sceptross|#splxvicryonicles|\n|player|p2|chuva de perereca|lyra|\n|teamsize|p1|6\n|teamsize|p2|6\n|gen|1\n|tier|[Gen 1] OU\n|rule|Desync Clause Mod: Desyncs changed to move failure.\n|rule|Sleep Clause Mod: Limit one foe put to sleep\n|rule|Freeze Clause Mod: Limit one foe frozen\n|rule|Species Clause: Limit one of each Pokémon\n|rule|OHKO Clause: OHKO moves are banned\n|rule|Evasion Moves Clause: Evasion moves are banned\n|rule|Endless Battle Clause: Forcing endless battles is banned\n|rule|HP Percentage Mod: HP is shown in percentages\n|\n|t:|1738508319\n|start\n|switch|p1a: Jynx|Jynx|100/100\n|switch|p2a: Gengar|Gengar|100/100\n|turn|1\n|c|☆Sceptross|gl hf\n|c|☆chuva de perereca|hf\n|rated|Smogon Premier League\n|\n|t:|1738508331\n|move|p2a: Gengar|Hypnosis|p1a: Jynx|[miss]\n|-miss|p2a: Gengar\n|move|p1a: Jynx|Lovely Kiss|p2a: Gengar\n|-status|p2a: Gengar|slp|[from] move: Lovely Kiss\n|\n|upkeep\n|turn|2\n|\n|t:|1738508336\n|switch|p2a: Starmie|Starmie|100/100\n|move|p1a: Jynx|Blizzard|p2a: Starmie\n|-resisted|p2a: Starmie\n|-damage|p2a: Starmie|78/100\n|\n|upkeep\n|turn|3\n|\n|t:|1738508347\n|switch|p1a: Chansey|Chansey|100/100\n|move|p2a: Starmie|Psychic|p1a: Chansey\n|-damage|p1a: Chansey|86/100\n|\n|upkeep\n|turn|4\n|\n|t:|1738508354\n|switch|p2a: Chansey|Chansey|100/100\n|move|p1a: Chansey|Thunder Wave|p2a: Chansey\n|-status|p2a: Chansey|par\n|\n|upkeep\n|turn|5\n|inactive|Sceptross has 270 seconds left.\n|\n|t:|1738508389\n|switch|p1a: Jynx|Jynx|100/100\n|move|p2a: Chansey|Seismic Toss|p1a: Jynx\n|-damage|p1a: Jynx|70/100\n|\n|upkeep\n|turn|6\n|\n|t:|1738508393\n|move|p1a: Jynx|Psychic|p2a: Chansey\n|-damage|p2a: Chansey|87/100 par\n|-unboost|p2a: Chansey|spa|1\n|-unboost|p2a: Chansey|spd|1\n|move|p2a: Chansey|Seismic Toss|p1a: Jynx\n|-damage|p1a: Jynx|40/100\n|\n|upkeep\n|turn|7\n|\n|t:|1738508407\n|move|p1a: Jynx|Blizzard|p2a: Chansey\n|-damage|p2a: Chansey|60/100 par\n|move|p2a: Chansey|Soft-Boiled|p2a: Chansey\n|-heal|p2a: Chansey|100/100 par\n|\n|upkeep\n|turn|8\n|\n|t:|1738508412\n|move|p1a: Jynx|Blizzard|p2a: Chansey\n|-damage|p2a: Chansey|70/100 par\n|move|p2a: Chansey|Seismic Toss|p1a: Jynx\n|-damage|p1a: Jynx|10/100\n|\n|upkeep\n|turn|9\n|\n|t:|1738508418\n|move|p1a: Jynx|Rest|p1a: Jynx\n|-status|p1a: Jynx|slp|[from] move: Rest\n|-heal|p1a: Jynx|100/100 slp|[silent]\n|move|p2a: Chansey|Soft-Boiled|p2a: Chansey\n|-heal|p2a: Chansey|100/100 par\n|\n|upkeep\n|turn|10\n|inactive|Sceptross has 270 seconds left.\n|\n|t:|1738508452\n|switch|p2a: Tauros|Tauros|100/100\n|cant|p1a: Jynx|slp\n|\n|upkeep\n|turn|11\n|\n|t:|1738508457\n|switch|p1a: Snorlax|Snorlax|100/100\n|move|p2a: Tauros|Body Slam|p1a: Snorlax\n|-damage|p1a: Snorlax|77/100\n|\n|upkeep\n|turn|12\n|\n|t:|1738508462\n|switch|p2a: Gengar|Gengar|100/100 slp\n|move|p1a: Snorlax|Body Slam|p2a: Gengar\n|-immune|p2a: Gengar\n|\n|upkeep\n|turn|13\n|\n|t:|1738508467\n|switch|p2a: Exeggutor|Exeggutor|100/100\n|move|p1a: Snorlax|Body Slam|p2a: Exeggutor\n|-damage|p2a: Exeggutor|72/100\n|\n|upkeep\n|turn|14\n|inactive|Sceptross has 270 seconds left.\n|\n|t:|1738508507\n|switch|p1a: Jynx|Jynx|100/100 slp\n|move|p2a: Exeggutor|Sleep Powder|p1a: Jynx\n|-fail|p1a: Jynx|slp\n|\n|upkeep\n|turn|15\n|\n|t:|1738508521\n|-curestatus|p1a: Jynx|slp|[msg]\n|move|p2a: Exeggutor|Stun Spore|p1a: Jynx\n|-status|p1a: Jynx|par\n|\n|upkeep\n|turn|16\n|\n|t:|1738508533\n|switch|p2a: Chansey|Chansey|100/100 par\n|cant|p1a: Jynx|par\n|\n|upkeep\n|turn|17\n|\n|t:|1738508536\n|cant|p1a: Jynx|par\n|move|p2a: Chansey|Seismic Toss|p1a: Jynx\n|-damage|p1a: Jynx|70/100 par\n|\n|upkeep\n|turn|18\n|\n|t:|1738508539\n|move|p1a: Jynx|Psychic|p2a: Chansey\n|-damage|p2a: Chansey|86/100 par\n|move|p2a: Chansey|Seismic Toss|p1a: Jynx\n|-damage|p1a: Jynx|40/100 par\n|\n|upkeep\n|turn|19\n|\n|t:|1738508547\n|cant|p1a: Jynx|par\n|move|p2a: Chansey|Seismic Toss|p1a: Jynx\n|-damage|p1a: Jynx|10/100 par\n|\n|upkeep\n|turn|20\n|\n|t:|1738508552\n|switch|p2a: Tauros|Tauros|100/100\n|move|p1a: Jynx|Blizzard|p2a: Tauros\n|-damage|p2a: Tauros|55/100\n|\n|upkeep\n|turn|21\n|\n|t:|1738508566\n|move|p2a: Tauros|Body Slam|p1a: Jynx\n|-damage|p1a: Jynx|0 fnt\n|faint|p1a: Jynx\n|\n|t:|1738508579\n|switch|p1a: Tauros|Tauros|100/100\n|turn|22\n|\n|t:|1738508583\n|move|p1a: Tauros|Body Slam|p2a: Tauros\n|-damage|p2a: Tauros|27/100\n|move|p2a: Tauros|Body Slam|p1a: Tauros\n|-damage|p1a: Tauros|70/100\n|\n|upkeep\n|turn|23\n|\n|t:|1738508589\n|switch|p2a: Gengar|Gengar|100/100 slp\n|move|p1a: Tauros|Body Slam|p2a: Gengar\n|-immune|p2a: Gengar\n|\n|upkeep\n|turn|24\n|\n|t:|1738508596\n|switch|p2a: Starmie|Starmie|78/100\n|move|p1a: Tauros|Body Slam|p2a: Starmie\n|-damage|p2a: Starmie|47/100\n|-status|p2a: Starmie|par\n|\n|upkeep\n|turn|25\n|inactive|Sceptross has 270 seconds left.\n|inactive|Sceptross has 240 seconds left.\n|\n|t:|1738508657\n|switch|p2a: Rhydon|Rhydon|100/100\n|move|p1a: Tauros|Body Slam|p2a: Rhydon\n|-resisted|p2a: Rhydon\n|-damage|p2a: Rhydon|90/100\n|\n|upkeep\n|turn|26\n|inactive|Sceptross has 240 seconds left.\n|\n|t:|1738508697\n|switch|p2a: Chansey|Chansey|86/100 par\n|move|p1a: Tauros|Blizzard|p2a: Chansey\n|-damage|p2a: Chansey|75/100 par\n|\n|upkeep\n|turn|27\n|inactive|Sceptross has 210 seconds left.\n|\n|t:|1738508714\n|switch|p1a: Snorlax|Snorlax|77/100\n|move|p2a: Chansey|Thunder Wave|p1a: Snorlax\n|-status|p1a: Snorlax|par\n|\n|upkeep\n|turn|28\n|inactive|Sceptross has 210 seconds left.\n|inactive|Sceptross has 180 seconds left.\n|inactive|Sceptross has 150 seconds left.\n|\n|t:|1738508802\n|switch|p2a: Starmie|Starmie|47/100 par\n|switch|p1a: Chansey|Chansey|86/100\n|\n|upkeep\n|turn|29\n|\n|t:|1738508807\n|switch|p2a: Chansey|Chansey|75/100 par\n|move|p1a: Chansey|Thunderbolt|p2a: Chansey\n|-damage|p2a: Chansey|65/100 par\n|\n|upkeep\n|turn|30\n|\n|t:|1738508824\n|switch|p1a: Snorlax|Snorlax|77/100 par\n|switch|p2a: Starmie|Starmie|47/100 par\n|\n|upkeep\n|turn|31\n|\n|t:|1738508828\n|move|p2a: Starmie|Recover|p2a: Starmie\n|-heal|p2a: Starmie|96/100 par\n|move|p1a: Snorlax|Body Slam|p2a: Starmie\n|-damage|p2a: Starmie|59/100 par\n|\n|upkeep\n|turn|32\n|inactive|Sceptross has 150 seconds left.\n|\n|t:|1738508833\n|cant|p2a: Starmie|par\n|move|p1a: Snorlax|Body Slam|p2a: Starmie\n|-damage|p2a: Starmie|25/100 par\n|\n|upkeep\n|turn|33\n|\n|t:|1738508836\n|move|p2a: Starmie|Recover|p2a: Starmie\n|-heal|p2a: Starmie|75/100 par\n|move|p1a: Snorlax|Body Slam|p2a: Starmie\n|-damage|p2a: Starmie|37/100 par\n|\n|upkeep\n|turn|34\n|\n|t:|1738508839\n|move|p2a: Starmie|Recover|p2a: Starmie\n|-heal|p2a: Starmie|87/100 par\n|move|p1a: Snorlax|Body Slam|p2a: Starmie\n|-damage|p2a: Starmie|50/100 par\n|\n|upkeep\n|turn|35\n|\n|t:|1738508844\n|move|p2a: Starmie|Recover|p2a: Starmie\n|-heal|p2a: Starmie|99/100 par\n|move|p1a: Snorlax|Self-Destruct|p2a: Starmie\n|-damage|p2a: Starmie|0 fnt\n|faint|p2a: Starmie\n|faint|p1a: Snorlax\n|inactive|Sceptross has 180 seconds left.\n|\n|t:|1738508879\n|switch|p2a: Exeggutor|Exeggutor|72/100\n|switch|p1a: Tauros|Tauros|70/100\n|turn|36\n|\n|t:|1738508887\n|move|p1a: Tauros|Body Slam|p2a: Exeggutor\n|-damage|p2a: Exeggutor|44/100\n|-status|p2a: Exeggutor|par\n|move|p2a: Exeggutor|Sleep Powder|p1a: Tauros\n|-status|p1a: Tauros|slp|[from] move: Sleep Powder\n|\n|upkeep\n|turn|37\n|\n|t:|1738508904\n|switch|p1a: Chansey|Chansey|86/100\n|move|p2a: Exeggutor|Rest|p2a: Exeggutor\n|-status|p2a: Exeggutor|slp|[from] move: Rest\n|-heal|p2a: Exeggutor|100/100 slp|[silent]\n|\n|upkeep\n|turn|38\n|\n|t:|1738508920\n|switch|p1a: Rhydon|Rhydon|100/100\n|cant|p2a: Exeggutor|slp\n|\n|upkeep\n|turn|39\n|\n|t:|1738508924\n|move|p1a: Rhydon|Rock Slide|p2a: Exeggutor|[miss]\n|-miss|p1a: Rhydon\n|-curestatus|p2a: Exeggutor|slp|[msg]\n|\n|upkeep\n|turn|40\n|\n|t:|1738508928\n|switch|p1a: Chansey|Chansey|86/100\n|move|p2a: Exeggutor|Stun Spore|p1a: Chansey\n|-status|p1a: Chansey|par\n|\n|upkeep\n|turn|41\n|inactive|Sceptross has 180 seconds left.\n|\n|t:|1738508934\n|switch|p2a: Chansey|Chansey|65/100 par\n|move|p1a: Chansey|Ice Beam|p2a: Chansey\n|-damage|p2a: Chansey|54/100 par\n|\n|upkeep\n|turn|42\n|\n|t:|1738508944\n|switch|p1a: Rhydon|Rhydon|100/100\n|move|p2a: Chansey|Seismic Toss|p1a: Rhydon\n|-damage|p1a: Rhydon|76/100\n|\n|upkeep\n|turn|43\n|\n|t:|1738508948\n|switch|p2a: Exeggutor|Exeggutor|100/100\n|move|p1a: Rhydon|Body Slam|p2a: Exeggutor\n|-damage|p2a: Exeggutor|78/100\n|\n|upkeep\n|turn|44\n|\n|t:|1738508953\n|switch|p2a: Chansey|Chansey|54/100 par\n|switch|p1a: Chansey|Chansey|86/100 par\n|\n|upkeep\n|turn|45\n|inactive|Sceptross has 210 seconds left.\n|\n|t:|1738508965\n|move|p1a: Chansey|Ice Beam|p2a: Chansey\n|-damage|p2a: Chansey|44/100 par\n|move|p2a: Chansey|Soft-Boiled|p2a: Chansey\n|-heal|p2a: Chansey|94/100 par\n|\n|upkeep\n|turn|46\n|\n|t:|1738508968\n|move|p2a: Chansey|Seismic Toss|p1a: Chansey\n|-damage|p1a: Chansey|71/100 par\n|move|p1a: Chansey|Thunderbolt|p2a: Chansey\n|-damage|p2a: Chansey|84/100 par\n|\n|upkeep\n|turn|47\n|\n|t:|1738508972\n|move|p2a: Chansey|Seismic Toss|p1a: Chansey\n|-damage|p1a: Chansey|57/100 par\n|move|p1a: Chansey|Soft-Boiled|p1a: Chansey\n|-heal|p1a: Chansey|100/100 par\n|\n|upkeep\n|turn|48\n|\n|t:|1738508975\n|move|p2a: Chansey|Seismic Toss|p1a: Chansey\n|-damage|p1a: Chansey|86/100 par\n|move|p1a: Chansey|Thunderbolt|p2a: Chansey\n|-damage|p2a: Chansey|73/100 par\n|\n|upkeep\n|turn|49\n|inactive|Sceptross has 240 seconds left.\n|\n|t:|1738508981\n|cant|p2a: Chansey|par\n|move|p1a: Chansey|Thunderbolt|p2a: Chansey\n|-crit|p2a: Chansey\n|-damage|p2a: Chansey|53/100 par\n|\n|upkeep\n|turn|50\n|\n|t:|1738508984\n|switch|p1a: Rhydon|Rhydon|76/100\n|move|p2a: Chansey|Seismic Toss|p1a: Rhydon\n|-damage|p1a: Rhydon|52/100\n|\n|upkeep\n|turn|51\n|\n|t:|1738508987\n|switch|p2a: Exeggutor|Exeggutor|78/100\n|move|p1a: Rhydon|Body Slam|p2a: Exeggutor\n|-damage|p2a: Exeggutor|54/100\n|-status|p2a: Exeggutor|par\n|\n|upkeep\n|turn|52\n|\n|t:|1738508992\n|move|p1a: Rhydon|Rock Slide|p2a: Exeggutor\n|-damage|p2a: Exeggutor|25/100 par\n|cant|p2a: Exeggutor|par\n|\n|upkeep\n|turn|53\n|inactive|Sceptross has 270 seconds left.\n|\n|t:|1738509011\n|switch|p2a: Gengar|Gengar|100/100 slp\n|move|p1a: Rhydon|Rock Slide|p2a: Gengar\n|-damage|p2a: Gengar|57/100 slp\n|\n|upkeep\n|turn|54\n|inactive|Sceptross has 270 seconds left.\n|\n|t:|1738509019\n|cant|p2a: Gengar|slp\n|move|p1a: Rhydon|Substitute|p1a: Rhydon\n|-start|p1a: Rhydon|Substitute\n|-damage|p1a: Rhydon|27/100\n|\n|upkeep\n|turn|55\n|\n|t:|1738509022\n|cant|p2a: Gengar|slp\n|move|p1a: Rhydon|Earthquake|p2a: Gengar\n|-supereffective|p2a: Gengar\n|-damage|p2a: Gengar|0 fnt\n|faint|p2a: Gengar\n|\n|t:|1738509025\n|switch|p2a: Rhydon|Rhydon|90/100\n|turn|56\n|\n|t:|1738509027\n|move|p2a: Rhydon|Earthquake|p1a: Rhydon\n|-crit|p1a: Rhydon\n|-supereffective|p1a: Rhydon\n|-end|p1a: Rhydon|Substitute\n|move|p1a: Rhydon|Earthquake|p2a: Rhydon\n|-supereffective|p2a: Rhydon\n|-damage|p2a: Rhydon|34/100\n|\n|upkeep\n|turn|57\n|inactive|Sceptross has 270 seconds left.\n|\n|t:|1738509068\n|switch|p1a: Starmie|Starmie|100/100\n|move|p2a: Rhydon|Earthquake|p1a: Starmie\n|-damage|p1a: Starmie|54/100\n|\n|upkeep\n|turn|58\n|\n|t:|1738509077\n|switch|p2a: Chansey|Chansey|53/100 par\n|move|p1a: Starmie|Recover|p1a: Starmie\n|-heal|p1a: Starmie|100/100\n|\n|upkeep\n|turn|59\n|inactive|Sceptross has 270 seconds left.\n|\n|t:|1738509094\n|switch|p1a: Rhydon|Rhydon|27/100\n|move|p2a: Chansey|Seismic Toss|p1a: Rhydon\n|-damage|p1a: Rhydon|3/100\n|\n|upkeep\n|turn|60\n|\n|t:|1738509100\n|switch|p2a: Exeggutor|Exeggutor|25/100 par\n|move|p1a: Rhydon|Earthquake|p2a: Exeggutor\n|-resisted|p2a: Exeggutor\n|-damage|p2a: Exeggutor|7/100 par\n|\n|upkeep\n|turn|61\n|\n|t:|1738509103\n|move|p1a: Rhydon|Earthquake|p2a: Exeggutor\n|-resisted|p2a: Exeggutor\n|-damage|p2a: Exeggutor|0 fnt\n|faint|p2a: Exeggutor\n|\n|t:|1738509104\n|switch|p2a: Tauros|Tauros|27/100\n|turn|62\n|inactive|Sceptross has 270 seconds left.\n|inactive|Sceptross has 240 seconds left.\n|inactive|Sceptross has 210 seconds left.\n|\n|t:|1738509205\n|switch|p1a: Starmie|Starmie|100/100\n|move|p2a: Tauros|Body Slam|p1a: Starmie\n|-crit|p1a: Starmie\n|-damage|p1a: Starmie|32/100\n|\n|upkeep\n|turn|63\n|inactive|Sceptross has 180 seconds left.\n|inactive|Sceptross has 150 seconds left.\n|\n|t:|1738509263\n|switch|p1a: Rhydon|Rhydon|3/100\n|switch|p2a: Chansey|Chansey|53/100 par\n|\n|upkeep\n|turn|64\n|\n|t:|1738509270\n|switch|p2a: Rhydon|Rhydon|34/100\n|move|p1a: Rhydon|Earthquake|p2a: Rhydon\n|-supereffective|p2a: Rhydon\n|-damage|p2a: Rhydon|0 fnt\n|faint|p2a: Rhydon\n|\n|t:|1738509271\n|switch|p2a: Tauros|Tauros|27/100\n|turn|65\n|inactive|Sceptross has 150 seconds left.\n|\n|t:|1738509317\n|switch|p1a: Chansey|Chansey|86/100 par\n|move|p2a: Tauros|Body Slam|p1a: Chansey\n|-damage|p1a: Chansey|45/100 par\n|\n|upkeep\n|turn|66\n|inactive|Sceptross has 120 seconds left.\n|inactive|chuva de perereca has 270 seconds left.\n|inactive|chuva de perereca has 240 seconds left.\n|inactive|Sceptross has 90 seconds left.\n|inactive|chuva de perereca has 210 seconds left.\n|\n|t:|1738509403\n|move|p2a: Tauros|Rest|p2a: Tauros\n|-status|p2a: Tauros|slp|[from] move: Rest\n|-heal|p2a: Tauros|100/100 slp|[silent]\n|move|p1a: Chansey|Ice Beam|p2a: Tauros\n|-damage|p2a: Tauros|71/100 slp\n|\n|upkeep\n|turn|67\n|inactive|chuva de perereca has 210 seconds left.\n|inactive|Sceptross has 90 seconds left.\n|\n|t:|1738509429\n|cant|p2a: Tauros|slp\n|cant|p1a: Chansey|par\n|\n|upkeep\n|turn|68\n|inactive|chuva de perereca has 210 seconds left.\n|inactive|chuva de perereca has 180 seconds left.\n|\n|t:|1738509471\n|-curestatus|p2a: Tauros|slp|[msg]\n|move|p1a: Chansey|Thunder Wave|p2a: Tauros\n|-status|p2a: Tauros|par\n|\n|upkeep\n|turn|69\n|inactive|Sceptross has 90 seconds left.\n|\n|t:|1738509502\n|move|p2a: Tauros|Rest|p2a: Tauros\n|-status|p2a: Tauros|slp|[from] move: Rest\n|-heal|p2a: Tauros|100/100 slp|[silent]\n|cant|p1a: Chansey|par\n|\n|upkeep\n|turn|70\n|\n|t:|1738509507\n|cant|p2a: Tauros|slp\n|move|p1a: Chansey|Ice Beam|p2a: Tauros\n|-damage|p2a: Tauros|72/100 slp\n|\n|upkeep\n|turn|71\n|\n|t:|1738509510\n|-curestatus|p2a: Tauros|slp|[msg]\n|move|p1a: Chansey|Thunder Wave|p2a: Tauros\n|-status|p2a: Tauros|par\n|\n|upkeep\n|turn|72\n|inactive|chuva de perereca has 210 seconds left.\n|\n|t:|1738509527\n|move|p1a: Chansey|Thunderbolt|p2a: Tauros\n|-damage|p2a: Tauros|46/100 par\n|move|p2a: Tauros|Rest|p2a: Tauros\n|-status|p2a: Tauros|slp|[from] move: Rest\n|-heal|p2a: Tauros|100/100 slp|[silent]\n|\n|upkeep\n|turn|73\n|inactive|Sceptross has 60 seconds left.\n|inactive|Sceptross has 30 seconds left.\n|\n|t:|1738509590\n|move|p1a: Chansey|Thunderbolt|p2a: Tauros\n|-damage|p2a: Tauros|75/100 slp\n|cant|p2a: Tauros|slp\n|\n|upkeep\n|turn|74\n|\n|t:|1738509593\n|move|p1a: Chansey|Thunderbolt|p2a: Tauros\n|-damage|p2a: Tauros|47/100 slp\n|-curestatus|p2a: Tauros|slp|[msg]\n|\n|upkeep\n|turn|75\n|\n|t:|1738509601\n|switch|p2a: Chansey|Chansey|53/100 par\n|move|p1a: Chansey|Ice Beam|p2a: Chansey\n|-damage|p2a: Chansey|43/100 par\n|\n|upkeep\n|turn|76\n|\n|t:|1738509606\n|cant|p1a: Chansey|par\n|move|p2a: Chansey|Soft-Boiled|p2a: Chansey\n|-heal|p2a: Chansey|93/100 par\n|\n|upkeep\n|turn|77\n|inactive|chuva de perereca has 240 seconds left.\n|\n|t:|1738509613\n|switch|p2a: Tauros|Tauros|47/100\n|move|p1a: Chansey|Soft-Boiled|p1a: Chansey\n|-heal|p1a: Chansey|95/100 par\n|\n|upkeep\n|turn|78\n|inactive|Sceptross has 60 seconds left.\n|\n|t:|1738509639\n|switch|p2a: Chansey|Chansey|93/100 par\n|move|p1a: Chansey|Ice Beam|p2a: Chansey\n|-damage|p2a: Chansey|83/100 par\n|\n|upkeep\n|turn|79\n|\n|t:|1738509654\n|move|p1a: Chansey|Thunderbolt|p2a: Chansey\n|-damage|p2a: Chansey|73/100 par\n|cant|p2a: Chansey|par\n|\n|upkeep\n|turn|80\n|\n|t:|1738509662\n|cant|p2a: Chansey|par\n|move|p1a: Chansey|Thunderbolt|p2a: Chansey\n|-damage|p2a: Chansey|62/100 par\n|\n|upkeep\n|turn|81\n|inactive|Sceptross has 30 seconds left.\n|\n|t:|1738509698\n|switch|p1a: Starmie|Starmie|32/100\n|move|p2a: Chansey|Seismic Toss|p1a: Starmie\n|-damage|p1a: Starmie|1/100\n|\n|upkeep\n|turn|82\n|inactive|Sceptross has 30 seconds left.\n|\n|t:|1738509705\n|move|p1a: Starmie|Recover|p1a: Starmie\n|-heal|p1a: Starmie|51/100\n|cant|p2a: Chansey|par\n|\n|upkeep\n|turn|83\n|\n|t:|1738509715\n|move|p1a: Starmie|Recover|p1a: Starmie\n|-heal|p1a: Starmie|100/100\n|move|p2a: Chansey|Seismic Toss|p1a: Starmie\n|-damage|p1a: Starmie|70/100\n|\n|upkeep\n|turn|84\n|inactive|Sceptross has 30 seconds left.\n|inactive|Sceptross has 20 seconds left.\n|inactive|Sceptross has 15 seconds left.\n|\n|t:|1738509746\n|switch|p1a: Chansey|Chansey|95/100 par\n|move|p2a: Chansey|Soft-Boiled|p2a: Chansey\n|-heal|p2a: Chansey|100/100 par\n|\n|upkeep\n|turn|85\n|inactive|Sceptross has 25 seconds left this turn.\n|inactive|Sceptross has 20 seconds left.\n|\n|t:|1738509753\n|move|p2a: Chansey|Thunder Wave|p1a: Chansey\n|-fail|p1a: Chansey|par\n|cant|p1a: Chansey|par\n|\n|upkeep\n|turn|86\n|inactive|Sceptross has 30 seconds left this turn.\n|\n|t:|1738509756\n|move|p2a: Chansey|Thunder Wave|p1a: Chansey\n|-fail|p1a: Chansey|par\n|cant|p1a: Chansey|par\n|\n|upkeep\n|turn|87\n|\n|t:|1738509758\n|cant|p2a: Chansey|par\n|move|p1a: Chansey|Thunder Wave|p2a: Chansey\n|-fail|p2a: Chansey|par\n|\n|upkeep\n|turn|88\n|\n|t:|1738509760\n|move|p1a: Chansey|Thunder Wave|p2a: Chansey\n|-fail|p2a: Chansey|par\n|move|p2a: Chansey|Thunder Wave|p1a: Chansey\n|-fail|p1a: Chansey|par\n|\n|upkeep\n|turn|89\n|\n|t:|1738509763\n|move|p1a: Chansey|Thunder Wave|p2a: Chansey\n|-fail|p2a: Chansey|par\n|cant|p2a: Chansey|par\n|\n|upkeep\n|turn|90\n|\n|t:|1738509765\n|move|p1a: Chansey|Thunder Wave|p2a: Chansey\n|-fail|p2a: Chansey|par\n|move|p2a: Chansey|Thunder Wave|p1a: Chansey\n|-fail|p1a: Chansey|par\n|\n|upkeep\n|turn|91\n|\n|t:|1738509767\n|move|p2a: Chansey|Thunder Wave|p1a: Chansey\n|-fail|p1a: Chansey|par\n|move|p1a: Chansey|Thunder Wave|p2a: Chansey\n|-fail|p2a: Chansey|par\n|\n|upkeep\n|turn|92\n|\n|t:|1738509769\n|move|p2a: Chansey|Thunder Wave|p1a: Chansey\n|-fail|p1a: Chansey|par\n|cant|p1a: Chansey|par\n|\n|upkeep\n|turn|93\n|\n|t:|1738509771\n|cant|p1a: Chansey|par\n|move|p2a: Chansey|Thunder Wave|p1a: Chansey\n|-fail|p1a: Chansey|par\n|\n|upkeep\n|turn|94\n|\n|t:|1738509773\n|move|p1a: Chansey|Thunderbolt|p2a: Chansey\n|-crit|p2a: Chansey\n|-damage|p2a: Chansey|80/100 par\n|move|p2a: Chansey|Sing|p1a: Chansey|[miss]\n|-miss|p2a: Chansey\n|\n|upkeep\n|turn|95\n|\n|t:|1738509776\n|move|p2a: Chansey|Sing|p1a: Chansey\n|-fail|p1a: Chansey\n|cant|p1a: Chansey|par\n|\n|upkeep\n|turn|96\n|\n|t:|1738509779\n|cant|p2a: Chansey|par\n|move|p1a: Chansey|Thunderbolt|p2a: Chansey\n|-damage|p2a: Chansey|70/100 par\n|\n|upkeep\n|turn|97\n|\n|t:|1738509784\n|move|p1a: Chansey|Thunderbolt|p2a: Chansey\n|-damage|p2a: Chansey|60/100 par\n|move|p2a: Chansey|Seismic Toss|p1a: Chansey\n|-damage|p1a: Chansey|80/100 par\n|\n|upkeep\n|turn|98\n|\n|t:|1738509791\n|move|p1a: Chansey|Thunderbolt|p2a: Chansey\n|-damage|p2a: Chansey|50/100 par\n|cant|p2a: Chansey|par\n|\n|upkeep\n|turn|99\n|inactive|Sceptross has 120 seconds left.\n|\n|t:|1738509844\n|switch|p1a: Starmie|Starmie|70/100\n|move|p2a: Chansey|Soft-Boiled|p2a: Chansey\n|-heal|p2a: Chansey|99/100 par\n|\n|upkeep\n|turn|100\n|\n|t:|1738509851\n|switch|p1a: Chansey|Chansey|80/100 par\n|move|p2a: Chansey|Thunder Wave|p1a: Chansey\n|-fail|p1a: Chansey|par\n|\n|upkeep\n|turn|101\n|\n|t:|1738509856\n|move|p2a: Chansey|Sing|p1a: Chansey|[miss]\n|-miss|p2a: Chansey\n|move|p1a: Chansey|Thunderbolt|p2a: Chansey\n|-damage|p2a: Chansey|90/100 par\n|\n|upkeep\n|turn|102\n|\n|t:|1738509860\n|move|p2a: Chansey|Sing|p1a: Chansey\n|-fail|p1a: Chansey\n|move|p1a: Chansey|Thunderbolt|p2a: Chansey\n|-damage|p2a: Chansey|80/100 par\n|\n|upkeep\n|turn|103\n|\n|t:|1738509864\n|move|p1a: Chansey|Thunder Wave|p2a: Chansey\n|-fail|p2a: Chansey|par\n|move|p2a: Chansey|Sing|p1a: Chansey\n|-fail|p1a: Chansey\n|\n|upkeep\n|turn|104\n|\n|t:|1738509868\n|move|p1a: Chansey|Thunderbolt|p2a: Chansey\n|-damage|p2a: Chansey|68/100 par\n|cant|p2a: Chansey|par\n|\n|upkeep\n|turn|105\n|\n|t:|1738509878\n|move|p2a: Chansey|Sing|p1a: Chansey|[miss]\n|-miss|p2a: Chansey\n|cant|p1a: Chansey|par\n|\n|upkeep\n|turn|106\n|\n|t:|1738509884\n|switch|p1a: Starmie|Starmie|70/100\n|move|p2a: Chansey|Seismic Toss|p1a: Starmie\n|-damage|p1a: Starmie|39/100\n|\n|upkeep\n|turn|107\n|\n|t:|1738509887\n|move|p1a: Starmie|Recover|p1a: Starmie\n|-heal|p1a: Starmie|88/100\n|cant|p2a: Chansey|par\n|\n|upkeep\n|turn|108\n|inactive|Sceptross has 150 seconds left.\n|\n|t:|1738509905\n|move|p1a: Starmie|Psychic|p2a: Chansey\n|-damage|p2a: Chansey|53/100 par\n|-unboost|p2a: Chansey|spa|1\n|-unboost|p2a: Chansey|spd|1\n|move|p2a: Chansey|Seismic Toss|p1a: Starmie\n|-damage|p1a: Starmie|57/100\n|\n|upkeep\n|turn|109\n|\n|t:|1738509913\n|move|p1a: Starmie|Psychic|p2a: Chansey\n|-crit|p2a: Chansey\n|-damage|p2a: Chansey|24/100 par\n|-unboost|p2a: Chansey|spa|1\n|-unboost|p2a: Chansey|spd|1\n|move|p2a: Chansey|Soft-Boiled|p2a: Chansey\n|-heal|p2a: Chansey|74/100 par\n|\n|upkeep\n|turn|110\n|inactive|Sceptross has 150 seconds left.\n|\n|t:|1738509934\n|move|p1a: Starmie|Psychic|p2a: Chansey\n|-crit|p2a: Chansey\n|-damage|p2a: Chansey|44/100 par\n|move|p2a: Chansey|Thunder Wave|p1a: Starmie\n|-status|p1a: Starmie|par\n|\n|upkeep\n|turn|111\n|\n|t:|1738509939\n|move|p1a: Starmie|Recover|p1a: Starmie\n|-heal|p1a: Starmie|100/100 par\n|cant|p2a: Chansey|par\n|\n|upkeep\n|turn|112\n|\n|t:|1738509947\n|switch|p1a: Rhydon|Rhydon|3/100\n|move|p2a: Chansey|Soft-Boiled|p2a: Chansey\n|-heal|p2a: Chansey|94/100 par\n|\n|upkeep\n|turn|113\n|\n|t:|1738509951\n|switch|p1a: Starmie|Starmie|100/100 par\n|cant|p2a: Chansey|par\n|\n|upkeep\n|turn|114\n|\n|t:|1738509957\n|move|p1a: Starmie|Psychic|p2a: Chansey\n|-crit|p2a: Chansey\n|-damage|p2a: Chansey|65/100 par\n|move|p2a: Chansey|Soft-Boiled|p2a: Chansey\n|-heal|p2a: Chansey|100/100 par\n|\n|upkeep\n|turn|115\n|\n|t:|1738509962\n|move|p1a: Starmie|Blizzard|p2a: Chansey\n|-crit|p2a: Chansey\n|-damage|p2a: Chansey|75/100 par\n|move|p2a: Chansey|Seismic Toss|p1a: Starmie\n|-damage|p1a: Starmie|70/100 par\n|\n|upkeep\n|turn|116\n|\n|t:|1738509971\n|move|p1a: Starmie|Psychic|p2a: Chansey\n|-damage|p2a: Chansey|47/100 par\n|cant|p2a: Chansey|par\n|\n|upkeep\n|turn|117\n|\n|t:|1738509975\n|move|p1a: Starmie|Psychic|p2a: Chansey\n|-crit|p2a: Chansey\n|-damage|p2a: Chansey|17/100 par\n|-unboost|p2a: Chansey|spa|1\n|-unboost|p2a: Chansey|spd|1\n|move|p2a: Chansey|Soft-Boiled|p2a: Chansey\n|-heal|p2a: Chansey|67/100 par\n|\n|upkeep\n|turn|118\n|\n|t:|1738509980\n|move|p1a: Starmie|Blizzard|p2a: Chansey\n|-damage|p2a: Chansey|35/100 par\n|move|p2a: Chansey|Soft-Boiled|p2a: Chansey\n|-heal|p2a: Chansey|85/100 par\n|\n|upkeep\n|turn|119\n|\n|t:|1738509988\n|cant|p1a: Starmie|par\n|cant|p2a: Chansey|par\n|\n|upkeep\n|turn|120\n|\n|t:|1738509991\n|move|p1a: Starmie|Blizzard|p2a: Chansey\n|-crit|p2a: Chansey\n|-damage|p2a: Chansey|59/100 par\n|move|p2a: Chansey|Seismic Toss|p1a: Starmie\n|-damage|p1a: Starmie|39/100 par\n|\n|upkeep\n|turn|121\n|\n|t:|1738509994\n|switch|p2a: Tauros|Tauros|47/100\n|move|p1a: Starmie|Recover|p1a: Starmie\n|-heal|p1a: Starmie|88/100 par\n|\n|upkeep\n|turn|122\n|inactive|Sceptross has 240 seconds left.\n|\n|t:|1738510003\n|switch|p2a: Chansey|Chansey|59/100 par\n|move|p1a: Starmie|Thunder Wave|p2a: Chansey\n|-fail|p2a: Chansey|par\n|\n|upkeep\n|turn|123\n|\n|t:|1738510012\n|move|p1a: Starmie|Psychic|p2a: Chansey\n|-damage|p2a: Chansey|45/100 par\n|move|p2a: Chansey|Seismic Toss|p1a: Starmie\n|-damage|p1a: Starmie|57/100 par\n|\n|upkeep\n|turn|124\n|\n|t:|1738510015\n|move|p1a: Starmie|Recover|p1a: Starmie\n|-heal|p1a: Starmie|100/100 par\n|cant|p2a: Chansey|par\n|\n|upkeep\n|turn|125\n|\n|t:|1738510019\n|cant|p1a: Starmie|par\n|cant|p2a: Chansey|par\n|\n|upkeep\n|turn|126\n|\n|t:|1738510021\n|move|p1a: Starmie|Psychic|p2a: Chansey\n|-damage|p2a: Chansey|32/100 par\n|move|p2a: Chansey|Seismic Toss|p1a: Starmie\n|-damage|p1a: Starmie|70/100 par\n|\n|upkeep\n|turn|127\n|\n|t:|1738510023\n|move|p1a: Starmie|Recover|p1a: Starmie\n|-heal|p1a: Starmie|100/100 par\n|cant|p2a: Chansey|par\n|\n|upkeep\n|turn|128\n|\n|t:|1738510030\n|cant|p1a: Starmie|par\n|move|p2a: Chansey|Soft-Boiled|p2a: Chansey\n|-heal|p2a: Chansey|82/100 par\n|\n|upkeep\n|turn|129\n|\n|t:|1738510038\n|move|p1a: Starmie|Psychic|p2a: Chansey\n|-damage|p2a: Chansey|66/100 par\n|cant|p2a: Chansey|par\n|\n|upkeep\n|turn|130\n|\n|t:|1738510047\n|cant|p1a: Starmie|par\n|cant|p2a: Chansey|par\n|\n|upkeep\n|turn|131\n|\n|t:|1738510051\n|move|p1a: Starmie|Psychic|p2a: Chansey\n|-damage|p2a: Chansey|51/100 par\n|cant|p2a: Chansey|par\n|\n|upkeep\n|turn|132\n|\n|t:|1738510055\n|move|p1a: Starmie|Psychic|p2a: Chansey\n|-damage|p2a: Chansey|35/100 par\n|-unboost|p2a: Chansey|spa|1\n|-unboost|p2a: Chansey|spd|1\n|move|p2a: Chansey|Soft-Boiled|p2a: Chansey\n|-heal|p2a: Chansey|85/100 par\n|\n|upkeep\n|turn|133\n|\n|t:|1738510062\n|switch|p1a: Chansey|Chansey|80/100 par\n|move|p2a: Chansey|Thunder Wave|p1a: Chansey\n|-fail|p1a: Chansey|par\n|\n|upkeep\n|turn|134\n|\n|t:|1738510071\n|cant|p1a: Chansey|par\n|move|p2a: Chansey|Sing|p1a: Chansey|[miss]\n|-miss|p2a: Chansey\n|\n|upkeep\n|turn|135\n|\n|t:|1738510077\n|cant|p1a: Chansey|par\n|move|p2a: Chansey|Seismic Toss|p1a: Chansey\n|-damage|p1a: Chansey|66/100 par\n|\n|upkeep\n|turn|136\n|\n|t:|1738510084\n|cant|p1a: Chansey|par\n|move|p2a: Chansey|Seismic Toss|p1a: Chansey\n|-damage|p1a: Chansey|52/100 par\n|\n|upkeep\n|turn|137\n|\n|t:|1738510091\n|switch|p2a: Tauros|Tauros|47/100\n|cant|p1a: Chansey|par\n|\n|upkeep\n|turn|138\n|\n|t:|1738510121\n|switch|p1a: Tauros|Tauros|70/100 slp\n|move|p2a: Tauros|Body Slam|p1a: Tauros\n|-damage|p1a: Tauros|40/100 slp\n|\n|upkeep\n|turn|139\n|\n|t:|1738510131\n|cant|p1a: Tauros|slp\n|move|p2a: Tauros|Hyper Beam|p1a: Tauros\n|-crit|p1a: Tauros\n|-damage|p1a: Tauros|0 fnt\n|faint|p1a: Tauros\n|\n|t:|1738510137\n|switch|p1a: Starmie|Starmie|100/100 par\n|turn|140\n|\n|t:|1738510139\n|switch|p2a: Chansey|Chansey|85/100 par\n|move|p1a: Starmie|Psychic|p2a: Chansey\n|-damage|p2a: Chansey|71/100 par\n|-unboost|p2a: Chansey|spa|1\n|-unboost|p2a: Chansey|spd|1\n|\n|upkeep\n|turn|141\n|\n|t:|1738510147\n|cant|p1a: Starmie|par\n|move|p2a: Chansey|Seismic Toss|p1a: Starmie\n|-damage|p1a: Starmie|70/100 par\n|\n|upkeep\n|turn|142\n|\n|t:|1738510150\n|cant|p1a: Starmie|par\n|cant|p2a: Chansey|par\n|\n|upkeep\n|turn|143\n|\n|t:|1738510153\n|move|p1a: Starmie|Recover|p1a: Starmie\n|-heal|p1a: Starmie|100/100 par\n|move|p2a: Chansey|Seismic Toss|p1a: Starmie\n|-damage|p1a: Starmie|70/100 par\n|\n|upkeep\n|turn|144\n|\n|t:|1738510157\n|move|p1a: Starmie|Recover|p1a: Starmie\n|-heal|p1a: Starmie|100/100 par\n|move|p2a: Chansey|Thunder Wave|p1a: Starmie\n|-fail|p1a: Starmie|par\n|\n|upkeep\n|turn|145\n|\n|t:|1738510165\n|cant|p1a: Starmie|par\n|move|p2a: Chansey|Thunder Wave|p1a: Starmie\n|-fail|p1a: Starmie|par\n|\n|upkeep\n|turn|146\n|\n|t:|1738510167\n|switch|p1a: Chansey|Chansey|52/100 par\n|move|p2a: Chansey|Sing|p1a: Chansey\n|-fail|p1a: Chansey\n|\n|upkeep\n|turn|147\n|\n|t:|1738510172\n|switch|p2a: Tauros|Tauros|47/100\n|cant|p1a: Chansey|par\n|\n|upkeep\n|turn|148\n|\n|t:|1738510185\n|move|p2a: Tauros|Hyper Beam|p1a: Chansey\n|-crit|p1a: Chansey\n|-damage|p1a: Chansey|0 fnt\n|faint|p1a: Chansey\n|\n|t:|1738510189\n|switch|p1a: Starmie|Starmie|100/100 par\n|turn|149\n|\n|t:|1738510213\n|move|p2a: Tauros|Body Slam|p1a: Starmie\n|-damage|p1a: Starmie|65/100 par\n|move|p1a: Starmie|Psychic|p2a: Tauros\n|-damage|p2a: Tauros|12/100\n|-unboost|p2a: Tauros|spa|1\n|-unboost|p2a: Tauros|spd|1\n|\n|upkeep\n|turn|150\n|inactive|Sceptross has 270 seconds left.\n|\n|t:|1738510247\n|switch|p2a: Chansey|Chansey|71/100 par\n|cant|p1a: Starmie|par\n|\n|upkeep\n|turn|151\n|\n|t:|1738510256\n|move|p1a: Starmie|Recover|p1a: Starmie\n|-heal|p1a: Starmie|100/100 par\n|cant|p2a: Chansey|par\n|\n|upkeep\n|turn|152\n|inactive|Sceptross has 270 seconds left.\n|inactive|Sceptross has 240 seconds left.\n|\n|t:|1738510300\n|move|p1a: Starmie|Thunder Wave|p2a: Chansey\n|-fail|p2a: Chansey|par\n|cant|p2a: Chansey|par\n|\n|upkeep\n|turn|153\n|\n|t:|1738510302\n|move|p1a: Starmie|Thunder Wave|p2a: Chansey\n|-fail|p2a: Chansey|par\n|cant|p2a: Chansey|par\n|\n|upkeep\n|turn|154\n|\n|t:|1738510304\n|move|p1a: Starmie|Thunder Wave|p2a: Chansey\n|-fail|p2a: Chansey|par\n|move|p2a: Chansey|Thunder Wave|p1a: Starmie\n|-fail|p1a: Starmie|par\n|\n|upkeep\n|turn|155\n|\n|t:|1738510306\n|cant|p1a: Starmie|par\n|move|p2a: Chansey|Thunder Wave|p1a: Starmie\n|-fail|p1a: Starmie|par\n|\n|upkeep\n|turn|156\n|\n|t:|1738510310\n|move|p1a: Starmie|Recover|p1a: Starmie\n|-fail|p1a: Starmie\n|cant|p2a: Chansey|par\n|\n|upkeep\n|turn|157\n|\n|t:|1738510313\n|move|p1a: Starmie|Recover|p1a: Starmie\n|-fail|p1a: Starmie\n|cant|p2a: Chansey|par\n|\n|upkeep\n|turn|158\n|\n|t:|1738510314\n|move|p1a: Starmie|Thunder Wave|p2a: Chansey\n|-fail|p2a: Chansey|par\n|cant|p2a: Chansey|par\n|\n|upkeep\n|turn|159\n|\n|t:|1738510316\n|move|p1a: Starmie|Thunder Wave|p2a: Chansey\n|-fail|p2a: Chansey|par\n|move|p2a: Chansey|Thunder Wave|p1a: Starmie\n|-fail|p1a: Starmie|par\n|\n|upkeep\n|turn|160\n|\n|t:|1738510324\n|move|p1a: Starmie|Recover|p1a: Starmie\n|-fail|p1a: Starmie\n|cant|p2a: Chansey|par\n|\n|upkeep\n|turn|161\n|\n|t:|1738510327\n|move|p1a: Starmie|Recover|p1a: Starmie\n|-fail|p1a: Starmie\n|move|p2a: Chansey|Thunder Wave|p1a: Starmie\n|-fail|p1a: Starmie|par\n|\n|upkeep\n|turn|162\n|\n|t:|1738510331\n|move|p1a: Starmie|Thunder Wave|p2a: Chansey\n|-fail|p2a: Chansey|par\n|move|p2a: Chansey|Thunder Wave|p1a: Starmie\n|-fail|p1a: Starmie|par\n|\n|upkeep\n|turn|163\n|\n|t:|1738510333\n|move|p1a: Starmie|Recover|p1a: Starmie\n|-fail|p1a: Starmie\n|move|p2a: Chansey|Thunder Wave|p1a: Starmie\n|-fail|p1a: Starmie|par\n|\n|upkeep\n|turn|164\n|\n|t:|1738510335\n|move|p1a: Starmie|Thunder Wave|p2a: Chansey\n|-fail|p2a: Chansey|par\n|move|p2a: Chansey|Thunder Wave|p1a: Starmie\n|-fail|p1a: Starmie|par\n|\n|upkeep\n|turn|165\n|\n|t:|1738510338\n|move|p1a: Starmie|Thunder Wave|p2a: Chansey\n|-fail|p2a: Chansey|par\n|move|p2a: Chansey|Thunder Wave|p1a: Starmie\n|-fail|p1a: Starmie|par\n|\n|upkeep\n|turn|166\n|\n|t:|1738510344\n|move|p1a: Starmie|Thunder Wave|p2a: Chansey\n|-fail|p2a: Chansey|par\n|move|p2a: Chansey|Thunder Wave|p1a: Starmie\n|-fail|p1a: Starmie|par\n|\n|upkeep\n|turn|167\n|\n|t:|1738510349\n|move|p1a: Starmie|Thunder Wave|p2a: Chansey\n|-fail|p2a: Chansey|par\n|move|p2a: Chansey|Thunder Wave|p1a: Starmie\n|-fail|p1a: Starmie|par\n|\n|upkeep\n|turn|168\n|\n|t:|1738510356\n|move|p1a: Starmie|Thunder Wave|p2a: Chansey\n|-fail|p2a: Chansey|par\n|move|p2a: Chansey|Thunder Wave|p1a: Starmie\n|-fail|p1a: Starmie|par\n|\n|upkeep\n|turn|169\n|\n|t:|1738510359\n|move|p1a: Starmie|Thunder Wave|p2a: Chansey\n|-fail|p2a: Chansey|par\n|cant|p2a: Chansey|par\n|\n|upkeep\n|turn|170\n|\n|t:|1738510365\n|move|p1a: Starmie|Thunder Wave|p2a: Chansey\n|-fail|p2a: Chansey|par\n|move|p2a: Chansey|Thunder Wave|p1a: Starmie\n|-fail|p1a: Starmie|par\n|\n|upkeep\n|turn|171\n|\n|t:|1738510369\n|move|p1a: Starmie|Thunder Wave|p2a: Chansey\n|-fail|p2a: Chansey|par\n|cant|p2a: Chansey|par\n|\n|upkeep\n|turn|172\n|\n|t:|1738510375\n|move|p1a: Starmie|Thunder Wave|p2a: Chansey\n|-fail|p2a: Chansey|par\n|move|p2a: Chansey|Thunder Wave|p1a: Starmie\n|-fail|p1a: Starmie|par\n|\n|upkeep\n|turn|173\n|\n|t:|1738510391\n|cant|p1a: Starmie|par\n|move|p2a: Chansey|Thunder Wave|p1a: Starmie\n|-fail|p1a: Starmie|par\n|\n|upkeep\n|turn|174\n|\n|t:|1738510400\n|move|p1a: Starmie|Thunder Wave|p2a: Chansey\n|-fail|p2a: Chansey|par\n|move|p2a: Chansey|Thunder Wave|p1a: Starmie\n|-fail|p1a: Starmie|par\n|\n|upkeep\n|turn|175\n|\n|t:|1738510404\n|move|p1a: Starmie|Thunder Wave|p2a: Chansey\n|-fail|p2a: Chansey|par\n|move|p2a: Chansey|Thunder Wave|p1a: Starmie\n|-fail|p1a: Starmie|par\n|\n|upkeep\n|turn|176\n|\n|t:|1738510407\n|move|p1a: Starmie|Thunder Wave|p2a: Chansey\n|-fail|p2a: Chansey|par\n|move|p2a: Chansey|Thunder Wave|p1a: Starmie\n|-fail|p1a: Starmie|par\n|\n|upkeep\n|turn|177\n|\n|t:|1738510413\n|move|p1a: Starmie|Psychic|p2a: Chansey\n|-damage|p2a: Chansey|56/100 par\n|-unboost|p2a: Chansey|spa|1\n|-unboost|p2a: Chansey|spd|1\n|move|p2a: Chansey|Thunder Wave|p1a: Starmie\n|-fail|p1a: Starmie|par\n|\n|upkeep\n|turn|178\n|\n|t:|1738510418\n|move|p1a: Starmie|Thunder Wave|p2a: Chansey\n|-fail|p2a: Chansey|par\n|move|p2a: Chansey|Soft-Boiled|p2a: Chansey\n|-heal|p2a: Chansey|100/100 par\n|\n|upkeep\n|turn|179\n|\n|t:|1738510425\n|move|p1a: Starmie|Thunder Wave|p2a: Chansey\n|-fail|p2a: Chansey|par\n|move|p2a: Chansey|Thunder Wave|p1a: Starmie\n|-fail|p1a: Starmie|par\n|\n|upkeep\n|turn|180\n|\n|t:|1738510449\n|move|p1a: Starmie|Recover|p1a: Starmie\n|-fail|p1a: Starmie\n|move|p2a: Chansey|Sing|p1a: Starmie\n|-fail|p1a: Starmie\n|\n|upkeep\n|turn|181\n|\n|t:|1738510452\n|move|p1a: Starmie|Recover|p1a: Starmie\n|-fail|p1a: Starmie\n|move|p2a: Chansey|Sing|p1a: Starmie\n|-fail|p1a: Starmie\n|\n|upkeep\n|turn|182\n|\n|t:|1738510455\n|cant|p1a: Starmie|par\n|move|p2a: Chansey|Sing|p1a: Starmie|[miss]\n|-miss|p2a: Chansey\n|\n|upkeep\n|turn|183\n|\n|t:|1738510459\n|move|p1a: Starmie|Thunder Wave|p2a: Chansey\n|-fail|p2a: Chansey|par\n|move|p2a: Chansey|Sing|p1a: Starmie|[miss]\n|-miss|p2a: Chansey\n|\n|upkeep\n|turn|184\n|\n|t:|1738510462\n|cant|p1a: Starmie|par\n|move|p2a: Chansey|Sing|p1a: Starmie\n|-fail|p1a: Starmie\n|\n|upkeep\n|turn|185\n|\n|t:|1738510468\n|move|p1a: Starmie|Thunder Wave|p2a: Chansey\n|-fail|p2a: Chansey|par\n|move|p2a: Chansey|Sing|p1a: Starmie|[miss]\n|-miss|p2a: Chansey\n|\n|upkeep\n|turn|186\n|\n|t:|1738510474\n|cant|p1a: Starmie|par\n|move|p2a: Chansey|Sing|p1a: Starmie\n|-fail|p1a: Starmie\n|\n|upkeep\n|turn|187\n|\n|t:|1738510478\n|move|p1a: Starmie|Thunder Wave|p2a: Chansey\n|-fail|p2a: Chansey|par\n|cant|p2a: Chansey|par\n|\n|upkeep\n|turn|188\n|\n|t:|1738510484\n|move|p1a: Starmie|Thunder Wave|p2a: Chansey\n|-fail|p2a: Chansey|par\n|move|p2a: Chansey|Sing|p1a: Starmie|[miss]\n|-miss|p2a: Chansey\n|\n|upkeep\n|turn|189\n|\n|t:|1738510489\n|move|p1a: Starmie|Recover|p1a: Starmie\n|-fail|p1a: Starmie\n|move|p2a: Chansey|Sing|p1a: Starmie|[miss]\n|-miss|p2a: Chansey\n|\n|upkeep\n|turn|190\n|\n|t:|1738510495\n|move|p1a: Starmie|Blizzard|p2a: Chansey\n|-damage|p2a: Chansey|80/100 par\n|cant|p2a: Chansey|par\n|\n|upkeep\n|turn|191\n|\n|t:|1738510500\n|move|p1a: Starmie|Recover|p1a: Starmie\n|-fail|p1a: Starmie\n|move|p2a: Chansey|Sing|p1a: Starmie\n|-fail|p1a: Starmie\n|\n|upkeep\n|turn|192\n|\n|t:|1738510505\n|move|p1a: Starmie|Thunder Wave|p2a: Chansey\n|-fail|p2a: Chansey|par\n|cant|p2a: Chansey|par\n|\n|upkeep\n|turn|193\n|\n|t:|1738510508\n|move|p1a: Starmie|Thunder Wave|p2a: Chansey\n|-fail|p2a: Chansey|par\n|move|p2a: Chansey|Sing|p1a: Starmie|[miss]\n|-miss|p2a: Chansey\n|\n|upkeep\n|turn|194\n|\n|t:|1738510512\n|switch|p2a: Tauros|Tauros|12/100\n|move|p1a: Starmie|Blizzard|p2a: Tauros\n|-damage|p2a: Tauros|0 fnt\n|faint|p2a: Tauros\n|\n|t:|1738510516\n|switch|p2a: Chansey|Chansey|80/100 par\n|turn|195\n|\n|t:|1738510534\n|move|p1a: Starmie|Thunder Wave|p2a: Chansey\n|-fail|p2a: Chansey|par\n|move|p2a: Chansey|Sing|p1a: Starmie\n|-fail|p1a: Starmie\n|\n|upkeep\n|turn|196\n|\n|t:|1738510536\n|move|p1a: Starmie|Thunder Wave|p2a: Chansey\n|-fail|p2a: Chansey|par\n|cant|p2a: Chansey|par\n|\n|upkeep\n|turn|197\n|\n|t:|1738510538\n|move|p1a: Starmie|Thunder Wave|p2a: Chansey\n|-fail|p2a: Chansey|par\n|cant|p2a: Chansey|par\n|\n|upkeep\n|turn|198\n|\n|t:|1738510547\n|move|p1a: Starmie|Psychic|p2a: Chansey\n|-crit|p2a: Chansey\n|-damage|p2a: Chansey|51/100 par\n|-unboost|p2a: Chansey|spa|1\n|-unboost|p2a: Chansey|spd|1\n|cant|p2a: Chansey|par\n|\n|upkeep\n|turn|199\n|\n|t:|1738510564\n|move|p1a: Starmie|Blizzard|p2a: Chansey\n|-damage|p2a: Chansey|32/100 par\n|move|p2a: Chansey|Soft-Boiled|p2a: Chansey\n|-heal|p2a: Chansey|81/100 par\n|\n|upkeep\n|turn|200\n|\n|t:|1738510572\n|move|p1a: Starmie|Psychic|p2a: Chansey\n|-crit|p2a: Chansey\n|-damage|p2a: Chansey|53/100 par\n|-unboost|p2a: Chansey|spa|1\n|-unboost|p2a: Chansey|spd|1\n|move|p2a: Chansey|Seismic Toss|p1a: Starmie\n|-damage|p1a: Starmie|70/100 par\n|\n|upkeep\n|turn|201\n|\n|t:|1738510575\n|move|p1a: Starmie|Recover|p1a: Starmie\n|-heal|p1a: Starmie|100/100 par\n|move|p2a: Chansey|Soft-Boiled|p2a: Chansey\n|-heal|p2a: Chansey|100/100 par\n|\n|upkeep\n|turn|202\n|\n|t:|1738510582\n|cant|p1a: Starmie|par\n|move|p2a: Chansey|Seismic Toss|p1a: Starmie\n|-damage|p1a: Starmie|70/100 par\n|\n|upkeep\n|turn|203\n|\n|t:|1738510584\n|cant|p1a: Starmie|par\n|move|p2a: Chansey|Seismic Toss|p1a: Starmie\n|-damage|p1a: Starmie|39/100 par\n|\n|upkeep\n|turn|204\n|\n|t:|1738510586\n|move|p1a: Starmie|Recover|p1a: Starmie\n|-heal|p1a: Starmie|88/100 par\n|move|p2a: Chansey|Seismic Toss|p1a: Starmie\n|-damage|p1a: Starmie|57/100 par\n|\n|upkeep\n|turn|205\n|\n|t:|1738510591\n|move|p1a: Starmie|Recover|p1a: Starmie\n|-heal|p1a: Starmie|100/100 par\n|move|p2a: Chansey|Sing|p1a: Starmie\n|-fail|p1a: Starmie\n|\n|upkeep\n|turn|206\n|\n|t:|1738510596\n|move|p1a: Starmie|Blizzard|p2a: Chansey\n|-crit|p2a: Chansey\n|-damage|p2a: Chansey|77/100 par\n|move|p2a: Chansey|Sing|p1a: Starmie\n|-fail|p1a: Starmie\n|\n|upkeep\n|turn|207\n|\n|t:|1738510602\n|move|p1a: Starmie|Blizzard|p2a: Chansey\n|-damage|p2a: Chansey|52/100 par\n|move|p2a: Chansey|Sing|p1a: Starmie\n|-fail|p1a: Starmie\n|\n|upkeep\n|turn|208\n|\n|t:|1738510606\n|move|p1a: Starmie|Thunder Wave|p2a: Chansey\n|-fail|p2a: Chansey|par\n|move|p2a: Chansey|Sing|p1a: Starmie\n|-fail|p1a: Starmie\n|\n|upkeep\n|turn|209\n|\n|t:|1738510609\n|move|p1a: Starmie|Thunder Wave|p2a: Chansey\n|-fail|p2a: Chansey|par\n|move|p2a: Chansey|Seismic Toss|p1a: Starmie\n|-damage|p1a: Starmie|70/100 par\n|\n|upkeep\n|turn|210\n|\n|t:|1738510611\n|cant|p1a: Starmie|par\n|move|p2a: Chansey|Seismic Toss|p1a: Starmie\n|-damage|p1a: Starmie|39/100 par\n|\n|upkeep\n|turn|211\n|\n|t:|1738510613\n|cant|p1a: Starmie|par\n|move|p2a: Chansey|Seismic Toss|p1a: Starmie\n|-damage|p1a: Starmie|8/100 par\n|\n|upkeep\n|turn|212\n|\n|t:|1738510616\n|cant|p1a: Starmie|par\n|cant|p2a: Chansey|par\n|\n|upkeep\n|turn|213\n|\n|t:|1738510620\n|move|p1a: Starmie|Recover|p1a: Starmie\n|-heal|p1a: Starmie|57/100 par\n|move|p2a: Chansey|Struggle|p1a: Starmie\n|-damage|p1a: Starmie|50/100 par\n|-damage|p2a: Chansey|50/100 par|[from] Recoil|[of] p1a: Starmie\n|\n|upkeep\n|turn|214\n|\n|t:|1738510623\n|move|p1a: Starmie|Recover|p1a: Starmie\n|-heal|p1a: Starmie|99/100 par\n|move|p2a: Chansey|Struggle|p1a: Starmie\n|-damage|p1a: Starmie|92/100 par\n|-damage|p2a: Chansey|48/100 par|[from] Recoil|[of] p1a: Starmie\n|\n|upkeep\n|turn|215\n|c|☆chuva de perereca|gg\n|c|☆chuva de perereca|s\n|c|☆Sceptross|ggs man\n|-message|chuva de perereca forfeited.\n|\n|win|Sceptross\n|player|p2|\n","uploadtime":1738510627,"views":"2039","formatid":"gen1ou","rating":null,"private":0,"password":null}