{"id":"smogtours-gen1ou-959749","format":"[Gen 1] OU","players":["marcoasd","BlazingDark"],"log":"|inactive|Battle timer is ON: inactive players will automatically lose when time's up.\n|t:|1785172888\n|gametype|singles\n|player|p1|marcoasd|265|\n|player|p2|BlazingDark|blue-gen1|\n|gen|1\n|tier|[Gen 1] OU\n|rule|Desync Clause Mod: Desyncs resolve to link battle behavior from the acting player's perspective.\n|rule|HP Percentage Mod: HP is shown in percentages\n|rule|Endless Battle Clause: Forcing endless battles is banned\n|rule|Sleep Clause Mod: Limit one foe put to sleep\n|rule|Freeze Clause Mod: Limit one foe frozen\n|rule|Species Clause: Limit one of each Pokémon\n|rule|OHKO Clause: OHKO moves are banned\n|rule|Evasion Moves Clause: Evasion moves are banned\n|\n|t:|1785172888\n|teamsize|p1|6\n|teamsize|p2|6\n|start\n|switch|p1a: Alakazam|Alakazam|100/100\n|switch|p2a: Tauros|Tauros|100/100\n|turn|1\n|inactive|BlazingDark also wants the timer to be on.\n|c|☆BlazingDark|hf\n|inactive|marcoasd has 270 seconds left.\n|c|☆marcoasd|u2\n|\n|t:|1785172926\n|move|p1a: Alakazam|Psychic|p2a: Tauros\n|-damage|p2a: Tauros|54/100\n|-unboost|p2a: Tauros|spa|1\n|-unboost|p2a: Tauros|spd|1\n|move|p2a: Tauros|Body Slam|p1a: Alakazam\n|-damage|p1a: Alakazam|48/100\n|\n|upkeep\n|turn|2\n|inactive|BlazingDark has 270 seconds left.\n|inactive|BlazingDark has 240 seconds left.\n|\n|t:|1785172988\n|switch|p1a: Exeggutor|Exeggutor|100/100\n|switch|p2a: Exeggutor|Exeggutor|100/100\n|\n|upkeep\n|turn|3\n|\n|t:|1785172994\n|move|p1a: Exeggutor|Sleep Powder|p2a: Exeggutor\n|-status|p2a: Exeggutor|slp|[from] move: Sleep Powder\n|cant|p2a: Exeggutor|slp\n|\n|upkeep\n|turn|4\n|\n|t:|1785173015\n|switch|p1a: Chansey|Chansey|100/100\n|cant|p2a: Exeggutor|slp\n|\n|upkeep\n|turn|5\n|\n|t:|1785173023\n|cant|p2a: Exeggutor|slp\n|move|p1a: Chansey|Ice Beam|p2a: Exeggutor\n|-supereffective|p2a: Exeggutor\n|-damage|p2a: Exeggutor|67/100 slp\n|\n|upkeep\n|turn|6\n|\n|t:|1785173029\n|switch|p2a: Cloyster|Cloyster|100/100\n|move|p1a: Chansey|Ice Beam|p2a: Cloyster\n|-resisted|p2a: Cloyster\n|-damage|p2a: Cloyster|93/100\n|\n|upkeep\n|turn|7\n|\n|t:|1785173034\n|move|p2a: Cloyster|Clamp|p1a: Chansey\n|-damage|p1a: Chansey|95/100\n|cant|p1a: Chansey|partiallytrapped\n|\n|upkeep\n|turn|8\n|\n|t:|1785173037\n|switch|p1a: Cloyster|Cloyster|100/100\n|move|p2a: Cloyster|Clamp|p1a: Cloyster|[miss]\n|-miss|p2a: Cloyster\n|\n|upkeep\n|turn|9\n|\n|t:|1785173040\n|move|p1a: Cloyster|Clamp|p2a: Cloyster|[miss]\n|-miss|p1a: Cloyster\n|move|p2a: Cloyster|Clamp|p1a: Cloyster\n|-crit|p1a: Cloyster\n|-resisted|p1a: Cloyster\n|-damage|p1a: Cloyster|88/100\n|\n|upkeep\n|turn|10\n|\n|t:|1785173043\n|switch|p1a: Chansey|Chansey|95/100\n|move|p2a: Cloyster|Clamp|p1a: Chansey\n|-crit|p1a: Chansey\n|-damage|p1a: Chansey|86/100\n|\n|upkeep\n|turn|11\n|\n|t:|1785173050\n|switch|p1a: Cloyster|Cloyster|88/100\n|move|p2a: Cloyster|Clamp|p1a: Cloyster\n|-resisted|p1a: Cloyster\n|-damage|p1a: Cloyster|82/100\n|\n|upkeep\n|turn|12\n|\n|t:|1785173052\n|switch|p1a: Alakazam|Alakazam|48/100\n|move|p2a: Cloyster|Clamp|p1a: Alakazam\n|-damage|p1a: Alakazam|38/100\n|\n|upkeep\n|turn|13\n|\n|t:|1785173060\n|switch|p1a: Chansey|Chansey|86/100\n|move|p2a: Cloyster|Clamp|p1a: Chansey\n|-damage|p1a: Chansey|81/100\n|\n|upkeep\n|turn|14\n|\n|t:|1785173064\n|move|p2a: Cloyster|Clamp|p1a: Chansey|[from] Clamp\n|-damage|p1a: Chansey|76/100\n|\n|upkeep\n|turn|15\n|\n|t:|1785173068\n|move|p2a: Cloyster|Clamp|p1a: Chansey|[from] Clamp\n|-damage|p1a: Chansey|71/100\n|\n|upkeep\n|turn|16\n|\n|t:|1785173073\n|move|p2a: Cloyster|Clamp|p1a: Chansey\n|-damage|p1a: Chansey|66/100\n|cant|p1a: Chansey|partiallytrapped\n|\n|upkeep\n|turn|17\n|\n|t:|1785173076\n|switch|p1a: Cloyster|Cloyster|82/100\n|move|p2a: Cloyster|Clamp|p1a: Cloyster\n|-resisted|p1a: Cloyster\n|-damage|p1a: Cloyster|74/100\n|\n|upkeep\n|turn|18\n|\n|t:|1785173083\n|switch|p1a: Alakazam|Alakazam|38/100\n|move|p2a: Cloyster|Clamp|p1a: Alakazam\n|-crit|p1a: Alakazam\n|-damage|p1a: Alakazam|21/100\n|\n|upkeep\n|turn|19\n|\n|t:|1785173094\n|switch|p1a: Cloyster|Cloyster|74/100\n|move|p2a: Cloyster|Clamp|p1a: Cloyster|[miss]\n|-miss|p2a: Cloyster\n|\n|upkeep\n|turn|20\n|\n|t:|1785173099\n|move|p1a: Cloyster|Clamp|p2a: Cloyster\n|-resisted|p2a: Cloyster\n|-damage|p2a: Cloyster|86/100\n|cant|p2a: Cloyster|partiallytrapped\n|\n|upkeep\n|turn|21\n|\n|t:|1785173103\n|switch|p1a: Alakazam|Alakazam|21/100\n|switch|p2a: Exeggutor|Exeggutor|67/100 slp\n|\n|upkeep\n|turn|22\n|\n|t:|1785173122\n|move|p1a: Alakazam|Seismic Toss|p2a: Exeggutor\n|-damage|p2a: Exeggutor|42/100 slp\n|cant|p2a: Exeggutor|slp\n|\n|upkeep\n|turn|23\n|inactive|marcoasd has 270 seconds left.\n|\n|t:|1785173166\n|switch|p2a: Starmie|Starmie|100/100\n|move|p1a: Alakazam|Seismic Toss|p2a: Starmie\n|-damage|p2a: Starmie|70/100\n|\n|upkeep\n|turn|24\n|\n|t:|1785173176\n|switch|p1a: Chansey|Chansey|66/100\n|move|p2a: Starmie|Blizzard|p1a: Chansey\n|-damage|p1a: Chansey|53/100\n|\n|upkeep\n|turn|25\n|\n|t:|1785173182\n|move|p2a: Starmie|Thunder Wave|p1a: Chansey\n|-status|p1a: Chansey|par\n|cant|p1a: Chansey|par\n|\n|upkeep\n|turn|26\n|inactive|marcoasd has 270 seconds left.\n|\n|t:|1785173187\n|switch|p2a: Tauros|Tauros|54/100\n|cant|p1a: Chansey|par\n|\n|upkeep\n|turn|27\n|\n|t:|1785173194\n|switch|p1a: Snorlax|Snorlax|100/100\n|move|p2a: Tauros|Body Slam|p1a: Snorlax\n|-damage|p1a: Snorlax|74/100\n|\n|upkeep\n|turn|28\n|\n|t:|1785173202\n|move|p2a: Tauros|Body Slam|p1a: Snorlax\n|-damage|p1a: Snorlax|49/100\n|move|p1a: Snorlax|Body Slam|p2a: Tauros\n|-damage|p2a: Tauros|23/100\n|\n|upkeep\n|turn|29\n|\n|t:|1785173211\n|switch|p2a: Cloyster|Cloyster|86/100\n|move|p1a: Snorlax|Body Slam|p2a: Cloyster\n|-damage|p2a: Cloyster|62/100\n|-status|p2a: Cloyster|par\n|\n|upkeep\n|turn|30\n|\n|t:|1785173240\n|move|p1a: Snorlax|Body Slam|p2a: Cloyster\n|-damage|p2a: Cloyster|37/100 par\n|move|p2a: Cloyster|Blizzard|p1a: Snorlax\n|-damage|p1a: Snorlax|15/100\n|-status|p1a: Snorlax|frz\n|\n|upkeep\n|turn|31\n|inactive|marcoasd has 270 seconds left.\n|\n|t:|1785173256\n|switch|p1a: Chansey|Chansey|53/100 par\n|switch|p2a: Starmie|Starmie|70/100\n|\n|upkeep\n|turn|32\n|\n|t:|1785173262\n|switch|p2a: Tauros|Tauros|23/100\n|move|p1a: Chansey|Soft-Boiled|p1a: Chansey\n|-heal|p1a: Chansey|100/100 par\n|\n|upkeep\n|turn|33\n|inactive|marcoasd has 270 seconds left.\n|\n|t:|1785173280\n|move|p2a: Tauros|Body Slam|p1a: Chansey\n|-damage|p1a: Chansey|63/100 par\n|cant|p1a: Chansey|par\n|\n|upkeep\n|turn|34\n|\n|t:|1785173285\n|switch|p1a: Snorlax|Snorlax|15/100 frz\n|move|p2a: Tauros|Body Slam|p1a: Snorlax\n|-damage|p1a: Snorlax|0 fnt\n|faint|p1a: Snorlax\n|inactive|marcoasd has 270 seconds left.\n|\n|t:|1785173313\n|switch|p1a: Tauros|Tauros|100/100\n|turn|35\n|\n|t:|1785173328\n|switch|p2a: Cloyster|Cloyster|37/100 par\n|move|p1a: Tauros|Body Slam|p2a: Cloyster\n|-damage|p2a: Cloyster|17/100 par\n|\n|upkeep\n|turn|36\n|\n|t:|1785173335\n|move|p1a: Tauros|Body Slam|p2a: Cloyster\n|-damage|p2a: Cloyster|0 fnt\n|faint|p2a: Cloyster\n|\n|t:|1785173338\n|switch|p2a: Starmie|Starmie|70/100\n|turn|37\n|inactive|marcoasd has 270 seconds left.\n|\n|t:|1785173374\n|switch|p1a: Chansey|Chansey|63/100 par\n|move|p2a: Starmie|Psychic|p1a: Chansey\n|-damage|p1a: Chansey|48/100 par\n|\n|upkeep\n|turn|38\n|\n|t:|1785173382\n|switch|p2a: Tauros|Tauros|23/100\n|move|p1a: Chansey|Soft-Boiled|p1a: Chansey\n|-heal|p1a: Chansey|98/100 par\n|\n|upkeep\n|turn|39\n|\n|t:|1785173405\n|move|p2a: Tauros|Hyper Beam|p1a: Chansey\n|-damage|p1a: Chansey|34/100 par\n|-mustrecharge|p2a: Tauros\n|cant|p1a: Chansey|par\n|\n|upkeep\n|turn|40\n|\n|t:|1785173414\n|cant|p2a: Tauros|recharge\n|move|p1a: Chansey|Ice Beam|p2a: Tauros\n|-crit|p2a: Tauros\n|-damage|p2a: Tauros|0 fnt\n|faint|p2a: Tauros\n|\n|t:|1785173429\n|switch|p2a: Dragonite|Dragonite|100/100\n|turn|41\n|inactive|marcoasd has 270 seconds left.\n|\n|t:|1785173438\n|move|p2a: Dragonite|Wrap|p1a: Chansey\n|-damage|p1a: Chansey|28/100 par\n|cant|p1a: Chansey|partiallytrapped\n|\n|upkeep\n|turn|42\n|inactive|marcoasd has 270 seconds left.\n|inactive|marcoasd has 240 seconds left.\n|\n|t:|1785173496\n|switch|p1a: Alakazam|Alakazam|21/100\n|move|p2a: Dragonite|Wrap|p1a: Alakazam\n|-damage|p1a: Alakazam|14/100\n|\n|upkeep\n|turn|43\n|\n|t:|1785173508\n|switch|p1a: Cloyster|Cloyster|74/100\n|move|p2a: Dragonite|Wrap|p1a: Cloyster\n|-damage|p1a: Cloyster|71/100\n|\n|upkeep\n|turn|44\n|inactive|BlazingDark has 270 seconds left.\n|\n|t:|1785173549\n|move|p2a: Dragonite|Wrap|p1a: Cloyster|[from] Wrap\n|-damage|p1a: Cloyster|68/100\n|\n|upkeep\n|turn|45\n|\n|t:|1785173552\n|move|p2a: Dragonite|Wrap|p1a: Cloyster|[from] Wrap\n|-damage|p1a: Cloyster|65/100\n|\n|upkeep\n|turn|46\n|inactive|BlazingDark has 270 seconds left.\n|\n|t:|1785173562\n|switch|p2a: Starmie|Starmie|70/100\n|move|p1a: Cloyster|Blizzard|p2a: Starmie\n|-resisted|p2a: Starmie\n|-damage|p2a: Starmie|51/100\n|\n|upkeep\n|turn|47\n|inactive|marcoasd has 240 seconds left.\n|inactive|BlazingDark has 270 seconds left.\n|\n|t:|1785173605\n|move|p2a: Starmie|Psychic|p1a: Cloyster\n|-damage|p1a: Cloyster|25/100\n|move|p1a: Cloyster|Explosion|p2a: Starmie\n|-damage|p2a: Starmie|0 fnt\n|faint|p2a: Starmie\n|faint|p1a: Cloyster\n|inactive|BlazingDark has 270 seconds left.\n|\n|t:|1785173623\n|switch|p2a: Articuno|Articuno|100/100\n|switch|p1a: Alakazam|Alakazam|14/100\n|turn|48\n|inactive|BlazingDark has 270 seconds left.\n|inactive|marcoasd has 210 seconds left.\n|\n|t:|1785173646\n|move|p1a: Alakazam|Recover|p1a: Alakazam\n|-heal|p1a: Alakazam|63/100\n|move|p2a: Articuno|Ice Beam|p1a: Alakazam\n|-damage|p1a: Alakazam|31/100\n|\n|upkeep\n|turn|49\n|inactive|marcoasd has 210 seconds left.\n|\n|t:|1785173659\n|move|p1a: Alakazam|Recover|p1a: Alakazam\n|-heal|p1a: Alakazam|81/100\n|move|p2a: Articuno|Ice Beam|p1a: Alakazam\n|-damage|p1a: Alakazam|45/100\n|\n|upkeep\n|turn|50\n|inactive|marcoasd has 210 seconds left.\n|\n|t:|1785173667\n|move|p1a: Alakazam|Thunder Wave|p2a: Articuno\n|-status|p2a: Articuno|par\n|move|p2a: Articuno|Ice Beam|p1a: Alakazam\n|-damage|p1a: Alakazam|11/100\n|\n|upkeep\n|turn|51\n|inactive|marcoasd has 210 seconds left.\n|\n|t:|1785173688\n|move|p1a: Alakazam|Recover|p1a: Alakazam\n|-heal|p1a: Alakazam|61/100\n|move|p2a: Articuno|Agility|p2a: Articuno\n|-boost|p2a: Articuno|spe|2\n|\n|upkeep\n|turn|52\n|inactive|marcoasd has 180 seconds left.\n|\n|t:|1785173721\n|move|p2a: Articuno|Ice Beam|p1a: Alakazam\n|-damage|p1a: Alakazam|24/100\n|move|p1a: Alakazam|Recover|p1a: Alakazam\n|-heal|p1a: Alakazam|74/100\n|\n|upkeep\n|turn|53\n|\n|t:|1785173727\n|move|p2a: Articuno|Ice Beam|p1a: Alakazam\n|-damage|p1a: Alakazam|40/100\n|move|p1a: Alakazam|Psychic|p2a: Articuno\n|-damage|p2a: Articuno|70/100 par\n|-unboost|p2a: Articuno|spa|1\n|-unboost|p2a: Articuno|spd|1\n|\n|upkeep\n|turn|54\n|inactive|marcoasd has 180 seconds left.\n|inactive|marcoasd has 150 seconds left.\n|inactive|marcoasd has 120 seconds left.\n|\n|t:|1785173803\n|move|p1a: Alakazam|Psychic|p2a: Articuno\n|-damage|p2a: Articuno|28/100 par\n|cant|p2a: Articuno|par\n|\n|upkeep\n|turn|55\n|\n|t:|1785173809\n|move|p1a: Alakazam|Psychic|p2a: Articuno\n|-crit|p2a: Articuno\n|-damage|p2a: Articuno|0 fnt\n|faint|p2a: Articuno\n|\n|t:|1785173815\n|switch|p2a: Dragonite|Dragonite|100/100\n|turn|56\n|\n|t:|1785173823\n|move|p1a: Alakazam|Thunder Wave|p2a: Dragonite\n|-status|p2a: Dragonite|par\n|move|p2a: Dragonite|Hyper Beam|p1a: Alakazam\n|-damage|p1a: Alakazam|0 fnt\n|faint|p1a: Alakazam\n|inactive|marcoasd has 120 seconds left.\n|\n|t:|1785173858\n|switch|p1a: Exeggutor|Exeggutor|100/100\n|turn|57\n|\n|t:|1785173870\n|move|p1a: Exeggutor|Psychic|p2a: Dragonite\n|-crit|p2a: Dragonite\n|-damage|p2a: Dragonite|39/100 par\n|move|p2a: Dragonite|Thunder Wave|p1a: Exeggutor\n|-status|p1a: Exeggutor|par\n|\n|upkeep\n|turn|58\n|\n|t:|1785173879\n|move|p2a: Dragonite|Blizzard|p1a: Exeggutor\n|-crit|p1a: Exeggutor\n|-supereffective|p1a: Exeggutor\n|-damage|p1a: Exeggutor|27/100 par\n|move|p1a: Exeggutor|Explosion|p2a: Dragonite\n|-damage|p2a: Dragonite|0 fnt\n|faint|p2a: Dragonite\n|faint|p1a: Exeggutor\n|c|☆BlazingDark|gg\n|-message|BlazingDark forfeited.\n|\n|win|marcoasd\n|c|☆marcoasd|gg\n|player|p2|\n|player|p1|\n","uploadtime":1785173884,"views":"112","formatid":"gen1ou","rating":null,"private":0,"password":null}