{"id":"smogtours-gen1ou-915258","format":"[Gen 1] OU","players":["nicole7735","BeeOrSomething"],"log":"|inactive|Battle timer is ON: inactive players will automatically lose when time's up.\n|t:|1772940036\n|gametype|singles\n|player|p1|nicole7735|#splxviiscooters|\n|player|p2|BeeOrSomething|#beeorsomething|\n|gen|1\n|tier|[Gen 1] OU\n|rule|Desync Clause Mod: Desyncs changed to move failure.\n|rule|Sleep Clause Mod: Limit one foe put to sleep\n|rule|Freeze Clause Mod: Limit one foe frozen\n|rule|Species Clause: Limit one of each Pokémon\n|rule|OHKO Clause: OHKO moves are banned\n|rule|Evasion Moves Clause: Evasion moves are banned\n|rule|Endless Battle Clause: Forcing endless battles is banned\n|rule|HP Percentage Mod: HP is shown in percentages\n|\n|t:|1772940036\n|teamsize|p1|6\n|teamsize|p2|6\n|start\n|switch|p1a: Jynx|Jynx|100/100\n|switch|p2a: Down Bad|Starmie|100/100\n|turn|1\n|c|☆BeeOrSomething|glhf\n|c|☆nicole7735|hf\n|\n|t:|1772940061\n|move|p2a: Down Bad|Thunder Wave|p1a: Jynx\n|-status|p1a: Jynx|par\n|move|p1a: Jynx|Lovely Kiss|p2a: Down Bad|[miss]\n|-miss|p1a: Jynx\n|\n|upkeep\n|turn|2\n|\n|t:|1772940068\n|move|p2a: Down Bad|Psychic|p1a: Jynx\n|-resisted|p1a: Jynx\n|-damage|p1a: Jynx|85/100 par\n|-unboost|p1a: Jynx|spa|1\n|-unboost|p1a: Jynx|spd|1\n|move|p1a: Jynx|Lovely Kiss|p2a: Down Bad\n|-status|p2a: Down Bad|slp|[from] move: Lovely Kiss\n|\n|upkeep\n|turn|3\n|\n|t:|1772940075\n|switch|p2a: Plan|Chansey|100/100\n|move|p1a: Jynx|Blizzard|p2a: Plan\n|-damage|p2a: Plan|89/100\n|\n|upkeep\n|turn|4\n|\n|t:|1772940079\n|move|p2a: Plan|Seismic Toss|p1a: Jynx\n|-damage|p1a: Jynx|55/100 par\n|move|p1a: Jynx|Blizzard|p2a: Plan\n|-damage|p2a: Plan|76/100\n|\n|upkeep\n|turn|5\n|\n|t:|1772940083\n|move|p2a: Plan|Seismic Toss|p1a: Jynx\n|-damage|p1a: Jynx|25/100 par\n|move|p1a: Jynx|Rest|p1a: Jynx\n|-status|p1a: Jynx|slp|[from] move: Rest\n|-heal|p1a: Jynx|100/100 slp|[silent]\n|\n|upkeep\n|turn|6\n|\n|t:|1772940087\n|move|p2a: Plan|Seismic Toss|p1a: Jynx\n|-damage|p1a: Jynx|70/100 slp\n|cant|p1a: Jynx|slp\n|\n|upkeep\n|turn|7\n|\n|t:|1772940089\n|move|p2a: Plan|Seismic Toss|p1a: Jynx\n|-damage|p1a: Jynx|40/100 slp\n|-curestatus|p1a: Jynx|slp|[msg]\n|\n|upkeep\n|turn|8\n|\n|t:|1772940092\n|move|p2a: Plan|Seismic Toss|p1a: Jynx\n|-damage|p1a: Jynx|10/100\n|move|p1a: Jynx|Rest|p1a: Jynx\n|-status|p1a: Jynx|slp|[from] move: Rest\n|-heal|p1a: Jynx|100/100 slp|[silent]\n|\n|upkeep\n|turn|9\n|\n|t:|1772940094\n|move|p2a: Plan|Seismic Toss|p1a: Jynx\n|-damage|p1a: Jynx|70/100 slp\n|cant|p1a: Jynx|slp\n|\n|upkeep\n|turn|10\n|\n|t:|1772940096\n|move|p2a: Plan|Seismic Toss|p1a: Jynx\n|-damage|p1a: Jynx|40/100 slp\n|-curestatus|p1a: Jynx|slp|[msg]\n|\n|upkeep\n|turn|11\n|\n|t:|1772940101\n|move|p2a: Plan|Seismic Toss|p1a: Jynx\n|-damage|p1a: Jynx|10/100\n|move|p1a: Jynx|Rest|p1a: Jynx\n|-status|p1a: Jynx|slp|[from] move: Rest\n|-heal|p1a: Jynx|100/100 slp|[silent]\n|\n|upkeep\n|turn|12\n|\n|t:|1772940103\n|switch|p2a: Rupture|Tauros|100/100\n|cant|p1a: Jynx|slp\n|\n|upkeep\n|turn|13\n|\n|t:|1772940109\n|switch|p1a: Snorlax|Snorlax|100/100\n|move|p2a: Rupture|Body Slam|p1a: Snorlax\n|-damage|p1a: Snorlax|77/100\n|\n|upkeep\n|turn|14\n|\n|t:|1772940113\n|move|p2a: Rupture|Body Slam|p1a: Snorlax\n|-damage|p1a: Snorlax|53/100\n|move|p1a: Snorlax|Body Slam|p2a: Rupture\n|-damage|p2a: Rupture|69/100\n|\n|upkeep\n|turn|15\n|\n|t:|1772940123\n|switch|p2a: Casting|Exeggutor|100/100\n|move|p1a: Snorlax|Body Slam|p2a: Casting\n|-damage|p2a: Casting|69/100\n|\n|upkeep\n|turn|16\n|\n|t:|1772940130\n|move|p2a: Casting|Psychic|p1a: Snorlax\n|-damage|p1a: Snorlax|22/100\n|-unboost|p1a: Snorlax|spa|1\n|-unboost|p1a: Snorlax|spd|1\n|move|p1a: Snorlax|Body Slam|p2a: Casting\n|-damage|p2a: Casting|39/100\n|-status|p2a: Casting|par\n|\n|upkeep\n|turn|17\n|inactive|nicole7735 has 270 seconds left.\n|inactive|BeeOrSomething has 270 seconds left.\n|\n|t:|1772940180\n|switch|p1a: Jynx|Jynx|100/100 slp\n|move|p2a: Casting|Psychic|p1a: Jynx\n|-resisted|p1a: Jynx\n|-damage|p1a: Jynx|82/100 slp\n|\n|upkeep\n|turn|18\n|\n|t:|1772940201\n|switch|p2a: Rupture|Tauros|69/100\n|-curestatus|p1a: Jynx|slp|[msg]\n|\n|upkeep\n|turn|19\n|inactive|nicole7735 has 270 seconds left.\n|rated|Smogon Premier League\n|inactive|nicole7735 has 240 seconds left.\n|\n|t:|1772940256\n|switch|p2a: Plan|Chansey|76/100\n|switch|p1a: Starmie|Starmie|100/100\n|\n|upkeep\n|turn|20\n|\n|t:|1772940261\n|switch|p1a: Jynx|Jynx|82/100\n|move|p2a: Plan|Sing|p1a: Jynx|[miss]\n|-miss|p2a: Plan\n|\n|upkeep\n|turn|21\n|inactive|nicole7735 has 240 seconds left.\n|\n|t:|1772940266\n|move|p1a: Jynx|Blizzard|p2a: Plan\n|-damage|p2a: Plan|56/100\n|move|p2a: Plan|Sing|p1a: Jynx|[miss]\n|-miss|p2a: Plan\n|\n|upkeep\n|turn|22\n|\n|t:|1772940272\n|move|p1a: Jynx|Blizzard|p2a: Plan|[miss]\n|-miss|p1a: Jynx\n|move|p2a: Plan|Thunder Wave|p1a: Jynx\n|-status|p1a: Jynx|par\n|\n|upkeep\n|turn|23\n|\n|t:|1772940277\n|move|p2a: Plan|Seismic Toss|p1a: Jynx\n|-damage|p1a: Jynx|52/100 par\n|move|p1a: Jynx|Rest|p1a: Jynx\n|-status|p1a: Jynx|slp|[from] move: Rest\n|-heal|p1a: Jynx|100/100 slp|[silent]\n|\n|upkeep\n|turn|24\n|\n|t:|1772940280\n|move|p2a: Plan|Soft-Boiled|p2a: Plan\n|-heal|p2a: Plan|100/100\n|cant|p1a: Jynx|slp\n|\n|upkeep\n|turn|25\n|\n|t:|1772940285\n|move|p2a: Plan|Seismic Toss|p1a: Jynx\n|-damage|p1a: Jynx|70/100 slp\n|-curestatus|p1a: Jynx|slp|[msg]\n|\n|upkeep\n|turn|26\n|\n|t:|1772940292\n|switch|p1a: Chansey|Chansey|100/100\n|move|p2a: Plan|Sing|p1a: Chansey\n|-status|p1a: Chansey|slp|[from] move: Sing\n|\n|upkeep\n|turn|27\n|inactive|nicole7735 has 270 seconds left.\n|\n|t:|1772940337\n|switch|p2a: Blind|Snorlax|100/100\n|switch|p1a: Starmie|Starmie|100/100\n|\n|upkeep\n|turn|28\n|\n|t:|1772940341\n|move|p1a: Starmie|Thunder Wave|p2a: Blind\n|-status|p2a: Blind|par\n|move|p2a: Blind|Body Slam|p1a: Starmie\n|-damage|p1a: Starmie|66/100\n|\n|upkeep\n|turn|29\n|inactive|nicole7735 has 270 seconds left.\n|\n|t:|1772940358\n|switch|p1a: Cloyster|Cloyster|100/100\n|move|p2a: Blind|Body Slam|p1a: Cloyster\n|-damage|p1a: Cloyster|77/100\n|-status|p1a: Cloyster|par\n|\n|upkeep\n|turn|30\n|inactive|nicole7735 has 270 seconds left.\n|\n|t:|1772940377\n|switch|p2a: Plan|Chansey|100/100\n|move|p1a: Cloyster|Blizzard|p2a: Plan\n|-damage|p2a: Plan|83/100\n|\n|upkeep\n|turn|31\n|inactive|nicole7735 has 240 seconds left.\n|inactive|BeeOrSomething has 270 seconds left.\n|inactive|nicole7735 has 210 seconds left.\n|\n|t:|1772940442\n|switch|p1a: Starmie|Starmie|66/100\n|move|p2a: Plan|Seismic Toss|p1a: Starmie\n|-damage|p1a: Starmie|35/100\n|\n|upkeep\n|turn|32\n|inactive|nicole7735 has 210 seconds left.\n|\n|t:|1772940454\n|move|p1a: Starmie|Recover|p1a: Starmie\n|-heal|p1a: Starmie|85/100\n|move|p2a: Plan|Thunder Wave|p1a: Starmie\n|-status|p1a: Starmie|par\n|\n|upkeep\n|turn|33\n|inactive|nicole7735 has 210 seconds left.\n|\n|t:|1772940472\n|switch|p2a: Down Bad|Starmie|100/100 slp\n|move|p1a: Starmie|Thunder Wave|p2a: Down Bad\n|-fail|p2a: Down Bad\n|\n|upkeep\n|turn|34\n|inactive|BeeOrSomething has 240 seconds left.\n|\n|t:|1772940512\n|switch|p2a: Blind|Snorlax|100/100 par\n|move|p1a: Starmie|Psychic|p2a: Blind\n|-crit|p2a: Blind\n|-damage|p2a: Blind|47/100 par\n|-unboost|p2a: Blind|spa|1\n|-unboost|p2a: Blind|spd|1\n|\n|upkeep\n|turn|35\n|inactive|nicole7735 has 180 seconds left.\n|inactive|BeeOrSomething has 210 seconds left.\n|inactive|nicole7735 has 150 seconds left.\n|inactive|BeeOrSomething has 180 seconds left.\n|inactive|nicole7735 has 120 seconds left.\n|inactive|nicole7735 has 90 seconds left.\n|\n|t:|1772940653\n|switch|p1a: Cloyster|Cloyster|77/100 par\n|cant|p2a: Blind|par\n|\n|upkeep\n|turn|36\n|\n|t:|1772940668\n|switch|p2a: Down Bad|Starmie|100/100 slp\n|move|p1a: Cloyster|Blizzard|p2a: Down Bad\n|-crit|p2a: Down Bad\n|-resisted|p2a: Down Bad\n|-damage|p2a: Down Bad|59/100 slp\n|\n|upkeep\n|turn|37\n|\n|t:|1772940684\n|switch|p2a: Plan|Chansey|83/100\n|switch|p1a: Tauros|Tauros|100/100\n|\n|upkeep\n|turn|38\n|\n|t:|1772940693\n|switch|p1a: Starmie|Starmie|85/100 par\n|move|p2a: Plan|Seismic Toss|p1a: Starmie\n|-damage|p1a: Starmie|54/100 par\n|\n|upkeep\n|turn|39\n|\n|t:|1772940722\n|switch|p2a: Calculation|Rhydon|100/100\n|move|p1a: Starmie|Thunder Wave|p2a: Calculation\n|-immune|p2a: Calculation\n|\n|upkeep\n|turn|40\n|inactive|nicole7735 has 90 seconds left.\n|inactive|nicole7735 has 60 seconds left.\n|inactive|nicole7735 has 30 seconds left.\n|\n|t:|1772940801\n|switch|p1a: Jynx|Jynx|70/100\n|move|p2a: Calculation|Rock Slide|p1a: Jynx\n|-supereffective|p1a: Jynx\n|-damage|p1a: Jynx|0 fnt\n|faint|p1a: Jynx\n|inactive|nicole7735 has 30 seconds left this turn.\n|\n|t:|1772940803\n|switch|p1a: Tauros|Tauros|100/100\n|turn|41\n|inactive|BeeOrSomething has 150 seconds left.\n|\n|t:|1772940828\n|switch|p2a: Casting|Exeggutor|39/100 par\n|move|p1a: Tauros|Blizzard|p2a: Casting\n|-supereffective|p2a: Casting\n|-damage|p2a: Casting|8/100 par\n|\n|upkeep\n|turn|42\n|\n|t:|1772940835\n|move|p1a: Tauros|Body Slam|p2a: Casting\n|-damage|p2a: Casting|0 fnt\n|faint|p2a: Casting\n|\n|t:|1772940837\n|switch|p2a: Plan|Chansey|83/100\n|turn|43\n|inactive|BeeOrSomething has 150 seconds left.\n|inactive|nicole7735 has 30 seconds left.\n|inactive|BeeOrSomething has 120 seconds left.\n|\n|t:|1772940896\n|switch|p1a: Snorlax|Snorlax|22/100\n|switch|p2a: Calculation|Rhydon|100/100\n|\n|upkeep\n|turn|44\n|inactive|nicole7735 has 30 seconds left.\n|inactive|BeeOrSomething has 120 seconds left.\n|\n|t:|1772940905\n|move|p2a: Calculation|Earthquake|p1a: Snorlax\n|-damage|p1a: Snorlax|0 fnt\n|faint|p1a: Snorlax\n|\n|t:|1772940906\n|switch|p1a: Tauros|Tauros|100/100\n|turn|45\n|inactive|BeeOrSomething has 120 seconds left.\n|\n|t:|1772940935\n|switch|p2a: Down Bad|Starmie|59/100 slp\n|move|p1a: Tauros|Blizzard|p2a: Down Bad\n|-resisted|p2a: Down Bad\n|-damage|p2a: Down Bad|48/100 slp\n|\n|upkeep\n|turn|46\n|\n|t:|1772940942\n|cant|p2a: Down Bad|slp\n|move|p1a: Tauros|Body Slam|p2a: Down Bad\n|-damage|p2a: Down Bad|16/100 slp\n|\n|upkeep\n|turn|47\n|\n|t:|1772940945\n|cant|p2a: Down Bad|slp\n|move|p1a: Tauros|Body Slam|p2a: Down Bad\n|-damage|p2a: Down Bad|0 fnt\n|faint|p2a: Down Bad\n|inactive|BeeOrSomething has 120 seconds left.\n|\n|t:|1772940960\n|switch|p2a: Plan|Chansey|83/100\n|turn|48\n|inactive|BeeOrSomething has 120 seconds left.\n|inactive|nicole7735 has 60 seconds left.\n|inactive|BeeOrSomething has 90 seconds left.\n|inactive|nicole7735 has 30 seconds left.\n|\n|t:|1772941017\n|switch|p1a: Cloyster|Cloyster|77/100 par\n|move|p2a: Plan|Thunder Wave|p1a: Cloyster\n|-fail|p1a: Cloyster|par\n|\n|upkeep\n|turn|49\n|inactive|nicole7735 has 30 seconds left.\n|inactive|nicole7735 has 20 seconds left.\n|\n|t:|1772941033\n|move|p2a: Plan|Seismic Toss|p1a: Cloyster\n|-damage|p1a: Cloyster|44/100 par\n|move|p1a: Cloyster|Explosion|p2a: Plan\n|-crit|p2a: Plan\n|-damage|p2a: Plan|0 fnt\n|faint|p2a: Plan\n|faint|p1a: Cloyster\n|inactive|nicole7735 has 25 seconds left this turn.\n|inactive|nicole7735 has 20 seconds left.\n|inactive|nicole7735 has 15 seconds left.\n|\n|t:|1772941045\n|switch|p2a: Blind|Snorlax|47/100 par\n|switch|p1a: Starmie|Starmie|54/100 par\n|turn|50\n|inactive|nicole7735 has 25 seconds left this turn.\n|\n|t:|1772941050\n|cant|p1a: Starmie|par\n|move|p2a: Blind|Body Slam|p1a: Starmie|[miss]\n|-miss|p2a: Blind\n|-hint|In Gen 1, moves with 100% accuracy can still miss 1/256 of the time.\n|\n|upkeep\n|turn|51\n|inactive|nicole7735 has 30 seconds left.\n|\n|t:|1772941055\n|cant|p1a: Starmie|par\n|move|p2a: Blind|Body Slam|p1a: Starmie\n|-damage|p1a: Starmie|18/100 par\n|\n|upkeep\n|turn|52\n|\n|t:|1772941061\n|move|p1a: Starmie|Recover|p1a: Starmie\n|-heal|p1a: Starmie|68/100 par\n|cant|p2a: Blind|par\n|\n|upkeep\n|turn|53\n|\n|t:|1772941064\n|move|p1a: Starmie|Psychic|p2a: Blind\n|-damage|p2a: Blind|21/100 par\n|cant|p2a: Blind|par\n|\n|upkeep\n|turn|54\n|\n|t:|1772941067\n|cant|p1a: Starmie|par\n|move|p2a: Blind|Body Slam|p1a: Starmie\n|-crit|p1a: Starmie\n|-damage|p1a: Starmie|0 fnt\n|faint|p1a: Starmie\n|\n|t:|1772941070\n|switch|p1a: Tauros|Tauros|100/100\n|turn|55\n|\n|t:|1772941074\n|move|p1a: Tauros|Body Slam|p2a: Blind\n|-damage|p2a: Blind|0 fnt\n|faint|p2a: Blind\n|\n|t:|1772941088\n|switch|p2a: Rupture|Tauros|69/100\n|turn|56\n|\n|t:|1772941093\n|move|p2a: Rupture|Body Slam|p1a: Tauros\n|-damage|p1a: Tauros|73/100\n|move|p1a: Tauros|Body Slam|p2a: Rupture\n|-damage|p2a: Rupture|38/100\n|\n|upkeep\n|turn|57\n|inactive|nicole7735 has 90 seconds left.\n|inactive|BeeOrSomething has 120 seconds left.\n|inactive|nicole7735 has 60 seconds left.\n|\n|t:|1772941143\n|move|p1a: Tauros|Hyper Beam|p2a: Rupture\n|-crit|p2a: Rupture\n|-damage|p2a: Rupture|0 fnt\n|faint|p2a: Rupture\n|\n|t:|1772941145\n|switch|p2a: Calculation|Rhydon|100/100\n|turn|58\n|\n|t:|1772941148\n|move|p1a: Tauros|Blizzard|p2a: Calculation\n|-crit|p2a: Calculation\n|-supereffective|p2a: Calculation\n|-damage|p2a: Calculation|0 fnt\n|faint|p2a: Calculation\n|\n|win|nicole7735\n|c|☆BeeOrSomething|gg\n|c|☆nicole7735|gg\n|player|p2|\n|player|p1|\n","uploadtime":1772941148,"views":"904","formatid":"gen1ou","rating":null,"private":0,"password":null}