{"id":"smogtours-gen1ou-959427","format":"[Gen 1] OU","players":["BeeOrSomething","oligen1"],"log":"|inactive|Battle timer is ON: inactive players will automatically lose when time's up.\n|t:|1785095670\n|gametype|singles\n|player|p1|BeeOrSomething|#beeorsomething|\n|player|p2|oligen1|blue-gen1rbtwo|\n|gen|1\n|tier|[Gen 1] OU\n|rule|Desync Clause Mod: Desyncs resolve to link battle behavior from the acting player's perspective.\n|rule|HP Percentage Mod: HP is shown in percentages\n|rule|Endless Battle Clause: Forcing endless battles is banned\n|rule|Sleep Clause Mod: Limit one foe put to sleep\n|rule|Freeze Clause Mod: Limit one foe frozen\n|rule|Species Clause: Limit one of each Pokémon\n|rule|OHKO Clause: OHKO moves are banned\n|rule|Evasion Moves Clause: Evasion moves are banned\n|\n|t:|1785095670\n|teamsize|p1|6\n|teamsize|p2|6\n|start\n|switch|p1a: Patrick|Starmie|100/100\n|switch|p2a: Starmie|Starmie|100/100\n|turn|1\n|inactive|oligen1 also wants the timer to be on.\n|c|☆BeeOrSomething|glhf\n|c|☆oligen1|Enjoy :-)\n|\n|t:|1785095681\n|switch|p1a: Blob|Chansey|100/100\n|move|p2a: Starmie|Blizzard|p1a: Blob\n|-damage|p1a: Blob|87/100\n|\n|upkeep\n|turn|2\n|\n|t:|1785095690\n|move|p2a: Starmie|Blizzard|p1a: Blob\n|-damage|p1a: Blob|73/100\n|move|p1a: Blob|Sing|p2a: Starmie|[miss]\n|-miss|p1a: Blob\n|\n|upkeep\n|turn|3\n|\n|t:|1785095695\n|move|p2a: Starmie|Blizzard|p1a: Blob\n|-crit|p1a: Blob\n|-damage|p1a: Blob|48/100\n|move|p1a: Blob|Sing|p2a: Starmie\n|-status|p2a: Starmie|slp|[from] move: Sing\n|\n|upkeep\n|turn|4\n|\n|t:|1785095702\n|cant|p2a: Starmie|slp\n|move|p1a: Blob|Thunder Wave|p2a: Starmie\n|-fail|p2a: Starmie\n|\n|upkeep\n|turn|5\n|\n|t:|1785095707\n|cant|p2a: Starmie|slp\n|move|p1a: Blob|Seismic Toss|p2a: Starmie\n|-damage|p2a: Starmie|70/100 slp\n|\n|upkeep\n|turn|6\n|\n|t:|1785095712\n|switch|p2a: Exeggutor|Exeggutor|100/100\n|move|p1a: Blob|Seismic Toss|p2a: Exeggutor\n|-damage|p2a: Exeggutor|75/100\n|\n|upkeep\n|turn|7\n|\n|t:|1785095719\n|move|p2a: Exeggutor|Sleep Powder|p1a: Blob\n|-status|p1a: Blob|slp|[from] move: Sleep Powder\n|cant|p1a: Blob|slp\n|\n|upkeep\n|turn|8\n|\n|t:|1785095725\n|switch|p1a: Patrick|Starmie|100/100\n|move|p2a: Exeggutor|Stun Spore|p1a: Patrick\n|-status|p1a: Patrick|par\n|\n|upkeep\n|turn|9\n|\n|t:|1785095741\n|switch|p2a: Starmie|Starmie|70/100 slp\n|move|p1a: Patrick|Thunder Wave|p2a: Starmie\n|-fail|p2a: Starmie\n|\n|upkeep\n|turn|10\n|\n|t:|1785095747\n|switch|p1a: Me On Weekends|Snorlax|100/100\n|-curestatus|p2a: Starmie|slp|[msg]\n|\n|upkeep\n|turn|11\n|\n|t:|1785095757\n|move|p2a: Starmie|Thunder Wave|p1a: Me On Weekends\n|-status|p1a: Me On Weekends|par\n|move|p1a: Me On Weekends|Body Slam|p2a: Starmie\n|-damage|p2a: Starmie|31/100\n|\n|upkeep\n|turn|12\n|\n|t:|1785095764\n|move|p2a: Starmie|Recover|p2a: Starmie\n|-heal|p2a: Starmie|81/100\n|move|p1a: Me On Weekends|Body Slam|p2a: Starmie\n|-damage|p2a: Starmie|43/100\n|-status|p2a: Starmie|par\n|\n|upkeep\n|turn|13\n|\n|t:|1785095771\n|cant|p2a: Starmie|par\n|cant|p1a: Me On Weekends|par\n|\n|upkeep\n|turn|14\n|\n|t:|1785095775\n|cant|p2a: Starmie|par\n|move|p1a: Me On Weekends|Body Slam|p2a: Starmie\n|-damage|p2a: Starmie|5/100 par\n|\n|upkeep\n|turn|15\n|\n|t:|1785095781\n|move|p2a: Starmie|Psychic|p1a: Me On Weekends\n|-damage|p1a: Me On Weekends|76/100 par\n|cant|p1a: Me On Weekends|par\n|\n|upkeep\n|turn|16\n|\n|t:|1785095788\n|move|p2a: Starmie|Recover|p2a: Starmie\n|-heal|p2a: Starmie|55/100 par\n|move|p1a: Me On Weekends|Body Slam|p2a: Starmie\n|-damage|p2a: Starmie|20/100 par\n|\n|upkeep\n|turn|17\n|\n|t:|1785095794\n|cant|p2a: Starmie|par\n|move|p1a: Me On Weekends|Body Slam|p2a: Starmie\n|-damage|p2a: Starmie|0 fnt\n|faint|p2a: Starmie\n|\n|t:|1785095806\n|switch|p2a: Exeggutor|Exeggutor|75/100\n|turn|18\n|\n|t:|1785095810\n|switch|p1a: Patrick|Starmie|100/100 par\n|move|p2a: Exeggutor|Psychic|p1a: Patrick\n|-resisted|p1a: Patrick\n|-damage|p1a: Patrick|81/100 par\n|-unboost|p1a: Patrick|spa|1\n|-unboost|p1a: Patrick|spd|1\n|\n|upkeep\n|turn|19\n|\n|t:|1785095821\n|move|p2a: Exeggutor|Psychic|p1a: Patrick\n|-resisted|p1a: Patrick\n|-damage|p1a: Patrick|51/100 par\n|cant|p1a: Patrick|par\n|\n|upkeep\n|turn|20\n|\n|t:|1785095829\n|move|p2a: Exeggutor|Psychic|p1a: Patrick\n|-resisted|p1a: Patrick\n|-damage|p1a: Patrick|20/100 par\n|-unboost|p1a: Patrick|spa|1\n|-unboost|p1a: Patrick|spd|1\n|move|p1a: Patrick|Recover|p1a: Patrick\n|-heal|p1a: Patrick|70/100 par\n|\n|upkeep\n|turn|21\n|\n|t:|1785095836\n|switch|p1a: Eggy|Exeggutor|100/100\n|move|p2a: Exeggutor|Psychic|p1a: Eggy\n|-resisted|p1a: Eggy\n|-damage|p1a: Eggy|86/100\n|\n|upkeep\n|turn|22\n|inactive|BeeOrSomething has 270 seconds left.\n|\n|t:|1785095878\n|switch|p1a: Patrick|Starmie|70/100 par\n|move|p2a: Exeggutor|Stun Spore|p1a: Patrick\n|-fail|p1a: Patrick|par\n|\n|upkeep\n|turn|23\n|\n|t:|1785095884\n|switch|p2a: Chansey|Chansey|100/100\n|cant|p1a: Patrick|par\n|\n|upkeep\n|turn|24\n|\n|t:|1785095889\n|move|p2a: Chansey|Seismic Toss|p1a: Patrick\n|-damage|p1a: Patrick|39/100 par\n|move|p1a: Patrick|Recover|p1a: Patrick\n|-heal|p1a: Patrick|89/100 par\n|\n|upkeep\n|turn|25\n|\n|t:|1785095898\n|move|p2a: Chansey|Seismic Toss|p1a: Patrick\n|-damage|p1a: Patrick|58/100 par\n|move|p1a: Patrick|Recover|p1a: Patrick\n|-heal|p1a: Patrick|100/100 par\n|\n|upkeep\n|turn|26\n|inactive|BeeOrSomething has 270 seconds left.\n|\n|t:|1785095921\n|switch|p1a: Eggy|Exeggutor|86/100\n|move|p2a: Chansey|Seismic Toss|p1a: Eggy\n|-damage|p1a: Eggy|61/100\n|\n|upkeep\n|turn|27\n|\n|t:|1785095932\n|switch|p2a: Exeggutor|Exeggutor|75/100\n|move|p1a: Eggy|Sleep Powder|p2a: Exeggutor\n|-status|p2a: Exeggutor|slp|[from] move: Sleep Powder\n|\n|upkeep\n|turn|28\n|\n|t:|1785095940\n|move|p1a: Eggy|Psychic|p2a: Exeggutor\n|-resisted|p2a: Exeggutor\n|-damage|p2a: Exeggutor|61/100 slp\n|-curestatus|p2a: Exeggutor|slp|[msg]\n|\n|upkeep\n|turn|29\n|\n|t:|1785095947\n|move|p1a: Eggy|Sleep Powder|p2a: Exeggutor\n|-status|p2a: Exeggutor|slp|[from] move: Sleep Powder\n|cant|p2a: Exeggutor|slp\n|\n|upkeep\n|turn|30\n|\n|t:|1785095959\n|switch|p1a: Me On Weekends|Snorlax|76/100 par\n|switch|p2a: Chansey|Chansey|100/100\n|\n|upkeep\n|turn|31\n|\n|t:|1785095967\n|move|p2a: Chansey|Seismic Toss|p1a: Me On Weekends|[miss]\n|-miss|p2a: Chansey\n|-hint|In Gen 1, moves with 100% accuracy can still miss 1/256 of the time.\n|move|p1a: Me On Weekends|Reflect|p1a: Me On Weekends\n|-start|p1a: Me On Weekends|Reflect\n|\n|upkeep\n|turn|32\n|c|☆BeeOrSomething|good dodge snorlas\n|\n|t:|1785095975\n|move|p1a: Me On Weekends|Body Slam|p2a: Chansey\n|-damage|p2a: Chansey|62/100\n|move|p2a: Chansey|Counter|p1a: Me On Weekends\n|-damage|p1a: Me On Weekends|0 fnt\n|faint|p1a: Me On Weekends\n|c|☆BeeOrSomething|fuck you snorlax\n|\n|t:|1785095986\n|switch|p1a: Patrick|Starmie|100/100 par\n|turn|33\n|\n|t:|1785095992\n|move|p2a: Chansey|Soft-Boiled|p2a: Chansey\n|-heal|p2a: Chansey|100/100\n|move|p1a: Patrick|Thunder Wave|p2a: Chansey\n|-status|p2a: Chansey|par\n|\n|upkeep\n|turn|34\n|\n|t:|1785096003\n|move|p1a: Patrick|Psychic|p2a: Chansey\n|-damage|p2a: Chansey|86/100 par\n|move|p2a: Chansey|Seismic Toss|p1a: Patrick\n|-damage|p1a: Patrick|70/100 par\n|\n|upkeep\n|turn|35\n|\n|t:|1785096011\n|cant|p1a: Patrick|par\n|move|p2a: Chansey|Seismic Toss|p1a: Patrick\n|-damage|p1a: Patrick|39/100 par\n|\n|upkeep\n|turn|36\n|\n|t:|1785096017\n|move|p1a: Patrick|Recover|p1a: Patrick\n|-heal|p1a: Patrick|88/100 par\n|move|p2a: Chansey|Seismic Toss|p1a: Patrick\n|-damage|p1a: Patrick|57/100 par\n|\n|upkeep\n|turn|37\n|\n|t:|1785096025\n|cant|p1a: Patrick|par\n|move|p2a: Chansey|Seismic Toss|p1a: Patrick\n|-damage|p1a: Patrick|27/100 par\n|\n|upkeep\n|turn|38\n|\n|t:|1785096030\n|move|p1a: Patrick|Recover|p1a: Patrick\n|-heal|p1a: Patrick|76/100 par\n|move|p2a: Chansey|Seismic Toss|p1a: Patrick\n|-damage|p1a: Patrick|45/100 par\n|\n|upkeep\n|turn|39\n|\n|t:|1785096036\n|move|p1a: Patrick|Recover|p1a: Patrick\n|-heal|p1a: Patrick|95/100 par\n|move|p2a: Chansey|Seismic Toss|p1a: Patrick\n|-damage|p1a: Patrick|64/100 par\n|\n|upkeep\n|turn|40\n|\n|t:|1785096044\n|cant|p1a: Patrick|par\n|move|p2a: Chansey|Seismic Toss|p1a: Patrick\n|-damage|p1a: Patrick|33/100 par\n|\n|upkeep\n|turn|41\n|\n|t:|1785096049\n|switch|p2a: Snorlax|Snorlax|100/100\n|move|p1a: Patrick|Recover|p1a: Patrick\n|-heal|p1a: Patrick|83/100 par\n|\n|upkeep\n|turn|42\n|\n|t:|1785096064\n|move|p2a: Snorlax|Body Slam|p1a: Patrick\n|-damage|p1a: Patrick|46/100 par\n|move|p1a: Patrick|Thunder Wave|p2a: Snorlax\n|-status|p2a: Snorlax|par\n|\n|upkeep\n|turn|43\n|\n|t:|1785096070\n|cant|p1a: Patrick|par\n|cant|p2a: Snorlax|par\n|\n|upkeep\n|turn|44\n|\n|t:|1785096073\n|cant|p1a: Patrick|par\n|move|p2a: Snorlax|Body Slam|p1a: Patrick\n|-damage|p1a: Patrick|8/100 par\n|\n|upkeep\n|turn|45\n|\n|t:|1785096081\n|move|p1a: Patrick|Recover|p1a: Patrick\n|-heal|p1a: Patrick|58/100 par\n|move|p2a: Snorlax|Body Slam|p1a: Patrick\n|-damage|p1a: Patrick|20/100 par\n|\n|upkeep\n|turn|46\n|\n|t:|1785096086\n|cant|p1a: Patrick|par\n|move|p2a: Snorlax|Body Slam|p1a: Patrick\n|-damage|p1a: Patrick|0 fnt\n|faint|p1a: Patrick\n|\n|t:|1785096089\n|switch|p1a: Eggy|Exeggutor|61/100\n|turn|47\n|\n|t:|1785096094\n|switch|p2a: Chansey|Chansey|86/100 par\n|move|p1a: Eggy|Psychic|p2a: Chansey\n|-damage|p2a: Chansey|70/100 par\n|-unboost|p2a: Chansey|spa|1\n|-unboost|p2a: Chansey|spd|1\n|\n|upkeep\n|turn|48\n|\n|t:|1785096101\n|move|p1a: Eggy|Psychic|p2a: Chansey\n|-damage|p2a: Chansey|44/100 par\n|move|p2a: Chansey|Soft-Boiled|p2a: Chansey\n|-heal|p2a: Chansey|94/100 par\n|\n|upkeep\n|turn|49\n|\n|t:|1785096107\n|move|p1a: Eggy|Psychic|p2a: Chansey\n|-damage|p2a: Chansey|69/100 par\n|cant|p2a: Chansey|par\n|\n|upkeep\n|turn|50\n|\n|t:|1785096117\n|move|p1a: Eggy|Psychic|p2a: Chansey\n|-damage|p2a: Chansey|45/100 par\n|move|p2a: Chansey|Soft-Boiled|p2a: Chansey\n|-heal|p2a: Chansey|95/100 par\n|\n|upkeep\n|turn|51\n|\n|t:|1785096123\n|move|p1a: Eggy|Psychic|p2a: Chansey\n|-damage|p2a: Chansey|67/100 par\n|move|p2a: Chansey|Thunder Wave|p1a: Eggy\n|-status|p1a: Eggy|par\n|\n|upkeep\n|turn|52\n|\n|t:|1785096130\n|cant|p1a: Eggy|par\n|move|p2a: Chansey|Soft-Boiled|p2a: Chansey\n|-heal|p2a: Chansey|100/100 par\n|\n|upkeep\n|turn|53\n|\n|t:|1785096137\n|switch|p2a: Exeggutor|Exeggutor|61/100 slp\n|move|p1a: Eggy|Explosion|p2a: Exeggutor\n|-damage|p2a: Exeggutor|0 fnt\n|faint|p2a: Exeggutor\n|faint|p1a: Eggy\n|\n|t:|1785096146\n|switch|p2a: Chansey|Chansey|100/100 par\n|switch|p1a: Raging Bull|Tauros|100/100\n|turn|54\n|\n|t:|1785096152\n|move|p1a: Raging Bull|Earthquake|p2a: Chansey\n|-damage|p2a: Chansey|69/100 par\n|move|p2a: Chansey|Thunder Wave|p1a: Raging Bull\n|-status|p1a: Raging Bull|par\n|\n|upkeep\n|turn|55\n|\n|t:|1785096164\n|switch|p2a: Snorlax|Snorlax|100/100 par\n|move|p1a: Raging Bull|Hyper Beam|p2a: Snorlax\n|-damage|p2a: Snorlax|55/100 par\n|-mustrecharge|p1a: Raging Bull\n|\n|upkeep\n|turn|56\n|\n|t:|1785096171\n|cant|p1a: Raging Bull|recharge\n|move|p2a: Snorlax|Body Slam|p1a: Raging Bull\n|-damage|p1a: Raging Bull|67/100 par\n|\n|upkeep\n|turn|57\n|\n|t:|1785096182\n|move|p1a: Raging Bull|Hyper Beam|p2a: Snorlax\n|-damage|p2a: Snorlax|11/100 par\n|-mustrecharge|p1a: Raging Bull\n|move|p2a: Snorlax|Self-Destruct|p1a: Raging Bull\n|-damage|p1a: Raging Bull|0 fnt\n|faint|p1a: Raging Bull\n|faint|p2a: Snorlax\n|\n|t:|1785096190\n|switch|p1a: Mozilla|Zapdos|100/100\n|switch|p2a: Tauros|Tauros|100/100\n|turn|58\n|\n|t:|1785096195\n|switch|p2a: Golem|Golem|100/100\n|move|p1a: Mozilla|Thunder Wave|p2a: Golem\n|-immune|p2a: Golem\n|\n|upkeep\n|turn|59\n|-message|BeeOrSomething forfeited.\n|\n|win|oligen1\n|c|☆BeeOrSomething|gg\n|c|☆oligen1|ggs wp\n|player|p1|\n|player|p1|BeeOrSomething|#beeorsomething|\n","uploadtime":1785096199,"views":"101","formatid":"gen1ou","rating":null,"private":0,"password":null}