{"id":"smogtours-gen1ou-821235","format":"[Gen 1] OU","players":["Amaranth","Serpi n_n"],"log":"|inactive|Battle timer is ON: inactive players will automatically lose when time's up.\n|t:|1740230503\n|gametype|singles\n|player|p1|Amaranth|#amaranth|\n|player|p2|Serpi n_n|#splxviraiders|\n|teamsize|p1|6\n|teamsize|p2|6\n|gen|1\n|tier|[Gen 1] OU\n|rule|Desync Clause Mod: Desyncs changed to move failure.\n|rule|Sleep Clause Mod: Limit one foe put to sleep\n|rule|Freeze Clause Mod: Limit one foe frozen\n|rule|Species Clause: Limit one of each Pokémon\n|rule|OHKO Clause: OHKO moves are banned\n|rule|Evasion Moves Clause: Evasion moves are banned\n|rule|Endless Battle Clause: Forcing endless battles is banned\n|rule|HP Percentage Mod: HP is shown in percentages\n|\n|t:|1740230503\n|start\n|switch|p1a: Alakazam|Alakazam|100/100\n|switch|p2a: Starmie|Starmie|100/100\n|turn|1\n|c|☆Serpi n_n|hf\n|c|+UTENTE REDATTO|forza bologna\n|c|☆Amaranth|glhf\n|raw|<div class=\"broadcast-red\"><strong>Moderated chat was set to ☆!</strong><br />Only users of rank ☆ and higher can talk.</div>\n|\n|t:|1740230530\n|switch|p1a: Jynx|Jynx|100/100\n|move|p2a: Starmie|Blizzard|p1a: Jynx\n|-resisted|p1a: Jynx\n|-damage|p1a: Jynx|87/100\n|\n|upkeep\n|turn|2\n|\n|t:|1740230538\n|move|p2a: Starmie|Thunder Wave|p1a: Jynx\n|-status|p1a: Jynx|par\n|move|p1a: Jynx|Lovely Kiss|p2a: Starmie\n|-status|p2a: Starmie|slp|[from] move: Lovely Kiss\n|\n|upkeep\n|turn|3\n|rated|Smogon Premier League\n|\n|t:|1740230566\n|switch|p2a: Chansey|Chansey|100/100\n|cant|p1a: Jynx|par\n|\n|upkeep\n|turn|4\n|\n|t:|1740230569\n|move|p2a: Chansey|Seismic Toss|p1a: Jynx\n|-damage|p1a: Jynx|57/100 par\n|move|p1a: Jynx|Blizzard|p2a: Chansey\n|-damage|p2a: Chansey|80/100\n|\n|upkeep\n|turn|5\n|\n|t:|1740230572\n|move|p2a: Chansey|Seismic Toss|p1a: Jynx\n|-damage|p1a: Jynx|27/100 par\n|move|p1a: Jynx|Rest|p1a: Jynx\n|-status|p1a: Jynx|slp|[from] move: Rest\n|-heal|p1a: Jynx|100/100 slp|[silent]\n|\n|upkeep\n|turn|6\n|\n|t:|1740230575\n|move|p2a: Chansey|Seismic Toss|p1a: Jynx\n|-damage|p1a: Jynx|70/100 slp\n|cant|p1a: Jynx|slp\n|\n|upkeep\n|turn|7\n|\n|t:|1740230576\n|move|p2a: Chansey|Seismic Toss|p1a: Jynx\n|-damage|p1a: Jynx|40/100 slp\n|-curestatus|p1a: Jynx|slp|[msg]\n|\n|upkeep\n|turn|8\n|\n|t:|1740230581\n|switch|p2a: Tauros|Tauros|100/100\n|move|p1a: Jynx|Rest|p1a: Jynx\n|-status|p1a: Jynx|slp|[from] move: Rest\n|-heal|p1a: Jynx|100/100 slp|[silent]\n|\n|upkeep\n|turn|9\n|\n|t:|1740230585\n|switch|p1a: Starmie|Starmie|100/100\n|move|p2a: Tauros|Body Slam|p1a: Starmie\n|-damage|p1a: Starmie|66/100\n|-status|p1a: Starmie|par\n|\n|upkeep\n|turn|10\n|inactive|Serpi n_n has 270 seconds left.\n|\n|t:|1740230618\n|switch|p2a: Chansey|Chansey|80/100\n|cant|p1a: Starmie|par\n|\n|upkeep\n|turn|11\n|inactive|Serpi n_n has 270 seconds left.\n|\n|t:|1740230631\n|move|p2a: Chansey|Seismic Toss|p1a: Starmie\n|-damage|p1a: Starmie|35/100 par\n|move|p1a: Starmie|Recover|p1a: Starmie\n|-heal|p1a: Starmie|85/100 par\n|\n|upkeep\n|turn|12\n|\n|t:|1740230643\n|move|p2a: Chansey|Seismic Toss|p1a: Starmie\n|-damage|p1a: Starmie|54/100 par\n|move|p1a: Starmie|Thunder Wave|p2a: Chansey\n|-status|p2a: Chansey|par\n|\n|upkeep\n|turn|13\n|\n|t:|1740230645\n|switch|p2a: Zapdos|Zapdos|100/100\n|cant|p1a: Starmie|par\n|\n|upkeep\n|turn|14\n|\n|t:|1740230655\n|switch|p1a: Chansey|Chansey|100/100\n|move|p2a: Zapdos|Thunder Wave|p1a: Chansey\n|-status|p1a: Chansey|par\n|\n|upkeep\n|turn|15\n|\n|t:|1740230676\n|switch|p2a: Chansey|Chansey|80/100 par\n|cant|p1a: Chansey|par\n|\n|upkeep\n|turn|16\n|inactive|Serpi n_n has 270 seconds left.\n|\n|t:|1740230701\n|move|p2a: Chansey|Thunder Wave|p1a: Chansey\n|-fail|p1a: Chansey|par\n|move|p1a: Chansey|Thunder Wave|p2a: Chansey\n|-fail|p2a: Chansey|par\n|\n|upkeep\n|turn|17\n|inactive|Serpi n_n has 270 seconds left.\n|\n|t:|1740230716\n|switch|p1a: Starmie|Starmie|54/100 par\n|cant|p2a: Chansey|par\n|\n|upkeep\n|turn|18\n|\n|t:|1740230722\n|cant|p1a: Starmie|par\n|cant|p2a: Chansey|par\n|\n|upkeep\n|turn|19\n|\n|t:|1740230726\n|switch|p2a: Zapdos|Zapdos|100/100\n|cant|p1a: Starmie|par\n|\n|upkeep\n|turn|20\n|\n|t:|1740230746\n|switch|p1a: Snorlax|Snorlax|100/100\n|move|p2a: Zapdos|Thunderbolt|p1a: Snorlax\n|-damage|p1a: Snorlax|67/100\n|\n|upkeep\n|turn|21\n|inactive|Serpi n_n has 270 seconds left.\n|\n|t:|1740230777\n|switch|p2a: Exeggutor|Exeggutor|100/100\n|move|p1a: Snorlax|Body Slam|p2a: Exeggutor\n|-damage|p2a: Exeggutor|73/100\n|\n|upkeep\n|turn|22\n|\n|t:|1740230785\n|switch|p1a: Chansey|Chansey|100/100 par\n|move|p2a: Exeggutor|Psychic|p1a: Chansey\n|-damage|p1a: Chansey|84/100 par\n|\n|upkeep\n|turn|23\n|inactive|Serpi n_n has 270 seconds left.\n|\n|t:|1740230801\n|switch|p2a: Chansey|Chansey|80/100 par\n|switch|p1a: Starmie|Starmie|54/100 par\n|\n|upkeep\n|turn|24\n|\n|t:|1740230814\n|move|p1a: Starmie|Recover|p1a: Starmie\n|-heal|p1a: Starmie|100/100 par\n|cant|p2a: Chansey|par\n|\n|upkeep\n|turn|25\n|\n|t:|1740230823\n|switch|p1a: Chansey|Chansey|84/100 par\n|move|p2a: Chansey|Reflect|p2a: Chansey\n|-start|p2a: Chansey|Reflect\n|\n|upkeep\n|turn|26\n|inactive|Serpi n_n has 270 seconds left.\n|\n|t:|1740230833\n|move|p2a: Chansey|Reflect|p2a: Chansey\n|-fail|p2a: Chansey\n|cant|p1a: Chansey|par\n|\n|upkeep\n|turn|27\n|\n|t:|1740230838\n|move|p2a: Chansey|Seismic Toss|p1a: Chansey\n|-damage|p1a: Chansey|69/100 par\n|move|p1a: Chansey|Thunder Wave|p2a: Chansey\n|-fail|p2a: Chansey|par\n|\n|upkeep\n|turn|28\n|\n|t:|1740230840\n|move|p2a: Chansey|Soft-Boiled|p2a: Chansey\n|-heal|p2a: Chansey|100/100 par\n|move|p1a: Chansey|Soft-Boiled|p1a: Chansey\n|-heal|p1a: Chansey|100/100 par\n|\n|upkeep\n|turn|29\n|\n|t:|1740230848\n|move|p2a: Chansey|Seismic Toss|p1a: Chansey\n|-damage|p1a: Chansey|86/100 par\n|cant|p1a: Chansey|par\n|\n|upkeep\n|turn|30\n|\n|t:|1740230851\n|cant|p2a: Chansey|par\n|move|p1a: Chansey|Thunder Wave|p2a: Chansey\n|-fail|p2a: Chansey|par\n|\n|upkeep\n|turn|31\n|\n|t:|1740230854\n|move|p2a: Chansey|Reflect|p2a: Chansey\n|-fail|p2a: Chansey\n|move|p1a: Chansey|Thunder Wave|p2a: Chansey\n|-fail|p2a: Chansey|par\n|\n|upkeep\n|turn|32\n|\n|t:|1740230860\n|move|p2a: Chansey|Reflect|p2a: Chansey\n|-fail|p2a: Chansey\n|cant|p1a: Chansey|par\n|\n|upkeep\n|turn|33\n|\n|t:|1740230879\n|move|p1a: Chansey|Thunder Wave|p2a: Chansey\n|-fail|p2a: Chansey|par\n|move|p2a: Chansey|Thunder Wave|p1a: Chansey\n|-fail|p1a: Chansey|par\n|\n|upkeep\n|turn|34\n|\n|t:|1740230890\n|move|p1a: Chansey|Ice Beam|p2a: Chansey\n|-damage|p2a: Chansey|89/100 par\n|move|p2a: Chansey|Seismic Toss|p1a: Chansey\n|-damage|p1a: Chansey|72/100 par\n|\n|upkeep\n|turn|35\n|\n|t:|1740230899\n|move|p2a: Chansey|Seismic Toss|p1a: Chansey\n|-damage|p1a: Chansey|58/100 par\n|move|p1a: Chansey|Soft-Boiled|p1a: Chansey\n|-heal|p1a: Chansey|100/100 par\n|\n|upkeep\n|turn|36\n|\n|t:|1740230905\n|move|p2a: Chansey|Seismic Toss|p1a: Chansey\n|-damage|p1a: Chansey|86/100 par\n|move|p1a: Chansey|Counter|p2a: Chansey\n|-damage|p2a: Chansey|61/100 par\n|\n|upkeep\n|turn|37\n|\n|t:|1740230916\n|cant|p2a: Chansey|par\n|move|p1a: Chansey|Counter|p2a: Chansey\n|-hint|Desync Clause Mod activated!\n|-fail|p1a: Chansey\n|\n|upkeep\n|turn|38\n|\n|t:|1740230924\n|move|p2a: Chansey|Soft-Boiled|p2a: Chansey\n|-heal|p2a: Chansey|100/100 par\n|move|p1a: Chansey|Soft-Boiled|p1a: Chansey\n|-heal|p1a: Chansey|100/100 par\n|\n|upkeep\n|turn|39\n|\n|t:|1740230930\n|switch|p1a: Snorlax|Snorlax|67/100\n|move|p2a: Chansey|Reflect|p2a: Chansey\n|-fail|p2a: Chansey\n|\n|upkeep\n|turn|40\n|\n|t:|1740230939\n|move|p1a: Snorlax|Body Slam|p2a: Chansey\n|-damage|p2a: Chansey|81/100 par\n|cant|p2a: Chansey|par\n|\n|upkeep\n|turn|41\n|\n|t:|1740230949\n|move|p1a: Snorlax|Body Slam|p2a: Chansey\n|-damage|p2a: Chansey|59/100 par\n|move|p2a: Chansey|Thunder Wave|p1a: Snorlax\n|-status|p1a: Snorlax|par\n|\n|upkeep\n|turn|42\n|\n|t:|1740230955\n|move|p2a: Chansey|Soft-Boiled|p2a: Chansey\n|-heal|p2a: Chansey|100/100 par\n|cant|p1a: Snorlax|par\n|\n|upkeep\n|turn|43\n|\n|t:|1740230966\n|cant|p2a: Chansey|par\n|move|p1a: Snorlax|Body Slam|p2a: Chansey\n|-damage|p2a: Chansey|78/100 par\n|\n|upkeep\n|turn|44\n|\n|t:|1740230973\n|move|p2a: Chansey|Soft-Boiled|p2a: Chansey\n|-heal|p2a: Chansey|100/100 par\n|move|p1a: Snorlax|Rest|p1a: Snorlax\n|-status|p1a: Snorlax|slp|[from] move: Rest\n|-heal|p1a: Snorlax|100/100 slp|[silent]\n|\n|upkeep\n|turn|45\n|inactive|Serpi n_n has 270 seconds left.\n|\n|t:|1740231010\n|switch|p2a: Snorlax|Snorlax|100/100\n|cant|p1a: Snorlax|slp\n|\n|upkeep\n|turn|46\n|\n|t:|1740231018\n|move|p2a: Snorlax|Body Slam|p1a: Snorlax\n|-damage|p1a: Snorlax|73/100 slp\n|-curestatus|p1a: Snorlax|slp|[msg]\n|\n|upkeep\n|turn|47\n|\n|t:|1740231021\n|switch|p1a: Starmie|Starmie|100/100 par\n|move|p2a: Snorlax|Body Slam|p1a: Starmie\n|-damage|p1a: Starmie|62/100 par\n|\n|upkeep\n|turn|48\n|\n|t:|1740231035\n|move|p2a: Snorlax|Hyper Beam|p1a: Starmie\n|-damage|p1a: Starmie|1/100 par\n|-mustrecharge|p2a: Snorlax\n|move|p1a: Starmie|Thunder Wave|p2a: Snorlax\n|-status|p2a: Snorlax|par\n|\n|upkeep\n|turn|49\n|\n|t:|1740231045\n|move|p1a: Starmie|Recover|p1a: Starmie\n|-heal|p1a: Starmie|51/100 par\n|cant|p2a: Snorlax|recharge\n|\n|upkeep\n|turn|50\n|inactive|Serpi n_n has 270 seconds left.\n|\n|t:|1740231076\n|move|p1a: Starmie|Recover|p1a: Starmie\n|-heal|p1a: Starmie|100/100 par\n|move|p2a: Snorlax|Body Slam|p1a: Starmie\n|-damage|p1a: Starmie|64/100 par\n|\n|upkeep\n|turn|51\n|inactive|Serpi n_n has 270 seconds left.\n|\n|t:|1740231092\n|switch|p2a: Zapdos|Zapdos|100/100\n|cant|p1a: Starmie|par\n|\n|upkeep\n|turn|52\n|inactive|Serpi n_n has 270 seconds left.\n|\n|t:|1740231114\n|switch|p1a: Chansey|Chansey|100/100 par\n|move|p2a: Zapdos|Drill Peck|p1a: Chansey\n|-damage|p1a: Chansey|66/100 par\n|\n|upkeep\n|turn|53\n|inactive|Serpi n_n has 270 seconds left.\n|\n|t:|1740231136\n|switch|p2a: Snorlax|Snorlax|100/100 par\n|cant|p1a: Chansey|par\n|\n|upkeep\n|turn|54\n|\n|t:|1740231154\n|move|p1a: Chansey|Soft-Boiled|p1a: Chansey\n|-heal|p1a: Chansey|100/100 par\n|move|p2a: Snorlax|Body Slam|p1a: Chansey\n|-damage|p1a: Chansey|58/100 par\n|\n|upkeep\n|turn|55\n|\n|t:|1740231158\n|move|p1a: Chansey|Soft-Boiled|p1a: Chansey\n|-heal|p1a: Chansey|100/100 par\n|cant|p2a: Snorlax|par\n|\n|upkeep\n|turn|56\n|\n|t:|1740231165\n|switch|p1a: Starmie|Starmie|64/100 par\n|move|p2a: Snorlax|Earthquake|p1a: Starmie\n|-damage|p1a: Starmie|36/100 par\n|\n|upkeep\n|turn|57\n|inactive|Serpi n_n has 270 seconds left.\n|\n|t:|1740231180\n|move|p1a: Starmie|Thunder Wave|p2a: Snorlax\n|-fail|p2a: Snorlax|par\n|move|p2a: Snorlax|Body Slam|p1a: Starmie\n|-damage|p1a: Starmie|0 fnt\n|faint|p1a: Starmie\n|\n|t:|1740231185\n|switch|p1a: Snorlax|Snorlax|73/100\n|turn|58\n|inactive|Serpi n_n has 270 seconds left.\n|inactive|Serpi n_n has 240 seconds left.\n|\n|t:|1740231232\n|move|p1a: Snorlax|Body Slam|p2a: Snorlax\n|-damage|p2a: Snorlax|75/100 par\n|move|p2a: Snorlax|Body Slam|p1a: Snorlax\n|-damage|p1a: Snorlax|48/100\n|\n|upkeep\n|turn|59\n|inactive|Serpi n_n has 240 seconds left.\n|inactive|Serpi n_n has 210 seconds left.\n|inactive|Amaranth has 270 seconds left.\n|\n|t:|1740231307\n|switch|p2a: Starmie|Starmie|100/100 slp\n|move|p1a: Snorlax|Body Slam|p2a: Starmie\n|-damage|p2a: Starmie|66/100 slp\n|\n|upkeep\n|turn|60\n|\n|t:|1740231309\n|cant|p2a: Starmie|slp\n|move|p1a: Snorlax|Body Slam|p2a: Starmie\n|-damage|p2a: Starmie|31/100 slp\n|\n|upkeep\n|turn|61\n|\n|t:|1740231317\n|cant|p2a: Starmie|slp\n|move|p1a: Snorlax|Body Slam|p2a: Starmie\n|-damage|p2a: Starmie|0 fnt\n|faint|p2a: Starmie\n|inactive|Serpi n_n has 180 seconds left.\n|inactive|Serpi n_n has 150 seconds left.\n|\n|t:|1740231382\n|switch|p2a: Exeggutor|Exeggutor|73/100\n|turn|62\n|\n|t:|1740231388\n|switch|p1a: Chansey|Chansey|100/100 par\n|move|p2a: Exeggutor|Psychic|p1a: Chansey\n|-damage|p1a: Chansey|82/100 par\n|-unboost|p1a: Chansey|spa|1\n|-unboost|p1a: Chansey|spd|1\n|\n|upkeep\n|turn|63\n|inactive|Serpi n_n has 150 seconds left.\n|inactive|Serpi n_n has 120 seconds left.\n|\n|t:|1740231435\n|move|p2a: Exeggutor|Psychic|p1a: Chansey\n|-damage|p1a: Chansey|58/100 par\n|cant|p1a: Chansey|par\n|\n|upkeep\n|turn|64\n|\n|t:|1740231439\n|move|p2a: Exeggutor|Psychic|p1a: Chansey\n|-damage|p1a: Chansey|32/100 par\n|-unboost|p1a: Chansey|spa|1\n|-unboost|p1a: Chansey|spd|1\n|cant|p1a: Chansey|par\n|\n|upkeep\n|turn|65\n|c|☆Amaranth|YES\n|c|☆Amaranth|good work man\n|\n|t:|1740231451\n|switch|p1a: Jynx|Jynx|100/100 slp\n|move|p2a: Exeggutor|Psychic|p1a: Jynx\n|-crit|p1a: Jynx\n|-resisted|p1a: Jynx\n|-damage|p1a: Jynx|66/100 slp\n|-unboost|p1a: Jynx|spa|1\n|-unboost|p1a: Jynx|spd|1\n|\n|upkeep\n|turn|66\n|\n|t:|1740231459\n|switch|p1a: Alakazam|Alakazam|100/100\n|switch|p2a: Tauros|Tauros|100/100\n|\n|upkeep\n|turn|67\n|inactive|Serpi n_n has 120 seconds left.\n|\n|t:|1740231488\n|switch|p2a: Exeggutor|Exeggutor|73/100\n|move|p1a: Alakazam|Psychic|p2a: Exeggutor\n|-resisted|p2a: Exeggutor\n|-damage|p2a: Exeggutor|59/100\n|\n|upkeep\n|turn|68\n|\n|t:|1740231496\n|switch|p1a: Jynx|Jynx|66/100 slp\n|move|p2a: Exeggutor|Sleep Powder|p1a: Jynx\n|-fail|p1a: Jynx|slp\n|\n|upkeep\n|turn|69\n|\n|t:|1740231509\n|switch|p2a: Tauros|Tauros|100/100\n|cant|p1a: Jynx|slp\n|\n|upkeep\n|turn|70\n|\n|t:|1740231513\n|move|p2a: Tauros|Body Slam|p1a: Jynx\n|-damage|p1a: Jynx|11/100 slp\n|-curestatus|p1a: Jynx|slp|[msg]\n|\n|upkeep\n|turn|71\n|\n|t:|1740231515\n|move|p2a: Tauros|Body Slam|p1a: Jynx\n|-damage|p1a: Jynx|0 fnt\n|faint|p1a: Jynx\n|\n|t:|1740231516\n|switch|p1a: Tauros|Tauros|100/100\n|turn|72\n|inactive|Serpi n_n has 150 seconds left.\n|\n|t:|1740231529\n|move|p1a: Tauros|Body Slam|p2a: Tauros\n|-damage|p2a: Tauros|71/100\n|move|p2a: Tauros|Body Slam|p1a: Tauros\n|-damage|p1a: Tauros|72/100\n|\n|upkeep\n|turn|73\n|inactive|Serpi n_n has 150 seconds left.\n|\n|t:|1740231544\n|move|p2a: Tauros|Body Slam|p1a: Tauros\n|-crit|p1a: Tauros\n|-damage|p1a: Tauros|12/100\n|move|p1a: Tauros|Body Slam|p2a: Tauros\n|-damage|p2a: Tauros|44/100\n|\n|upkeep\n|turn|74\n|inactive|Serpi n_n has 150 seconds left.\n|\n|t:|1740231559\n|move|p1a: Tauros|Hyper Beam|p2a: Tauros\n|-crit|p2a: Tauros\n|-damage|p2a: Tauros|0 fnt\n|faint|p2a: Tauros\n|\n|t:|1740231584\n|switch|p2a: Snorlax|Snorlax|75/100 par\n|turn|75\n|\n|t:|1740231587\n|move|p1a: Tauros|Rest|p1a: Tauros\n|-status|p1a: Tauros|slp|[from] move: Rest\n|-heal|p1a: Tauros|100/100 slp|[silent]\n|move|p2a: Snorlax|Body Slam|p1a: Tauros\n|-crit|p1a: Tauros\n|-damage|p1a: Tauros|38/100 slp\n|\n|upkeep\n|turn|76\n|c|☆Amaranth|yesssss\n|inactive|Serpi n_n has 120 seconds left.\n|\n|t:|1740231621\n|switch|p1a: Snorlax|Snorlax|48/100\n|switch|p2a: Zapdos|Zapdos|100/100\n|\n|upkeep\n|turn|77\n|inactive|Serpi n_n has 120 seconds left.\n|\n|t:|1740231650\n|switch|p1a: Alakazam|Alakazam|100/100\n|move|p2a: Zapdos|Thunderbolt|p1a: Alakazam\n|-damage|p1a: Alakazam|67/100\n|\n|upkeep\n|turn|78\n|inactive|Serpi n_n has 120 seconds left.\n|inactive|Serpi n_n has 90 seconds left.\n|\n|t:|1740231697\n|switch|p2a: Chansey|Chansey|100/100 par\n|move|p1a: Alakazam|Thunder Wave|p2a: Chansey\n|-fail|p2a: Chansey|par\n|\n|upkeep\n|turn|79\n|\n|t:|1740231715\n|switch|p1a: Chansey|Chansey|32/100 par\n|cant|p2a: Chansey|par\n|\n|upkeep\n|turn|80\n|\n|t:|1740231722\n|switch|p2a: Snorlax|Snorlax|75/100 par\n|cant|p1a: Chansey|par\n|\n|upkeep\n|turn|81\n|\n|t:|1740231725\n|move|p1a: Chansey|Soft-Boiled|p1a: Chansey\n|-heal|p1a: Chansey|82/100 par\n|move|p2a: Snorlax|Body Slam|p1a: Chansey\n|-damage|p1a: Chansey|38/100 par\n|\n|upkeep\n|turn|82\n|\n|t:|1740231728\n|cant|p1a: Chansey|par\n|cant|p2a: Snorlax|par\n|\n|upkeep\n|turn|83\n|\n|t:|1740231729\n|cant|p1a: Chansey|par\n|move|p2a: Snorlax|Body Slam|p1a: Chansey\n|-damage|p1a: Chansey|0 fnt\n|faint|p1a: Chansey\n|\n|t:|1740231734\n|switch|p1a: Snorlax|Snorlax|48/100\n|turn|84\n|inactive|Serpi n_n has 120 seconds left.\n|\n|t:|1740231752\n|switch|p1a: Tauros|Tauros|38/100 slp\n|move|p2a: Snorlax|Self-Destruct|p1a: Tauros\n|-crit|p1a: Tauros\n|-damage|p1a: Tauros|0 fnt\n|faint|p1a: Tauros\n|faint|p2a: Snorlax\n|\n|t:|1740231759\n|switch|p1a: Alakazam|Alakazam|67/100\n|switch|p2a: Exeggutor|Exeggutor|59/100\n|turn|85\n|inactive|Serpi n_n has 120 seconds left.\n|\n|t:|1740231766\n|move|p1a: Alakazam|Thunder Wave|p2a: Exeggutor\n|-status|p2a: Exeggutor|par\n|cant|p2a: Exeggutor|par\n|\n|upkeep\n|turn|86\n|\n|t:|1740231774\n|switch|p1a: Snorlax|Snorlax|48/100\n|move|p2a: Exeggutor|Explosion|p1a: Snorlax\n|-damage|p1a: Snorlax|0 fnt\n|faint|p1a: Snorlax\n|faint|p2a: Exeggutor\n|\n|t:|1740231778\n|switch|p1a: Alakazam|Alakazam|67/100\n|switch|p2a: Chansey|Chansey|100/100 par\n|turn|87\n|\n|t:|1740231791\n|move|p1a: Alakazam|Psychic|p2a: Chansey\n|-damage|p2a: Chansey|82/100 par\n|-unboost|p2a: Chansey|spa|1\n|-unboost|p2a: Chansey|spd|1\n|move|p2a: Chansey|Thunder Wave|p1a: Alakazam\n|-status|p1a: Alakazam|par\n|\n|upkeep\n|turn|88\n|inactive|Serpi n_n has 150 seconds left.\n|\n|t:|1740231796\n|move|p1a: Alakazam|Psychic|p2a: Chansey\n|-damage|p2a: Chansey|54/100 par\n|-unboost|p2a: Chansey|spa|1\n|-unboost|p2a: Chansey|spd|1\n|move|p2a: Chansey|Seismic Toss|p1a: Alakazam\n|-damage|p1a: Alakazam|35/100 par\n|\n|upkeep\n|turn|89\n|inactive|Serpi n_n has 150 seconds left.\n|\n|t:|1740231817\n|move|p1a: Alakazam|Thunder Wave|p2a: Chansey\n|-fail|p2a: Chansey|par\n|move|p2a: Chansey|Seismic Toss|p1a: Alakazam\n|-damage|p1a: Alakazam|3/100 par\n|\n|upkeep\n|turn|90\n|inactive|Serpi n_n has 150 seconds left.\n|\n|t:|1740231823\n|switch|p2a: Zapdos|Zapdos|100/100\n|move|p1a: Alakazam|Recover|p1a: Alakazam\n|-heal|p1a: Alakazam|53/100 par\n|\n|upkeep\n|turn|91\n|inactive|Serpi n_n has 150 seconds left.\n|\n|t:|1740231834\n|move|p2a: Zapdos|Drill Peck|p1a: Alakazam\n|-damage|p1a: Alakazam|11/100 par\n|cant|p1a: Alakazam|par\n|\n|upkeep\n|turn|92\n|c|☆Amaranth|ggs\n|\n|t:|1740231840\n|move|p2a: Zapdos|Drill Peck|p1a: Alakazam\n|-crit|p1a: Alakazam\n|-damage|p1a: Alakazam|0 fnt\n|faint|p1a: Alakazam\n|\n|win|Serpi n_n\n|c|☆Serpi n_n|ggs\n|c|☆Serpi n_n|sry 4 luck\n|player|p2|\n|c|☆Amaranth|appreciate it\n|player|p2|Serpi n_n|#splxviraiders|\n","uploadtime":1740231840,"views":"2101","formatid":"gen1ou","rating":null,"private":0,"password":null}