{"id":"smogtours-gen1ou-824072","format":"[Gen 1] OU","players":["Amaranth","I ❤️ SZA"],"log":"|inactive|Battle timer is ON: inactive players will automatically lose when time's up.\n|t:|1741534366\n|gametype|singles\n|player|p1|Amaranth|#amaranth|\n|player|p2|I ❤️ SZA|#scl3machines|\n|teamsize|p1|6\n|teamsize|p2|6\n|gen|1\n|tier|[Gen 1] OU\n|rule|Desync Clause Mod: Desyncs changed to move failure.\n|rule|Sleep Clause Mod: Limit one foe put to sleep\n|rule|Freeze Clause Mod: Limit one foe frozen\n|rule|Species Clause: Limit one of each Pokémon\n|rule|OHKO Clause: OHKO moves are banned\n|rule|Evasion Moves Clause: Evasion moves are banned\n|rule|Endless Battle Clause: Forcing endless battles is banned\n|rule|HP Percentage Mod: HP is shown in percentages\n|\n|t:|1741534366\n|start\n|switch|p1a: Jynx|Jynx|100/100\n|switch|p2a: Alakazam|Alakazam|100/100\n|turn|1\n|c|☆I ❤️ SZA|Hf\n|c|☆Amaranth|glhf\n|rated|Smogon Premier League\n|\n|t:|1741534383\n|move|p2a: Alakazam|Thunder Wave|p1a: Jynx\n|-status|p1a: Jynx|par\n|move|p1a: Jynx|Lovely Kiss|p2a: Alakazam|[miss]\n|-miss|p1a: Jynx\n|\n|upkeep\n|turn|2\n|\n|t:|1741534388\n|move|p2a: Alakazam|Seismic Toss|p1a: Jynx\n|-damage|p1a: Jynx|70/100 par\n|move|p1a: Jynx|Lovely Kiss|p2a: Alakazam\n|-status|p2a: Alakazam|slp|[from] move: Lovely Kiss\n|\n|upkeep\n|turn|3\n|\n|t:|1741534397\n|switch|p2a: Starmie|Starmie|100/100\n|move|p1a: Jynx|Blizzard|p2a: Starmie\n|-crit|p2a: Starmie\n|-resisted|p2a: Starmie\n|-damage|p2a: Starmie|62/100\n|\n|upkeep\n|turn|4\n|\n|t:|1741534406\n|switch|p1a: Chansey|Chansey|100/100\n|move|p2a: Starmie|Recover|p2a: Starmie\n|-heal|p2a: Starmie|100/100\n|\n|upkeep\n|turn|5\n|\n|t:|1741534419\n|switch|p2a: Alakazam|Alakazam|100/100 slp\n|move|p1a: Chansey|Ice Beam|p2a: Alakazam\n|-damage|p2a: Alakazam|80/100 slp\n|\n|upkeep\n|turn|6\n|\n|t:|1741534428\n|cant|p2a: Alakazam|slp\n|move|p1a: Chansey|Ice Beam|p2a: Alakazam\n|-damage|p2a: Alakazam|62/100 slp\n|\n|upkeep\n|turn|7\n|\n|t:|1741534431\n|switch|p1a: Tauros|Tauros|100/100\n|-curestatus|p2a: Alakazam|slp|[msg]\n|\n|upkeep\n|turn|8\n|\n|t:|1741534459\n|move|p2a: Alakazam|Psychic|p1a: Tauros\n|-damage|p1a: Tauros|54/100\n|-unboost|p1a: Tauros|spa|1\n|-unboost|p1a: Tauros|spd|1\n|move|p1a: Tauros|Hyper Beam|p2a: Alakazam|[miss]\n|-miss|p1a: Tauros\n|\n|upkeep\n|turn|9\n|\n|t:|1741534471\n|switch|p1a: Chansey|Chansey|100/100\n|move|p2a: Alakazam|Psychic|p1a: Chansey\n|-damage|p1a: Chansey|84/100\n|-unboost|p1a: Chansey|spa|1\n|-unboost|p1a: Chansey|spd|1\n|\n|upkeep\n|turn|10\n|\n|t:|1741534478\n|move|p2a: Alakazam|Recover|p2a: Alakazam\n|-heal|p2a: Alakazam|100/100\n|move|p1a: Chansey|Sing|p2a: Alakazam|[miss]\n|-miss|p1a: Chansey\n|\n|upkeep\n|turn|11\n|inactive|I ❤️ SZA has 270 seconds left.\n|inactive|I ❤️ SZA has 240 seconds left.\n|\n|t:|1741534538\n|move|p2a: Alakazam|Psychic|p1a: Chansey\n|-crit|p1a: Chansey\n|-damage|p1a: Chansey|48/100\n|-unboost|p1a: Chansey|spa|1\n|-unboost|p1a: Chansey|spd|1\n|move|p1a: Chansey|Sing|p2a: Alakazam\n|-status|p2a: Alakazam|slp|[from] move: Sing\n|\n|upkeep\n|turn|12\n|inactive|I ❤️ SZA has 240 seconds left.\n|\n|t:|1741534544\n|switch|p2a: Exeggutor|Exeggutor|100/100\n|move|p1a: Chansey|Soft-Boiled|p1a: Chansey\n|-heal|p1a: Chansey|98/100\n|\n|upkeep\n|turn|13\n|\n|t:|1741534551\n|move|p2a: Exeggutor|Sleep Powder|p1a: Chansey\n|-status|p1a: Chansey|slp|[from] move: Sleep Powder\n|-curestatus|p1a: Chansey|slp|[msg]\n|\n|upkeep\n|turn|14\n|\n|t:|1741534561\n|switch|p1a: Jynx|Jynx|70/100 par\n|move|p2a: Exeggutor|Sleep Powder|p1a: Jynx\n|-fail|p1a: Jynx\n|\n|upkeep\n|turn|15\n|\n|t:|1741534569\n|switch|p2a: Starmie|Starmie|100/100\n|move|p1a: Jynx|Blizzard|p2a: Starmie\n|-resisted|p2a: Starmie\n|-damage|p2a: Starmie|80/100\n|\n|upkeep\n|turn|16\n|\n|t:|1741534574\n|move|p2a: Starmie|Blizzard|p1a: Jynx\n|-resisted|p1a: Jynx\n|-damage|p1a: Jynx|57/100 par\n|move|p1a: Jynx|Blizzard|p2a: Starmie\n|-resisted|p2a: Starmie\n|-damage|p2a: Starmie|58/100\n|\n|upkeep\n|turn|17\n|\n|t:|1741534582\n|move|p2a: Starmie|Recover|p2a: Starmie\n|-heal|p2a: Starmie|100/100\n|cant|p1a: Jynx|par\n|\n|upkeep\n|turn|18\n|\n|t:|1741534586\n|move|p2a: Starmie|Psychic|p1a: Jynx\n|-resisted|p1a: Jynx\n|-damage|p1a: Jynx|42/100 par\n|move|p1a: Jynx|Rest|p1a: Jynx\n|-status|p1a: Jynx|slp|[from] move: Rest\n|-heal|p1a: Jynx|100/100 slp|[silent]\n|\n|upkeep\n|turn|19\n|\n|t:|1741534591\n|switch|p2a: Exeggutor|Exeggutor|100/100\n|cant|p1a: Jynx|slp\n|\n|upkeep\n|turn|20\n|\n|t:|1741534597\n|move|p2a: Exeggutor|Psychic|p1a: Jynx\n|-resisted|p1a: Jynx\n|-damage|p1a: Jynx|81/100 slp\n|-curestatus|p1a: Jynx|slp|[msg]\n|\n|upkeep\n|turn|21\n|\n|t:|1741534600\n|move|p2a: Exeggutor|Sleep Powder|p1a: Jynx\n|-status|p1a: Jynx|slp|[from] move: Sleep Powder\n|cant|p1a: Jynx|slp\n|\n|upkeep\n|turn|22\n|inactive|I ❤️ SZA has 270 seconds left.\n|\n|t:|1741534634\n|switch|p2a: Snorlax|Snorlax|100/100\n|switch|p1a: Chansey|Chansey|98/100\n|\n|upkeep\n|turn|23\n|inactive|I ❤️ SZA has 270 seconds left.\n|\n|t:|1741534674\n|switch|p2a: Starmie|Starmie|100/100\n|move|p1a: Chansey|Thunder Wave|p2a: Starmie\n|-status|p2a: Starmie|par\n|\n|upkeep\n|turn|24\n|\n|t:|1741534681\n|switch|p1a: Starmie|Starmie|100/100\n|cant|p2a: Starmie|par\n|\n|upkeep\n|turn|25\n|\n|t:|1741534689\n|switch|p2a: Exeggutor|Exeggutor|100/100\n|move|p1a: Starmie|Thunderbolt|p2a: Exeggutor\n|-crit|p2a: Exeggutor\n|-resisted|p2a: Exeggutor\n|-damage|p2a: Exeggutor|86/100\n|\n|upkeep\n|turn|26\n|\n|t:|1741534704\n|move|p1a: Starmie|Thunder Wave|p2a: Exeggutor\n|-status|p2a: Exeggutor|par\n|move|p2a: Exeggutor|Psychic|p1a: Starmie\n|-resisted|p1a: Starmie\n|-damage|p1a: Starmie|80/100\n|-unboost|p1a: Starmie|spa|1\n|-unboost|p1a: Starmie|spd|1\n|\n|upkeep\n|turn|27\n|\n|t:|1741534709\n|switch|p1a: Chansey|Chansey|98/100\n|move|p2a: Exeggutor|Mega Drain|p1a: Chansey\n|-damage|p1a: Chansey|91/100\n|-heal|p2a: Exeggutor|92/100 par|[from] drain|[of] p1a: Chansey\n|\n|upkeep\n|turn|28\n|\n|t:|1741534723\n|switch|p1a: Starmie|Starmie|80/100\n|switch|p2a: Starmie|Starmie|100/100 par\n|\n|upkeep\n|turn|29\n|\n|t:|1741534739\n|switch|p2a: Exeggutor|Exeggutor|92/100 par\n|move|p1a: Starmie|Thunderbolt|p2a: Exeggutor\n|-crit|p2a: Exeggutor\n|-resisted|p2a: Exeggutor\n|-damage|p2a: Exeggutor|78/100 par\n|\n|upkeep\n|turn|30\n|inactive|Amaranth has 270 seconds left.\n|\n|t:|1741534768\n|move|p1a: Starmie|Surf|p2a: Exeggutor\n|-resisted|p2a: Exeggutor\n|-damage|p2a: Exeggutor|65/100 par\n|move|p2a: Exeggutor|Mega Drain|p1a: Starmie\n|-supereffective|p1a: Starmie\n|-damage|p1a: Starmie|48/100\n|-heal|p2a: Exeggutor|79/100 par|[from] drain|[of] p1a: Starmie\n|\n|upkeep\n|turn|31\n|\n|t:|1741534774\n|move|p1a: Starmie|Recover|p1a: Starmie\n|-heal|p1a: Starmie|97/100\n|move|p2a: Exeggutor|Mega Drain|p1a: Starmie\n|-supereffective|p1a: Starmie\n|-damage|p1a: Starmie|62/100\n|-heal|p2a: Exeggutor|93/100 par|[from] drain|[of] p1a: Starmie\n|\n|upkeep\n|turn|32\n|\n|t:|1741534781\n|move|p1a: Starmie|Recover|p1a: Starmie\n|-heal|p1a: Starmie|100/100\n|move|p2a: Exeggutor|Psychic|p1a: Starmie\n|-resisted|p1a: Starmie\n|-damage|p1a: Starmie|82/100\n|\n|upkeep\n|turn|33\n|\n|t:|1741534787\n|move|p1a: Starmie|Recover|p1a: Starmie\n|-heal|p1a: Starmie|100/100\n|move|p2a: Exeggutor|Mega Drain|p1a: Starmie\n|-supereffective|p1a: Starmie\n|-damage|p1a: Starmie|65/100\n|-heal|p2a: Exeggutor|100/100 par|[from] drain|[of] p1a: Starmie\n|\n|upkeep\n|turn|34\n|\n|t:|1741534791\n|move|p1a: Starmie|Recover|p1a: Starmie\n|-heal|p1a: Starmie|100/100\n|move|p2a: Exeggutor|Psychic|p1a: Starmie\n|-resisted|p1a: Starmie\n|-damage|p1a: Starmie|80/100\n|-unboost|p1a: Starmie|spa|1\n|-unboost|p1a: Starmie|spd|1\n|\n|upkeep\n|turn|35\n|\n|t:|1741534794\n|switch|p1a: Chansey|Chansey|91/100\n|switch|p2a: Starmie|Starmie|100/100 par\n|\n|upkeep\n|turn|36\n|\n|t:|1741534819\n|switch|p1a: Jynx|Jynx|81/100 slp\n|move|p2a: Starmie|Thunder Wave|p1a: Jynx\n|-fail|p1a: Jynx\n|\n|upkeep\n|turn|37\n|\n|t:|1741534826\n|switch|p2a: Snorlax|Snorlax|100/100\n|-curestatus|p1a: Jynx|slp|[msg]\n|\n|upkeep\n|turn|38\n|\n|t:|1741534833\n|switch|p1a: Cloyster|Cloyster|100/100\n|switch|p2a: Starmie|Starmie|100/100 par\n|\n|upkeep\n|turn|39\n|\n|t:|1741534841\n|move|p1a: Cloyster|Clamp|p2a: Starmie\n|-resisted|p2a: Starmie\n|-damage|p2a: Starmie|95/100 par\n|cant|p2a: Starmie|partiallytrapped\n|\n|upkeep\n|turn|40\n|\n|t:|1741534846\n|switch|p2a: Alakazam|Alakazam|100/100 slp\n|move|p1a: Cloyster|Clamp|p2a: Alakazam\n|-damage|p2a: Alakazam|91/100 slp\n|\n|upkeep\n|turn|41\n|\n|t:|1741534849\n|switch|p2a: Starmie|Starmie|95/100 par\n|switch|p1a: Tauros|Tauros|54/100\n|\n|upkeep\n|turn|42\n|\n|t:|1741534856\n|move|p1a: Tauros|Body Slam|p2a: Starmie\n|-damage|p2a: Starmie|60/100 par\n|move|p2a: Starmie|Blizzard|p1a: Tauros|[miss]\n|-miss|p2a: Starmie\n|\n|upkeep\n|turn|43\n|\n|t:|1741534870\n|switch|p2a: Snorlax|Snorlax|100/100\n|move|p1a: Tauros|Body Slam|p2a: Snorlax\n|-damage|p2a: Snorlax|75/100\n|\n|upkeep\n|turn|44\n|\n|t:|1741534874\n|switch|p1a: Cloyster|Cloyster|100/100\n|move|p2a: Snorlax|Body Slam|p1a: Cloyster\n|-damage|p1a: Cloyster|77/100\n|-status|p1a: Cloyster|par\n|\n|upkeep\n|turn|45\n|\n|t:|1741534906\n|switch|p1a: Tauros|Tauros|54/100\n|move|p2a: Snorlax|Body Slam|p1a: Tauros\n|-damage|p1a: Tauros|25/100\n|\n|upkeep\n|turn|46\n|inactive|Amaranth has 270 seconds left.\n|inactive|I ❤️ SZA has 270 seconds left.\n|inactive|I ❤️ SZA has 240 seconds left.\n|inactive|I ❤️ SZA has 210 seconds left.\n|inactive|I ❤️ SZA has 180 seconds left.\n|\n|t:|1741535018\n|switch|p1a: Rhydon|Rhydon|100/100\n|switch|p2a: Exeggutor|Exeggutor|100/100 par\n|\n|upkeep\n|turn|47\n|inactive|Amaranth has 270 seconds left.\n|inactive|I ❤️ SZA has 180 seconds left.\n|\n|t:|1741535052\n|switch|p1a: Jynx|Jynx|81/100\n|move|p2a: Exeggutor|Sleep Powder|p1a: Jynx\n|-status|p1a: Jynx|slp|[from] move: Sleep Powder\n|\n|upkeep\n|turn|48\n|inactive|I ❤️ SZA has 180 seconds left.\n|\n|t:|1741535064\n|switch|p1a: Chansey|Chansey|91/100\n|switch|p2a: Tauros|Tauros|100/100\n|\n|upkeep\n|turn|49\n|inactive|I ❤️ SZA has 180 seconds left.\n|inactive|Amaranth has 240 seconds left.\n|\n|t:|1741535109\n|switch|p2a: Starmie|Starmie|60/100 par\n|switch|p1a: Starmie|Starmie|80/100\n|\n|upkeep\n|turn|50\n|\n|t:|1741535116\n|switch|p1a: Cloyster|Cloyster|77/100 par\n|switch|p2a: Exeggutor|Exeggutor|100/100 par\n|\n|upkeep\n|turn|51\n|inactive|Amaranth has 210 seconds left.\n|inactive|I ❤️ SZA has 150 seconds left.\n|\n|t:|1741535162\n|cant|p1a: Cloyster|par\n|move|p2a: Exeggutor|Mega Drain|p1a: Cloyster\n|-supereffective|p1a: Cloyster\n|-damage|p1a: Cloyster|38/100 par\n|\n|upkeep\n|turn|52\n|inactive|I ❤️ SZA has 150 seconds left.\n|\n|t:|1741535175\n|move|p1a: Cloyster|Rest|p1a: Cloyster\n|-status|p1a: Cloyster|slp|[from] move: Rest\n|-heal|p1a: Cloyster|100/100 slp|[silent]\n|move|p2a: Exeggutor|Mega Drain|p1a: Cloyster\n|-supereffective|p1a: Cloyster\n|-damage|p1a: Cloyster|59/100 slp\n|\n|upkeep\n|turn|53\n|inactive|I ❤️ SZA has 150 seconds left.\n|inactive|I ❤️ SZA has 120 seconds left.\n|\n|t:|1741535227\n|switch|p1a: Starmie|Starmie|80/100\n|move|p2a: Exeggutor|Psychic|p1a: Starmie\n|-resisted|p1a: Starmie\n|-damage|p1a: Starmie|61/100\n|-unboost|p1a: Starmie|spa|1\n|-unboost|p1a: Starmie|spd|1\n|\n|upkeep\n|turn|54\n|\n|t:|1741535234\n|move|p1a: Starmie|Recover|p1a: Starmie\n|-heal|p1a: Starmie|100/100\n|cant|p2a: Exeggutor|par\n|\n|upkeep\n|turn|55\n|\n|t:|1741535244\n|switch|p1a: Chansey|Chansey|91/100\n|move|p2a: Exeggutor|Psychic|p1a: Chansey\n|-damage|p1a: Chansey|74/100\n|\n|upkeep\n|turn|56\n|inactive|I ❤️ SZA has 120 seconds left.\n|\n|t:|1741535258\n|switch|p1a: Starmie|Starmie|100/100\n|switch|p2a: Starmie|Starmie|60/100 par\n|\n|upkeep\n|turn|57\n|\n|t:|1741535265\n|switch|p2a: Exeggutor|Exeggutor|100/100 par\n|move|p1a: Starmie|Thunderbolt|p2a: Exeggutor\n|-crit|p2a: Exeggutor\n|-resisted|p2a: Exeggutor\n|-damage|p2a: Exeggutor|85/100 par\n|\n|upkeep\n|turn|58\n|\n|t:|1741535271\n|move|p1a: Starmie|Surf|p2a: Exeggutor\n|-resisted|p2a: Exeggutor\n|-damage|p2a: Exeggutor|73/100 par\n|move|p2a: Exeggutor|Psychic|p1a: Starmie\n|-resisted|p1a: Starmie\n|-damage|p1a: Starmie|82/100\n|-unboost|p1a: Starmie|spa|1\n|-unboost|p1a: Starmie|spd|1\n|\n|upkeep\n|turn|59\n|\n|t:|1741535277\n|switch|p1a: Chansey|Chansey|74/100\n|switch|p2a: Starmie|Starmie|60/100 par\n|\n|upkeep\n|turn|60\n|inactive|Amaranth has 240 seconds left.\n|inactive|I ❤️ SZA has 150 seconds left.\n|\n|t:|1741535288\n|switch|p1a: Tauros|Tauros|25/100\n|move|p2a: Starmie|Recover|p2a: Starmie\n|-heal|p2a: Starmie|100/100 par\n|\n|upkeep\n|turn|61\n|\n|t:|1741535295\n|move|p1a: Tauros|Rest|p1a: Tauros\n|-status|p1a: Tauros|slp|[from] move: Rest\n|-heal|p1a: Tauros|100/100 slp|[silent]\n|move|p2a: Starmie|Thunder Wave|p1a: Tauros\n|-fail|p1a: Tauros\n|\n|upkeep\n|turn|62\n|\n|t:|1741535301\n|cant|p1a: Tauros|slp\n|move|p2a: Starmie|Psychic|p1a: Tauros\n|-damage|p1a: Tauros|65/100 slp\n|\n|upkeep\n|turn|63\n|\n|t:|1741535318\n|switch|p1a: Chansey|Chansey|74/100\n|cant|p2a: Starmie|par\n|\n|upkeep\n|turn|64\n|\n|t:|1741535324\n|move|p1a: Chansey|Soft-Boiled|p1a: Chansey\n|-heal|p1a: Chansey|100/100\n|move|p2a: Starmie|Thunder Wave|p1a: Chansey\n|-status|p1a: Chansey|par\n|\n|upkeep\n|turn|65\n|inactive|I ❤️ SZA has 180 seconds left.\n|\n|t:|1741535335\n|move|p2a: Starmie|Thunder Wave|p1a: Chansey\n|-fail|p1a: Chansey|par\n|move|p1a: Chansey|Sing|p2a: Starmie\n|-fail|p2a: Starmie\n|\n|upkeep\n|turn|66\n|\n|t:|1741535338\n|cant|p2a: Starmie|par\n|move|p1a: Chansey|Thunder Wave|p2a: Starmie\n|-fail|p2a: Starmie|par\n|\n|upkeep\n|turn|67\n|\n|t:|1741535343\n|move|p2a: Starmie|Psychic|p1a: Chansey\n|-damage|p1a: Chansey|87/100 par\n|move|p1a: Chansey|Sing|p2a: Starmie\n|-fail|p2a: Starmie\n|\n|upkeep\n|turn|68\n|\n|t:|1741535354\n|cant|p2a: Starmie|par\n|move|p1a: Chansey|Thunder Wave|p2a: Starmie\n|-fail|p2a: Starmie|par\n|\n|upkeep\n|turn|69\n|\n|t:|1741535358\n|cant|p2a: Starmie|par\n|move|p1a: Chansey|Sing|p2a: Starmie\n|-fail|p2a: Starmie\n|\n|upkeep\n|turn|70\n|\n|t:|1741535366\n|switch|p1a: Jynx|Jynx|81/100 slp\n|cant|p2a: Starmie|par\n|\n|upkeep\n|turn|71\n|\n|t:|1741535370\n|switch|p1a: Chansey|Chansey|87/100 par\n|switch|p2a: Snorlax|Snorlax|75/100\n|\n|upkeep\n|turn|72\n|inactive|I ❤️ SZA has 240 seconds left.\n|inactive|I ❤️ SZA has 210 seconds left.\n|\n|t:|1741535414\n|switch|p1a: Rhydon|Rhydon|100/100\n|move|p2a: Snorlax|Earthquake|p1a: Rhydon\n|-supereffective|p1a: Rhydon\n|-damage|p1a: Rhydon|66/100\n|\n|upkeep\n|turn|73\n|inactive|I ❤️ SZA has 210 seconds left.\n|\n|t:|1741535428\n|move|p1a: Rhydon|Earthquake|p2a: Snorlax\n|-damage|p2a: Snorlax|38/100\n|move|p2a: Snorlax|Earthquake|p1a: Rhydon\n|-supereffective|p1a: Rhydon\n|-damage|p1a: Rhydon|29/100\n|\n|upkeep\n|turn|74\n|inactive|I ❤️ SZA has 210 seconds left.\n|inactive|Amaranth has 270 seconds left.\n|\n|t:|1741535467\n|switch|p1a: Tauros|Tauros|65/100 slp\n|move|p2a: Snorlax|Earthquake|p1a: Tauros\n|-damage|p1a: Tauros|40/100 slp\n|\n|upkeep\n|turn|75\n|\n|t:|1741535476\n|-curestatus|p1a: Tauros|slp|[msg]\n|move|p2a: Snorlax|Hyper Beam|p1a: Tauros\n|-damage|p1a: Tauros|0 fnt\n|faint|p1a: Tauros\n|inactive|Amaranth has 270 seconds left.\n|\n|t:|1741535500\n|switch|p1a: Starmie|Starmie|82/100\n|turn|76\n|inactive|I ❤️ SZA has 180 seconds left.\n|\n|t:|1741535547\n|switch|p1a: Cloyster|Cloyster|59/100 slp\n|switch|p2a: Exeggutor|Exeggutor|73/100 par\n|\n|upkeep\n|turn|77\n|\n|t:|1741535556\n|cant|p1a: Cloyster|slp\n|move|p2a: Exeggutor|Mega Drain|p1a: Cloyster\n|-supereffective|p1a: Cloyster\n|-damage|p1a: Cloyster|21/100 slp\n|-heal|p2a: Exeggutor|88/100 par|[from] drain|[of] p1a: Cloyster\n|\n|upkeep\n|turn|78\n|\n|t:|1741535563\n|-curestatus|p1a: Cloyster|slp|[msg]\n|move|p2a: Exeggutor|Psychic|p1a: Cloyster\n|-crit|p1a: Cloyster\n|-damage|p1a: Cloyster|0 fnt\n|faint|p1a: Cloyster\n|inactive|Amaranth has 270 seconds left.\n|\n|t:|1741535590\n|switch|p1a: Chansey|Chansey|87/100 par\n|turn|79\n|inactive|Amaranth has 270 seconds left.\n|inactive|I ❤️ SZA has 180 seconds left.\n|\n|t:|1741535602\n|switch|p2a: Starmie|Starmie|100/100 par\n|switch|p1a: Starmie|Starmie|82/100\n|\n|upkeep\n|turn|80\n|\n|t:|1741535608\n|switch|p2a: Exeggutor|Exeggutor|88/100 par\n|move|p1a: Starmie|Thunderbolt|p2a: Exeggutor\n|-resisted|p2a: Exeggutor\n|-damage|p2a: Exeggutor|80/100 par\n|\n|upkeep\n|turn|81\n|\n|t:|1741535612\n|move|p1a: Starmie|Surf|p2a: Exeggutor\n|-resisted|p2a: Exeggutor\n|-damage|p2a: Exeggutor|68/100 par\n|move|p2a: Exeggutor|Psychic|p1a: Starmie\n|-resisted|p1a: Starmie\n|-damage|p1a: Starmie|63/100\n|\n|upkeep\n|turn|82\n|\n|t:|1741535617\n|move|p1a: Starmie|Surf|p2a: Exeggutor\n|-crit|p2a: Exeggutor\n|-resisted|p2a: Exeggutor\n|-damage|p2a: Exeggutor|43/100 par\n|cant|p2a: Exeggutor|par\n|\n|upkeep\n|turn|83\n|\n|t:|1741535623\n|move|p1a: Starmie|Surf|p2a: Exeggutor\n|-resisted|p2a: Exeggutor\n|-damage|p2a: Exeggutor|30/100 par\n|move|p2a: Exeggutor|Mega Drain|p1a: Starmie\n|-supereffective|p1a: Starmie\n|-damage|p1a: Starmie|28/100\n|-heal|p2a: Exeggutor|45/100 par|[from] drain|[of] p1a: Starmie\n|\n|upkeep\n|turn|84\n|\n|t:|1741535628\n|move|p1a: Starmie|Recover|p1a: Starmie\n|-heal|p1a: Starmie|78/100\n|move|p2a: Exeggutor|Mega Drain|p1a: Starmie\n|-crit|p1a: Starmie\n|-supereffective|p1a: Starmie\n|-damage|p1a: Starmie|13/100\n|-heal|p2a: Exeggutor|71/100 par|[from] drain|[of] p1a: Starmie\n|\n|upkeep\n|turn|85\n|\n|t:|1741535631\n|move|p1a: Starmie|Recover|p1a: Starmie\n|-heal|p1a: Starmie|63/100\n|move|p2a: Exeggutor|Explosion|p1a: Starmie\n|-damage|p1a: Starmie|0 fnt\n|faint|p1a: Starmie\n|faint|p2a: Exeggutor\n|inactive|I ❤️ SZA has 240 seconds left.\n|inactive|I ❤️ SZA has 210 seconds left.\n|\n|t:|1741535681\n|switch|p1a: Chansey|Chansey|87/100 par\n|switch|p2a: Snorlax|Snorlax|38/100\n|turn|86\n|\n|t:|1741535694\n|switch|p1a: Jynx|Jynx|81/100 slp\n|move|p2a: Snorlax|Body Slam|p1a: Jynx\n|-damage|p1a: Jynx|21/100 slp\n|\n|upkeep\n|turn|87\n|\n|t:|1741535700\n|-curestatus|p1a: Jynx|slp|[msg]\n|move|p2a: Snorlax|Body Slam|p1a: Jynx\n|-damage|p1a: Jynx|0 fnt\n|faint|p1a: Jynx\n|\n|t:|1741535702\n|switch|p1a: Rhydon|Rhydon|29/100\n|turn|88\n|\n|t:|1741535708\n|move|p1a: Rhydon|Earthquake|p2a: Snorlax\n|-damage|p2a: Snorlax|2/100\n|move|p2a: Snorlax|Earthquake|p1a: Rhydon\n|-supereffective|p1a: Rhydon\n|-damage|p1a: Rhydon|0 fnt\n|faint|p1a: Rhydon\n|\n|t:|1741535711\n|switch|p1a: Chansey|Chansey|87/100 par\n|turn|89\n|\n|t:|1741535714\n|move|p2a: Snorlax|Self-Destruct|p1a: Chansey\n|-damage|p1a: Chansey|0 fnt\n|faint|p1a: Chansey\n|faint|p2a: Snorlax\n|\n|win|I ❤️ SZA\n","uploadtime":1741535714,"views":"1991","formatid":"gen1ou","rating":null,"private":0,"password":null}