{"id":"smogtours-gen1ou-958189","format":"[Gen 1] OU","players":["Kaz","emma"],"log":"|inactive|Battle timer is ON: inactive players will automatically lose when time's up.\n|t:|1784748256\n|gametype|singles\n|player|p1|Kaz|#kaz|\n|player|p2|emma|#rbywc2024|\n|gen|1\n|tier|[Gen 1] OU\n|rule|Desync Clause Mod: Desyncs resolve to link battle behavior from the acting player's perspective.\n|rule|HP Percentage Mod: HP is shown in percentages\n|rule|Endless Battle Clause: Forcing endless battles is banned\n|rule|Sleep Clause Mod: Limit one foe put to sleep\n|rule|Freeze Clause Mod: Limit one foe frozen\n|rule|Species Clause: Limit one of each Pokémon\n|rule|OHKO Clause: OHKO moves are banned\n|rule|Evasion Moves Clause: Evasion moves are banned\n|\n|t:|1784748256\n|teamsize|p1|6\n|teamsize|p2|6\n|start\n|switch|p1a: Gengar|Gengar|100/100\n|switch|p2a: Fischl|Gengar|100/100\n|turn|1\n|c|☆emma|hf\n|c|☆Kaz|hf\n|\n|t:|1784748280\n|move|p2a: Fischl|Psychic|p1a: Gengar\n|-crit|p1a: Gengar\n|-supereffective|p1a: Gengar\n|-damage|p1a: Gengar|18/100\n|move|p1a: Gengar|Psychic|p2a: Fischl\n|-supereffective|p2a: Fischl\n|-damage|p2a: Fischl|55/100\n|\n|upkeep\n|turn|2\n|inactive|emma has 270 seconds left.\n|\n|t:|1784748322\n|switch|p1a: Starmie|Starmie|100/100\n|move|p2a: Fischl|Hypnosis|p1a: Starmie\n|-status|p1a: Starmie|slp|[from] move: Hypnosis\n|\n|upkeep\n|turn|3\n|inactive|emma has 240 seconds left.\n|\n|t:|1784748363\n|switch|p1a: Exeggutor|Exeggutor|100/100\n|switch|p2a: Kazuha|Tauros|100/100\n|\n|upkeep\n|turn|4\n|inactive|emma has 210 seconds left.\n|\n|t:|1784748402\n|switch|p2a: Alhaitham|Exeggutor|100/100\n|move|p1a: Exeggutor|Psychic|p2a: Alhaitham\n|-resisted|p2a: Alhaitham\n|-damage|p2a: Alhaitham|86/100\n|\n|upkeep\n|turn|5\n|inactive|emma has 210 seconds left.\n|\n|t:|1784748412\n|move|p2a: Alhaitham|Stun Spore|p1a: Exeggutor\n|-status|p1a: Exeggutor|par\n|move|p1a: Exeggutor|Sleep Powder|p2a: Alhaitham\n|-status|p2a: Alhaitham|slp|[from] move: Sleep Powder\n|\n|upkeep\n|turn|6\n|inactive|emma has 210 seconds left.\n|\n|t:|1784748430\n|switch|p2a: Nilou|Chansey|100/100\n|switch|p1a: Tauros|Tauros|100/100\n|\n|upkeep\n|turn|7\n|\n|t:|1784748440\n|switch|p1a: Chansey|Chansey|100/100\n|move|p2a: Nilou|Thunder Wave|p1a: Chansey\n|-status|p1a: Chansey|par\n|\n|upkeep\n|turn|8\n|inactive|emma has 180 seconds left.\n|inactive|emma has 150 seconds left.\n|\n|t:|1784748515\n|move|p2a: Nilou|Seismic Toss|p1a: Chansey\n|-damage|p1a: Chansey|86/100 par\n|move|p1a: Chansey|Thunder Wave|p2a: Nilou\n|-status|p2a: Nilou|par\n|\n|upkeep\n|turn|9\n|\n|t:|1784748538\n|move|p2a: Nilou|Seismic Toss|p1a: Chansey\n|-damage|p1a: Chansey|72/100 par\n|move|p1a: Chansey|Seismic Toss|p2a: Nilou\n|-damage|p2a: Nilou|86/100 par\n|\n|upkeep\n|turn|10\n|\n|t:|1784748549\n|move|p2a: Nilou|Seismic Toss|p1a: Chansey\n|-damage|p1a: Chansey|58/100 par\n|move|p1a: Chansey|Soft-Boiled|p1a: Chansey\n|-heal|p1a: Chansey|100/100 par\n|\n|upkeep\n|turn|11\n|\n|t:|1784748560\n|move|p1a: Chansey|Seismic Toss|p2a: Nilou\n|-damage|p2a: Nilou|72/100 par\n|cant|p2a: Nilou|par\n|\n|upkeep\n|turn|12\n|\n|t:|1784748570\n|cant|p1a: Chansey|par\n|move|p2a: Nilou|Thunder Wave|p1a: Chansey\n|-fail|p1a: Chansey|par\n|\n|upkeep\n|turn|13\n|\n|t:|1784748577\n|switch|p1a: Snorlax|Snorlax|100/100\n|move|p2a: Nilou|Soft-Boiled|p2a: Nilou\n|-heal|p2a: Nilou|100/100 par\n|\n|upkeep\n|turn|14\n|inactive|emma has 150 seconds left.\n|\n|t:|1784748591\n|switch|p2a: Wanderer|Snorlax|100/100\n|move|p1a: Snorlax|Reflect|p1a: Snorlax\n|-start|p1a: Snorlax|Reflect\n|\n|upkeep\n|turn|15\n|inactive|emma has 150 seconds left.\n|\n|t:|1784748598\n|move|p2a: Wanderer|Reflect|p2a: Wanderer\n|-start|p2a: Wanderer|Reflect\n|move|p1a: Snorlax|Ice Beam|p2a: Wanderer\n|-damage|p2a: Wanderer|86/100\n|\n|upkeep\n|turn|16\n|inactive|emma has 150 seconds left.\n|\n|t:|1784748611\n|move|p2a: Wanderer|Body Slam|p1a: Snorlax\n|-damage|p1a: Snorlax|88/100\n|move|p1a: Snorlax|Ice Beam|p2a: Wanderer\n|-damage|p2a: Wanderer|72/100\n|\n|upkeep\n|turn|17\n|inactive|emma has 150 seconds left.\n|\n|t:|1784748623\n|switch|p2a: Fischl|Gengar|55/100\n|move|p1a: Snorlax|Ice Beam|p2a: Fischl\n|-damage|p2a: Fischl|40/100\n|\n|upkeep\n|turn|18\n|inactive|emma has 150 seconds left.\n|\n|t:|1784748634\n|move|p2a: Fischl|Psychic|p1a: Snorlax\n|-crit|p1a: Snorlax\n|-damage|p1a: Snorlax|46/100\n|-unboost|p1a: Snorlax|spa|1\n|-unboost|p1a: Snorlax|spd|1\n|move|p1a: Snorlax|Ice Beam|p2a: Fischl\n|-damage|p2a: Fischl|29/100\n|-status|p2a: Fischl|frz\n|\n|upkeep\n|turn|19\n|inactive|emma has 150 seconds left.\n|inactive|emma has 120 seconds left.\n|\n|t:|1784748674\n|switch|p2a: Wanderer|Snorlax|72/100\n|move|p1a: Snorlax|Body Slam|p2a: Wanderer\n|-damage|p2a: Wanderer|44/100\n|\n|upkeep\n|turn|20\n|inactive|emma has 120 seconds left.\n|\n|t:|1784748685\n|move|p2a: Wanderer|Body Slam|p1a: Snorlax\n|-damage|p1a: Snorlax|32/100\n|move|p1a: Snorlax|Body Slam|p2a: Wanderer\n|-crit|p2a: Wanderer\n|-damage|p2a: Wanderer|0 fnt\n|faint|p2a: Wanderer\n|inactive|emma has 120 seconds left.\n|\n|t:|1784748695\n|switch|p2a: Ayaka|Zapdos|100/100\n|turn|21\n|inactive|emma has 120 seconds left.\n|\n|t:|1784748713\n|switch|p1a: Chansey|Chansey|100/100 par\n|move|p2a: Ayaka|Thunderbolt|p1a: Chansey\n|-damage|p1a: Chansey|84/100 par\n|\n|upkeep\n|turn|22\n|inactive|emma has 120 seconds left.\n|\n|t:|1784748750\n|switch|p2a: Nilou|Chansey|100/100 par\n|cant|p1a: Chansey|par\n|\n|upkeep\n|turn|23\n|\n|t:|1784748757\n|move|p1a: Chansey|Seismic Toss|p2a: Nilou\n|-damage|p2a: Nilou|86/100 par\n|cant|p2a: Nilou|par\n|\n|upkeep\n|turn|24\n|\n|t:|1784748761\n|move|p1a: Chansey|Seismic Toss|p2a: Nilou\n|-damage|p2a: Nilou|72/100 par\n|move|p2a: Nilou|Seismic Toss|p1a: Chansey\n|-damage|p1a: Chansey|69/100 par\n|\n|upkeep\n|turn|25\n|\n|t:|1784748766\n|cant|p2a: Nilou|par\n|move|p1a: Chansey|Soft-Boiled|p1a: Chansey\n|-heal|p1a: Chansey|100/100 par\n|\n|upkeep\n|turn|26\n|\n|t:|1784748770\n|move|p2a: Nilou|Soft-Boiled|p2a: Nilou\n|-heal|p2a: Nilou|100/100 par\n|cant|p1a: Chansey|par\n|\n|upkeep\n|turn|27\n|\n|t:|1784748773\n|move|p2a: Nilou|Seismic Toss|p1a: Chansey\n|-damage|p1a: Chansey|86/100 par\n|cant|p1a: Chansey|par\n|\n|upkeep\n|turn|28\n|\n|t:|1784748776\n|move|p1a: Chansey|Seismic Toss|p2a: Nilou\n|-damage|p2a: Nilou|86/100 par\n|move|p2a: Nilou|Seismic Toss|p1a: Chansey\n|-damage|p1a: Chansey|72/100 par\n|\n|upkeep\n|turn|29\n|\n|t:|1784748778\n|move|p1a: Chansey|Soft-Boiled|p1a: Chansey\n|-heal|p1a: Chansey|100/100 par\n|move|p2a: Nilou|Seismic Toss|p1a: Chansey\n|-damage|p1a: Chansey|86/100 par\n|\n|upkeep\n|turn|30\n|\n|t:|1784748780\n|move|p1a: Chansey|Seismic Toss|p2a: Nilou\n|-damage|p2a: Nilou|72/100 par\n|move|p2a: Nilou|Seismic Toss|p1a: Chansey\n|-damage|p1a: Chansey|72/100 par\n|\n|upkeep\n|turn|31\n|\n|t:|1784748783\n|move|p2a: Nilou|Soft-Boiled|p2a: Nilou\n|-heal|p2a: Nilou|100/100 par\n|cant|p1a: Chansey|par\n|\n|upkeep\n|turn|32\n|\n|t:|1784748787\n|move|p2a: Nilou|Seismic Toss|p1a: Chansey\n|-damage|p1a: Chansey|58/100 par\n|move|p1a: Chansey|Soft-Boiled|p1a: Chansey\n|-heal|p1a: Chansey|100/100 par\n|\n|upkeep\n|turn|33\n|\n|t:|1784748790\n|cant|p2a: Nilou|par\n|move|p1a: Chansey|Seismic Toss|p2a: Nilou\n|-damage|p2a: Nilou|86/100 par\n|\n|upkeep\n|turn|34\n|\n|t:|1784748794\n|move|p2a: Nilou|Seismic Toss|p1a: Chansey\n|-damage|p1a: Chansey|86/100 par\n|move|p1a: Chansey|Seismic Toss|p2a: Nilou\n|-damage|p2a: Nilou|72/100 par\n|\n|upkeep\n|turn|35\n|\n|t:|1784748799\n|move|p1a: Chansey|Seismic Toss|p2a: Nilou\n|-damage|p2a: Nilou|58/100 par\n|move|p2a: Nilou|Seismic Toss|p1a: Chansey\n|-damage|p1a: Chansey|72/100 par\n|\n|upkeep\n|turn|36\n|\n|t:|1784748821\n|switch|p2a: Kazuha|Tauros|100/100\n|move|p1a: Chansey|Soft-Boiled|p1a: Chansey\n|-heal|p1a: Chansey|100/100 par\n|\n|upkeep\n|turn|37\n|inactive|emma has 210 seconds left.\n|inactive|Kaz has 270 seconds left.\n|\n|t:|1784748860\n|move|p2a: Kazuha|Body Slam|p1a: Chansey\n|-damage|p1a: Chansey|64/100 par\n|move|p1a: Chansey|Thunder Wave|p2a: Kazuha\n|-status|p2a: Kazuha|par\n|\n|upkeep\n|turn|38\n|inactive|Kaz has 270 seconds left.\n|inactive|emma has 210 seconds left.\n|\n|t:|1784748884\n|switch|p1a: Starmie|Starmie|100/100 slp\n|move|p2a: Kazuha|Body Slam|p1a: Starmie\n|-damage|p1a: Starmie|66/100 slp\n|\n|upkeep\n|turn|39\n|inactive|emma has 210 seconds left.\n|\n|t:|1784748898\n|switch|p1a: Gengar|Gengar|18/100\n|switch|p2a: Ayaka|Zapdos|100/100\n|\n|upkeep\n|turn|40\n|inactive|emma has 210 seconds left.\n|\n|t:|1784748919\n|switch|p2a: Kazuha|Tauros|100/100 par\n|move|p1a: Gengar|Night Shade|p2a: Kazuha\n|-damage|p2a: Kazuha|72/100 par\n|\n|upkeep\n|turn|41\n|inactive|Kaz has 240 seconds left.\n|\n|t:|1784748953\n|move|p1a: Gengar|Psychic|p2a: Kazuha\n|-damage|p2a: Kazuha|42/100 par\n|-unboost|p2a: Kazuha|spa|1\n|-unboost|p2a: Kazuha|spd|1\n|move|p2a: Kazuha|Earthquake|p1a: Gengar\n|-crit|p1a: Gengar\n|-supereffective|p1a: Gengar\n|-damage|p1a: Gengar|0 fnt\n|faint|p1a: Gengar\n|\n|t:|1784748961\n|switch|p1a: Tauros|Tauros|100/100\n|turn|42\n|\n|t:|1784748973\n|switch|p2a: Fischl|Gengar|29/100 frz\n|move|p1a: Tauros|Hyper Beam|p2a: Fischl\n|-immune|p2a: Fischl\n|\n|upkeep\n|turn|43\n|\n|t:|1784748983\n|move|p1a: Tauros|Body Slam|p2a: Fischl\n|-immune|p2a: Fischl\n|cant|p2a: Fischl|frz\n|\n|upkeep\n|turn|44\n|\n|t:|1784748985\n|move|p1a: Tauros|Body Slam|p2a: Fischl\n|-immune|p2a: Fischl\n|cant|p2a: Fischl|frz\n|\n|upkeep\n|turn|45\n|\n|t:|1784748987\n|move|p1a: Tauros|Body Slam|p2a: Fischl\n|-immune|p2a: Fischl\n|cant|p2a: Fischl|frz\n|\n|upkeep\n|turn|46\n|\n|t:|1784748989\n|move|p1a: Tauros|Earthquake|p2a: Fischl\n|-supereffective|p2a: Fischl\n|-damage|p2a: Fischl|0 fnt\n|faint|p2a: Fischl\n|\n|t:|1784748997\n|switch|p2a: Alhaitham|Exeggutor|86/100 slp\n|turn|47\n|\n|t:|1784749001\n|move|p1a: Tauros|Body Slam|p2a: Alhaitham\n|-crit|p2a: Alhaitham\n|-damage|p2a: Alhaitham|35/100 slp\n|cant|p2a: Alhaitham|slp\n|\n|upkeep\n|turn|48\n|\n|t:|1784749006\n|move|p1a: Tauros|Body Slam|p2a: Alhaitham\n|-crit|p2a: Alhaitham\n|-damage|p2a: Alhaitham|0 fnt\n|faint|p2a: Alhaitham\n|\n|t:|1784749007\n|switch|p2a: Ayaka|Zapdos|100/100\n|turn|49\n|\n|t:|1784749015\n|move|p1a: Tauros|Body Slam|p2a: Ayaka\n|-damage|p2a: Ayaka|74/100\n|move|p2a: Ayaka|Thunder Wave|p1a: Tauros\n|-status|p1a: Tauros|par\n|\n|upkeep\n|turn|50\n|\n|t:|1784749019\n|move|p2a: Ayaka|Thunderbolt|p1a: Tauros\n|-damage|p1a: Tauros|57/100 par\n|move|p1a: Tauros|Body Slam|p2a: Ayaka\n|-crit|p2a: Ayaka\n|-damage|p2a: Ayaka|21/100\n|-status|p2a: Ayaka|par\n|\n|upkeep\n|turn|51\n|\n|t:|1784749031\n|cant|p1a: Tauros|par\n|cant|p2a: Ayaka|par\n|\n|upkeep\n|turn|52\n|\n|t:|1784749041\n|move|p1a: Tauros|Body Slam|p2a: Ayaka\n|-damage|p2a: Ayaka|0 fnt\n|faint|p2a: Ayaka\n|-message|emma forfeited.\n|\n|win|Kaz\n|c|☆emma|gg\n|c|☆Kaz|robbed this one\n|c|☆Kaz|handshake\n|c|☆emma|handshake\n|c|☆emma|np\n|c|☆Kaz|gl hf in rest\n|c|☆emma|we're bo5ing!?\n|c|☆Kaz|oops!\n|player|p2|\n|c|☆Kaz|(point still stands :p)\n|player|p1|\n","uploadtime":1784749048,"views":"72","formatid":"gen1ou","rating":null,"private":0,"password":null}