{"id":"smogtours-gen1ou-971941","format":"[Gen 1] OU","players":["LNumbers","wooooo rby"],"log":"|inactive|Battle timer is ON: inactive players will automatically lose when time's up.\n|t:|1789500831\n|gametype|singles\n|player|p1|LNumbers|#rbywc2026|\n|player|p2|wooooo rby|lucas|\n|gen|1\n|tier|[Gen 1] OU\n|rule|Desync Clause Mod: Desyncs resolve to link battle behavior from the acting player's perspective.\n|rule|HP Percentage Mod: HP is shown in percentages\n|rule|Endless Battle Clause: Forcing endless battles is banned\n|rule|Sleep Clause Mod: Limit one foe put to sleep\n|rule|Freeze Clause Mod: Limit one foe frozen\n|rule|Species Clause: Limit one of each Pokémon\n|rule|OHKO Clause: OHKO moves are banned\n|rule|Evasion Moves Clause: Evasion moves are banned\n|\n|t:|1789500831\n|teamsize|p1|6\n|teamsize|p2|6\n|start\n|switch|p1a: Jynx|Jynx|100/100\n|switch|p2a: Starmie|Starmie|100/100\n|turn|1\n|c|☆wooooo rby|hf\n|c|☆LNumbers|hf\n|\n|t:|1789500839\n|move|p2a: Starmie|Thunder Wave|p1a: Jynx\n|-status|p1a: Jynx|par\n|move|p1a: Jynx|Lovely Kiss|p2a: Starmie|[miss]\n|-miss|p1a: Jynx\n|\n|upkeep\n|turn|2\n|\n|t:|1789500843\n|move|p2a: Starmie|Psychic|p1a: Jynx\n|-resisted|p1a: Jynx\n|-damage|p1a: Jynx|85/100 par\n|move|p1a: Jynx|Lovely Kiss|p2a: Starmie|[miss]\n|-miss|p1a: Jynx\n|\n|upkeep\n|turn|3\n|\n|t:|1789500846\n|move|p2a: Starmie|Psychic|p1a: Jynx\n|-resisted|p1a: Jynx\n|-damage|p1a: Jynx|69/100 par\n|cant|p1a: Jynx|par\n|\n|upkeep\n|turn|4\n|\n|t:|1789500849\n|move|p2a: Starmie|Psychic|p1a: Jynx\n|-resisted|p1a: Jynx\n|-damage|p1a: Jynx|53/100 par\n|move|p1a: Jynx|Lovely Kiss|p2a: Starmie\n|-status|p2a: Starmie|slp|[from] move: Lovely Kiss\n|\n|upkeep\n|turn|5\n|\n|t:|1789500868\n|switch|p2a: Chansey|Chansey|100/100\n|cant|p1a: Jynx|par\n|\n|upkeep\n|turn|6\n|inactive|LNumbers has 270 seconds left.\n|inactive|LNumbers has 240 seconds left.\n|\n|t:|1789500940\n|move|p2a: Chansey|Seismic Toss|p1a: Jynx\n|-damage|p1a: Jynx|23/100 par\n|move|p1a: Jynx|Rest|p1a: Jynx\n|-status|p1a: Jynx|slp|[from] move: Rest\n|-heal|p1a: Jynx|100/100 slp|[silent]\n|\n|upkeep\n|turn|7\n|\n|t:|1789500947\n|move|p2a: Chansey|Seismic Toss|p1a: Jynx\n|-damage|p1a: Jynx|70/100 slp\n|cant|p1a: Jynx|slp\n|\n|upkeep\n|turn|8\n|\n|t:|1789500949\n|move|p2a: Chansey|Seismic Toss|p1a: Jynx\n|-damage|p1a: Jynx|40/100 slp\n|-curestatus|p1a: Jynx|slp|[msg]\n|\n|upkeep\n|turn|9\n|\n|t:|1789500953\n|move|p2a: Chansey|Seismic Toss|p1a: Jynx\n|-damage|p1a: Jynx|10/100\n|move|p1a: Jynx|Rest|p1a: Jynx\n|-status|p1a: Jynx|slp|[from] move: Rest\n|-heal|p1a: Jynx|100/100 slp|[silent]\n|\n|upkeep\n|turn|10\n|\n|t:|1789500956\n|move|p2a: Chansey|Seismic Toss|p1a: Jynx\n|-damage|p1a: Jynx|70/100 slp\n|cant|p1a: Jynx|slp\n|\n|upkeep\n|turn|11\n|\n|t:|1789500957\n|move|p2a: Chansey|Seismic Toss|p1a: Jynx\n|-damage|p1a: Jynx|40/100 slp\n|-curestatus|p1a: Jynx|slp|[msg]\n|\n|upkeep\n|turn|12\n|\n|t:|1789500964\n|move|p2a: Chansey|Seismic Toss|p1a: Jynx\n|-damage|p1a: Jynx|10/100\n|move|p1a: Jynx|Rest|p1a: Jynx\n|-status|p1a: Jynx|slp|[from] move: Rest\n|-heal|p1a: Jynx|100/100 slp|[silent]\n|\n|upkeep\n|turn|13\n|\n|t:|1789500968\n|move|p2a: Chansey|Seismic Toss|p1a: Jynx\n|-damage|p1a: Jynx|70/100 slp\n|cant|p1a: Jynx|slp\n|\n|upkeep\n|turn|14\n|inactive|LNumbers has 270 seconds left.\n|inactive|LNumbers has 240 seconds left.\n|inactive|LNumbers has 210 seconds left.\n|\n|t:|1789501074\n|move|p2a: Chansey|Seismic Toss|p1a: Jynx\n|-damage|p1a: Jynx|40/100 slp\n|-curestatus|p1a: Jynx|slp|[msg]\n|\n|upkeep\n|turn|15\n|\n|t:|1789501087\n|move|p2a: Chansey|Seismic Toss|p1a: Jynx\n|-damage|p1a: Jynx|10/100\n|move|p1a: Jynx|Rest|p1a: Jynx\n|-status|p1a: Jynx|slp|[from] move: Rest\n|-heal|p1a: Jynx|100/100 slp|[silent]\n|\n|upkeep\n|turn|16\n|\n|t:|1789501091\n|move|p2a: Chansey|Seismic Toss|p1a: Jynx\n|-damage|p1a: Jynx|70/100 slp\n|cant|p1a: Jynx|slp\n|\n|upkeep\n|turn|17\n|inactive|LNumbers has 210 seconds left.\n|\n|t:|1789501097\n|move|p2a: Chansey|Seismic Toss|p1a: Jynx\n|-damage|p1a: Jynx|40/100 slp\n|-curestatus|p1a: Jynx|slp|[msg]\n|\n|upkeep\n|turn|18\n|\n|t:|1789501100\n|switch|p2a: Tauros|Tauros|100/100\n|switch|p1a: Exeggutor|Exeggutor|100/100\n|\n|upkeep\n|turn|19\n|\n|t:|1789501107\n|switch|p2a: Starmie|Starmie|100/100 slp\n|move|p1a: Exeggutor|Psychic|p2a: Starmie\n|-resisted|p2a: Starmie\n|-damage|p2a: Starmie|83/100 slp\n|-unboost|p2a: Starmie|spa|1\n|-unboost|p2a: Starmie|spd|1\n|\n|upkeep\n|turn|20\n|\n|t:|1789501112\n|switch|p2a: Exeggutor|Exeggutor|100/100\n|move|p1a: Exeggutor|Stun Spore|p2a: Exeggutor\n|-status|p2a: Exeggutor|par\n|\n|upkeep\n|turn|21\n|inactive|LNumbers has 240 seconds left.\n|\n|t:|1789501132\n|switch|p1a: Jynx|Jynx|40/100\n|move|p2a: Exeggutor|Sleep Powder|p1a: Jynx|[miss]\n|-miss|p2a: Exeggutor\n|\n|upkeep\n|turn|22\n|\n|t:|1789501144\n|switch|p2a: Chansey|Chansey|100/100\n|move|p1a: Jynx|Blizzard|p2a: Chansey\n|-crit|p2a: Chansey\n|-damage|p2a: Chansey|65/100\n|\n|upkeep\n|turn|23\n|\n|t:|1789501148\n|move|p1a: Jynx|Blizzard|p2a: Chansey\n|-damage|p2a: Chansey|46/100\n|move|p2a: Chansey|Thunder Wave|p1a: Jynx\n|-status|p1a: Jynx|par\n|\n|upkeep\n|turn|24\n|inactive|LNumbers has 240 seconds left.\n|\n|t:|1789501154\n|move|p2a: Chansey|Soft-Boiled|p2a: Chansey\n|-heal|p2a: Chansey|96/100\n|move|p1a: Jynx|Rest|p1a: Jynx\n|-status|p1a: Jynx|slp|[from] move: Rest\n|-heal|p1a: Jynx|100/100 slp|[silent]\n|\n|upkeep\n|turn|25\n|\n|t:|1789501157\n|move|p2a: Chansey|Seismic Toss|p1a: Jynx\n|-damage|p1a: Jynx|70/100 slp\n|cant|p1a: Jynx|slp\n|\n|upkeep\n|turn|26\n|\n|t:|1789501160\n|move|p2a: Chansey|Seismic Toss|p1a: Jynx\n|-damage|p1a: Jynx|40/100 slp\n|-curestatus|p1a: Jynx|slp|[msg]\n|\n|upkeep\n|turn|27\n|\n|t:|1789501167\n|switch|p2a: Tauros|Tauros|100/100\n|switch|p1a: Exeggutor|Exeggutor|100/100\n|\n|upkeep\n|turn|28\n|inactive|LNumbers has 270 seconds left.\n|\n|t:|1789501175\n|switch|p2a: Exeggutor|Exeggutor|100/100 par\n|move|p1a: Exeggutor|Psychic|p2a: Exeggutor\n|-resisted|p2a: Exeggutor\n|-damage|p2a: Exeggutor|88/100 par\n|-unboost|p2a: Exeggutor|spa|1\n|-unboost|p2a: Exeggutor|spd|1\n|\n|upkeep\n|turn|29\n|\n|t:|1789501179\n|switch|p1a: Jynx|Jynx|40/100\n|move|p2a: Exeggutor|Sleep Powder|p1a: Jynx|[miss]\n|-miss|p2a: Exeggutor\n|\n|upkeep\n|turn|30\n|\n|t:|1789501189\n|switch|p2a: Chansey|Chansey|96/100\n|move|p1a: Jynx|Blizzard|p2a: Chansey\n|-damage|p2a: Chansey|77/100\n|\n|upkeep\n|turn|31\n|\n|t:|1789501192\n|move|p1a: Jynx|Blizzard|p2a: Chansey\n|-damage|p2a: Chansey|59/100\n|move|p2a: Chansey|Thunder Wave|p1a: Jynx\n|-status|p1a: Jynx|par\n|\n|upkeep\n|turn|32\n|\n|t:|1789501198\n|move|p2a: Chansey|Soft-Boiled|p2a: Chansey\n|-heal|p2a: Chansey|100/100\n|move|p1a: Jynx|Rest|p1a: Jynx\n|-status|p1a: Jynx|slp|[from] move: Rest\n|-heal|p1a: Jynx|100/100 slp|[silent]\n|\n|upkeep\n|turn|33\n|\n|t:|1789501202\n|move|p2a: Chansey|Seismic Toss|p1a: Jynx\n|-damage|p1a: Jynx|70/100 slp\n|cant|p1a: Jynx|slp\n|\n|upkeep\n|turn|34\n|\n|t:|1789501205\n|move|p2a: Chansey|Seismic Toss|p1a: Jynx\n|-damage|p1a: Jynx|40/100 slp\n|-curestatus|p1a: Jynx|slp|[msg]\n|\n|upkeep\n|turn|35\n|inactive|LNumbers has 270 seconds left.\n|inactive|LNumbers has 240 seconds left.\n|inactive|LNumbers has 210 seconds left.\n|\n|t:|1789501296\n|switch|p1a: Exeggutor|Exeggutor|100/100\n|move|p2a: Chansey|Seismic Toss|p1a: Exeggutor\n|-damage|p1a: Exeggutor|75/100\n|\n|upkeep\n|turn|36\n|inactive|LNumbers has 210 seconds left.\n|\n|t:|1789501311\n|switch|p1a: Jynx|Jynx|40/100\n|switch|p2a: Exeggutor|Exeggutor|88/100 par\n|\n|upkeep\n|turn|37\n|\n|t:|1789501316\n|switch|p2a: Chansey|Chansey|100/100\n|move|p1a: Jynx|Blizzard|p2a: Chansey\n|-damage|p2a: Chansey|82/100\n|-status|p2a: Chansey|frz\n|\n|upkeep\n|turn|38\n|inactive|LNumbers has 210 seconds left.\n|\n|t:|1789501345\n|switch|p2a: Starmie|Starmie|83/100 slp\n|move|p1a: Jynx|Psychic|p2a: Starmie\n|-resisted|p2a: Starmie\n|-damage|p2a: Starmie|66/100 slp\n|-unboost|p2a: Starmie|spa|1\n|-unboost|p2a: Starmie|spd|1\n|\n|upkeep\n|turn|39\n|\n|t:|1789501349\n|cant|p2a: Starmie|slp\n|move|p1a: Jynx|Psychic|p2a: Starmie\n|-resisted|p2a: Starmie\n|-damage|p2a: Starmie|41/100 slp\n|\n|upkeep\n|turn|40\n|\n|t:|1789501352\n|switch|p2a: Chansey|Chansey|82/100 frz\n|move|p1a: Jynx|Psychic|p2a: Chansey\n|-damage|p2a: Chansey|69/100 frz\n|-unboost|p2a: Chansey|spa|1\n|-unboost|p2a: Chansey|spd|1\n|\n|upkeep\n|turn|41\n|\n|t:|1789501354\n|move|p1a: Jynx|Psychic|p2a: Chansey\n|-damage|p2a: Chansey|49/100 frz\n|-unboost|p2a: Chansey|spa|1\n|-unboost|p2a: Chansey|spd|1\n|cant|p2a: Chansey|frz\n|\n|upkeep\n|turn|42\n|\n|t:|1789501366\n|move|p1a: Jynx|Psychic|p2a: Chansey\n|-crit|p2a: Chansey\n|-damage|p2a: Chansey|21/100 frz\n|cant|p2a: Chansey|frz\n|\n|upkeep\n|turn|43\n|\n|t:|1789501381\n|switch|p1a: Starmie|Starmie|100/100\n|cant|p2a: Chansey|frz\n|\n|upkeep\n|turn|44\n|\n|t:|1789501388\n|move|p1a: Starmie|Psychic|p2a: Chansey\n|-crit|p2a: Chansey\n|-damage|p2a: Chansey|0 fnt\n|faint|p2a: Chansey\n|\n|t:|1789501391\n|switch|p2a: Exeggutor|Exeggutor|88/100 par\n|turn|45\n|inactive|LNumbers has 240 seconds left.\n|\n|t:|1789501397\n|switch|p1a: Jynx|Jynx|40/100\n|cant|p2a: Exeggutor|par\n|\n|upkeep\n|turn|46\n|\n|t:|1789501401\n|switch|p2a: Starmie|Starmie|41/100 slp\n|move|p1a: Jynx|Blizzard|p2a: Starmie\n|-resisted|p2a: Starmie\n|-damage|p2a: Starmie|21/100 slp\n|\n|upkeep\n|turn|47\n|\n|t:|1789501409\n|-curestatus|p2a: Starmie|slp|[msg]\n|move|p1a: Jynx|Psychic|p2a: Starmie\n|-resisted|p2a: Starmie\n|-damage|p2a: Starmie|5/100\n|-unboost|p2a: Starmie|spa|1\n|-unboost|p2a: Starmie|spd|1\n|\n|upkeep\n|turn|48\n|\n|t:|1789501420\n|move|p2a: Starmie|Thunder Wave|p1a: Jynx\n|-status|p1a: Jynx|par\n|move|p1a: Jynx|Lovely Kiss|p2a: Starmie\n|-status|p2a: Starmie|slp|[from] move: Lovely Kiss\n|\n|upkeep\n|turn|49\n|\n|t:|1789501429\n|switch|p2a: Snorlax|Snorlax|100/100\n|move|p1a: Jynx|Psychic|p2a: Snorlax\n|-damage|p2a: Snorlax|74/100\n|\n|upkeep\n|turn|50\n|\n|t:|1789501439\n|switch|p1a: Snorlax|Snorlax|100/100\n|move|p2a: Snorlax|Body Slam|p1a: Snorlax\n|-damage|p1a: Snorlax|75/100\n|\n|upkeep\n|turn|51\n|\n|t:|1789501444\n|move|p1a: Snorlax|Body Slam|p2a: Snorlax\n|-damage|p2a: Snorlax|46/100\n|move|p2a: Snorlax|Reflect|p2a: Snorlax\n|-start|p2a: Snorlax|Reflect\n|\n|upkeep\n|turn|52\n|\n|t:|1789501453\n|move|p2a: Snorlax|Body Slam|p1a: Snorlax\n|-damage|p1a: Snorlax|47/100\n|move|p1a: Snorlax|Counter|p2a: Snorlax\n|-damage|p2a: Snorlax|0 fnt\n|faint|p2a: Snorlax\n|\n|t:|1789501458\n|switch|p2a: Tauros|Tauros|100/100\n|turn|53\n|inactive|LNumbers has 270 seconds left.\n|inactive|LNumbers has 240 seconds left.\n|inactive|LNumbers has 210 seconds left.\n|\n|t:|1789501563\n|move|p2a: Tauros|Hyper Beam|p1a: Snorlax\n|-damage|p1a: Snorlax|6/100\n|-mustrecharge|p2a: Tauros\n|move|p1a: Snorlax|Self-Destruct|p2a: Tauros\n|-damage|p2a: Tauros|7/100\n|faint|p1a: Snorlax\n|\n|t:|1789501571\n|switch|p1a: Starmie|Starmie|100/100\n|turn|54\n|\n|t:|1789501575\n|move|p1a: Starmie|Psychic|p2a: Tauros\n|-crit|p2a: Tauros\n|-damage|p2a: Tauros|0 fnt\n|faint|p2a: Tauros\n|\n|t:|1789501576\n|switch|p2a: Exeggutor|Exeggutor|88/100 par\n|turn|55\n|inactive|LNumbers has 210 seconds left.\n|\n|t:|1789501607\n|switch|p1a: Jynx|Jynx|40/100 par\n|move|p2a: Exeggutor|Sleep Powder|p1a: Jynx\n|-fail|p1a: Jynx\n|\n|upkeep\n|turn|56\n|\n|t:|1789501612\n|switch|p2a: Starmie|Starmie|5/100 slp\n|move|p1a: Jynx|Blizzard|p2a: Starmie\n|-resisted|p2a: Starmie\n|-damage|p2a: Starmie|0 fnt\n|faint|p2a: Starmie\n|\n|t:|1789501614\n|switch|p2a: Zapdos|Zapdos|100/100\n|turn|57\n|\n|t:|1789501631\n|move|p2a: Zapdos|Thunderbolt|p1a: Jynx\n|-damage|p1a: Jynx|2/100 par\n|move|p1a: Jynx|Blizzard|p2a: Zapdos\n|-supereffective|p2a: Zapdos\n|-damage|p2a: Zapdos|43/100\n|\n|upkeep\n|turn|58\n|\n|t:|1789501636\n|move|p2a: Zapdos|Thunderbolt|p1a: Jynx\n|-crit|p1a: Jynx\n|-damage|p1a: Jynx|0 fnt\n|faint|p1a: Jynx\n|\n|t:|1789501657\n|switch|p1a: Zapdos|Zapdos|100/100\n|turn|59\n|\n|t:|1789501666\n|switch|p2a: Exeggutor|Exeggutor|88/100 par\n|move|p1a: Zapdos|Thunderbolt|p2a: Exeggutor\n|-resisted|p2a: Exeggutor\n|-damage|p2a: Exeggutor|74/100 par\n|\n|upkeep\n|turn|60\n|inactive|LNumbers has 180 seconds left.\n|\n|t:|1789501695\n|move|p1a: Zapdos|Drill Peck|p2a: Exeggutor\n|-crit|p2a: Exeggutor\n|-supereffective|p2a: Exeggutor\n|-damage|p2a: Exeggutor|0 fnt\n|faint|p2a: Exeggutor\n|c|☆wooooo rby|gg\n|c|☆LNumbers|gg\n|\n|t:|1789501703\n|switch|p2a: Zapdos|Zapdos|43/100\n|turn|61\n|\n|t:|1789501706\n|move|p2a: Zapdos|Thunder Wave|p1a: Zapdos\n|-status|p1a: Zapdos|par\n|move|p1a: Zapdos|Thunderbolt|p2a: Zapdos\n|-damage|p2a: Zapdos|15/100\n|\n|upkeep\n|turn|62\n|\n|t:|1789501709\n|move|p2a: Zapdos|Agility|p2a: Zapdos\n|-boost|p2a: Zapdos|spe|2\n|move|p1a: Zapdos|Thunderbolt|p2a: Zapdos\n|-crit|p2a: Zapdos\n|-damage|p2a: Zapdos|0 fnt\n|faint|p2a: Zapdos\n|\n|win|LNumbers\n|c|☆LNumbers|/log LNumbers made the replay of this battle unlisted.\n","uploadtime":1789501709,"views":"121","formatid":"gen1ou","rating":null,"private":2,"password":null}