{"id":"smogtours-gen1ou-956865","format":"[Gen 1] OU","players":["Ulti Bastion","oligen1"],"log":"|inactive|Battle timer is ON: inactive players will automatically lose when time's up.\n|t:|1784382848\n|gametype|singles\n|player|p1|Ulti Bastion|#rbyplvisaffronhaymakers|\n|player|p2|oligen1|blue-gen1rbtwo|\n|gen|1\n|tier|[Gen 1] OU\n|rule|Desync Clause Mod: Desyncs resolve to link battle behavior from the acting player's perspective.\n|rule|HP Percentage Mod: HP is shown in percentages\n|rule|Endless Battle Clause: Forcing endless battles is banned\n|rule|Sleep Clause Mod: Limit one foe put to sleep\n|rule|Freeze Clause Mod: Limit one foe frozen\n|rule|Species Clause: Limit one of each Pokémon\n|rule|OHKO Clause: OHKO moves are banned\n|rule|Evasion Moves Clause: Evasion moves are banned\n|\n|t:|1784382848\n|teamsize|p1|6\n|teamsize|p2|6\n|start\n|switch|p1a: Red Velvet|Jynx|100/100\n|switch|p2a: Tauros|Tauros|100/100\n|turn|1\n|c|☆oligen1|Enjoy :-)\n|c|☆Ulti Bastion|Hf \n|\n|t:|1784382860\n|move|p2a: Tauros|Body Slam|p1a: Red Velvet\n|-damage|p1a: Red Velvet|47/100\n|move|p1a: Red Velvet|Lovely Kiss|p2a: Tauros|[miss]\n|-miss|p1a: Red Velvet\n|\n|upkeep\n|turn|2\n|\n|t:|1784382872\n|switch|p1a: Mistery|Starmie|100/100\n|move|p2a: Tauros|Body Slam|p1a: Mistery\n|-crit|p1a: Mistery\n|-damage|p1a: Mistery|33/100\n|\n|upkeep\n|turn|3\n|\n|t:|1784382892\n|move|p1a: Mistery|Recover|p1a: Mistery\n|-heal|p1a: Mistery|83/100\n|move|p2a: Tauros|Body Slam|p1a: Mistery\n|-damage|p1a: Mistery|50/100\n|-status|p1a: Mistery|par\n|\n|upkeep\n|turn|4\n|\n|t:|1784382905\n|switch|p1a: THE COLUSSUS|Snorlax|100/100\n|move|p2a: Tauros|Body Slam|p1a: THE COLUSSUS\n|-crit|p1a: THE COLUSSUS\n|-damage|p1a: THE COLUSSUS|48/100\n|\n|upkeep\n|turn|5\n|\n|t:|1784382912\n|move|p2a: Tauros|Blizzard|p1a: THE COLUSSUS\n|-damage|p1a: THE COLUSSUS|30/100\n|move|p1a: THE COLUSSUS|Reflect|p1a: THE COLUSSUS\n|-start|p1a: THE COLUSSUS|Reflect\n|\n|upkeep\n|turn|6\n|\n|t:|1784382934\n|move|p2a: Tauros|Blizzard|p1a: THE COLUSSUS\n|-damage|p1a: THE COLUSSUS|10/100\n|-status|p1a: THE COLUSSUS|frz\n|cant|p1a: THE COLUSSUS|frz\n|\n|upkeep\n|turn|7\n|c|☆Ulti Bastion|Welp\n|\n|t:|1784382946\n|move|p2a: Tauros|Body Slam|p1a: THE COLUSSUS\n|-damage|p1a: THE COLUSSUS|0 fnt\n|faint|p1a: THE COLUSSUS\n|\n|t:|1784382947\n|switch|p1a: LeBrain Zames|Alakazam|100/100\n|turn|8\n|inactive|oligen1 has 270 seconds left.\n|\n|t:|1784382994\n|switch|p2a: Chansey|Chansey|100/100\n|move|p1a: LeBrain Zames|Thunder Wave|p2a: Chansey\n|-status|p2a: Chansey|par\n|\n|upkeep\n|turn|9\n|\n|t:|1784383001\n|move|p1a: LeBrain Zames|Psychic|p2a: Chansey\n|-damage|p2a: Chansey|82/100 par\n|move|p2a: Chansey|Sing|p1a: LeBrain Zames|[miss]\n|-miss|p2a: Chansey\n|\n|upkeep\n|turn|10\n|inactive|oligen1 has 270 seconds left.\n|\n|t:|1784383016\n|switch|p1a: Mistery|Starmie|50/100 par\n|switch|p2a: Snorlax|Snorlax|100/100\n|\n|upkeep\n|turn|11\n|inactive|oligen1 has 270 seconds left.\n|\n|t:|1784383022\n|switch|p1a: A Padeira|Chansey|100/100\n|move|p2a: Snorlax|Body Slam|p1a: A Padeira\n|-crit|p1a: A Padeira\n|-damage|p1a: A Padeira|15/100\n|\n|upkeep\n|turn|12\n|c|☆Ulti Bastion|Bro \n|inactive|oligen1 has 270 seconds left.\n|inactive|oligen1 has 240 seconds left.\n|\n|t:|1784383069\n|move|p1a: A Padeira|Soft-Boiled|p1a: A Padeira\n|-heal|p1a: A Padeira|65/100\n|move|p2a: Snorlax|Body Slam|p1a: A Padeira\n|-damage|p1a: A Padeira|26/100\n|\n|upkeep\n|turn|13\n|inactive|oligen1 has 240 seconds left.\n|\n|t:|1784383092\n|move|p1a: A Padeira|Soft-Boiled|p1a: A Padeira\n|-heal|p1a: A Padeira|76/100\n|move|p2a: Snorlax|Body Slam|p1a: A Padeira\n|-damage|p1a: A Padeira|36/100\n|\n|upkeep\n|turn|14\n|\n|t:|1784383105\n|switch|p2a: Chansey|Chansey|82/100 par\n|move|p1a: A Padeira|Soft-Boiled|p1a: A Padeira\n|-heal|p1a: A Padeira|86/100\n|\n|upkeep\n|turn|15\n|\n|t:|1784383114\n|switch|p2a: Snorlax|Snorlax|100/100\n|move|p1a: A Padeira|Thunder Wave|p2a: Snorlax\n|-status|p2a: Snorlax|par\n|\n|upkeep\n|turn|16\n|\n|t:|1784383124\n|move|p1a: A Padeira|Thunderbolt|p2a: Snorlax\n|-damage|p2a: Snorlax|82/100 par\n|move|p2a: Snorlax|Earthquake|p1a: A Padeira\n|-damage|p1a: A Padeira|56/100\n|\n|upkeep\n|turn|17\n|inactive|oligen1 has 240 seconds left.\n|\n|t:|1784383132\n|switch|p2a: Chansey|Chansey|82/100 par\n|move|p1a: A Padeira|Soft-Boiled|p1a: A Padeira\n|-heal|p1a: A Padeira|100/100\n|\n|upkeep\n|turn|18\n|\n|t:|1784383141\n|switch|p1a: Mistery|Starmie|50/100 par\n|switch|p2a: Snorlax|Snorlax|82/100 par\n|\n|upkeep\n|turn|19\n|\n|t:|1784383146\n|move|p1a: Mistery|Recover|p1a: Mistery\n|-heal|p1a: Mistery|99/100 par\n|move|p2a: Snorlax|Rest|p2a: Snorlax\n|-status|p2a: Snorlax|slp|[from] move: Rest\n|-heal|p2a: Snorlax|100/100 slp|[silent]\n|\n|upkeep\n|turn|20\n|\n|t:|1784383159\n|move|p1a: Mistery|Thunderbolt|p2a: Snorlax\n|-damage|p2a: Snorlax|82/100 slp\n|cant|p2a: Snorlax|slp\n|\n|upkeep\n|turn|21\n|\n|t:|1784383166\n|switch|p1a: Red Velvet|Jynx|47/100\n|-curestatus|p2a: Snorlax|slp|[msg]\n|\n|upkeep\n|turn|22\n|inactive|oligen1 has 270 seconds left.\n|\n|t:|1784383191\n|switch|p2a: Chansey|Chansey|82/100 par\n|move|p1a: Red Velvet|Lovely Kiss|p2a: Chansey|[miss]\n|-miss|p1a: Red Velvet\n|\n|upkeep\n|turn|23\n|\n|t:|1784383199\n|switch|p1a: Mistery|Starmie|99/100 par\n|move|p2a: Chansey|Sing|p1a: Mistery|[miss]\n|-miss|p2a: Chansey\n|\n|upkeep\n|turn|24\n|\n|t:|1784383212\n|move|p1a: Mistery|Thunderbolt|p2a: Chansey\n|-damage|p2a: Chansey|71/100 par\n|move|p2a: Chansey|Soft-Boiled|p2a: Chansey\n|-heal|p2a: Chansey|100/100 par\n|\n|upkeep\n|turn|25\n|\n|t:|1784383223\n|cant|p1a: Mistery|par\n|cant|p2a: Chansey|par\n|\n|upkeep\n|turn|26\n|\n|t:|1784383226\n|switch|p2a: Snorlax|Snorlax|82/100\n|move|p1a: Mistery|Thunderbolt|p2a: Snorlax\n|-damage|p2a: Snorlax|63/100\n|\n|upkeep\n|turn|27\n|\n|t:|1784383232\n|move|p2a: Snorlax|Body Slam|p1a: Mistery\n|-damage|p1a: Mistery|65/100 par\n|move|p1a: Mistery|Thunder Wave|p2a: Snorlax\n|-status|p2a: Snorlax|par\n|\n|upkeep\n|turn|28\n|\n|t:|1784383239\n|move|p1a: Mistery|Recover|p1a: Mistery\n|-heal|p1a: Mistery|100/100 par\n|move|p2a: Snorlax|Rest|p2a: Snorlax\n|-status|p2a: Snorlax|slp|[from] move: Rest\n|-heal|p2a: Snorlax|100/100 slp|[silent]\n|\n|upkeep\n|turn|29\n|\n|t:|1784383251\n|switch|p1a: Red Velvet|Jynx|47/100\n|cant|p2a: Snorlax|slp\n|\n|upkeep\n|turn|30\n|\n|t:|1784383259\n|switch|p1a: Almighty Bull|Tauros|100/100\n|switch|p2a: Chansey|Chansey|100/100 par\n|\n|upkeep\n|turn|31\n|\n|t:|1784383265\n|move|p1a: Almighty Bull|Body Slam|p2a: Chansey\n|-damage|p2a: Chansey|61/100 par\n|move|p2a: Chansey|Thunder Wave|p1a: Almighty Bull\n|-status|p1a: Almighty Bull|par\n|\n|upkeep\n|turn|32\n|\n|t:|1784383289\n|switch|p2a: Snorlax|Snorlax|100/100 slp\n|cant|p1a: Almighty Bull|par\n|\n|upkeep\n|turn|33\n|inactive|Ulti Bastion has 270 seconds left.\n|inactive|Ulti Bastion disconnected and has 300 seconds to reconnect!\n|player|p1|\n|inactive|Ulti Bastion reconnected and has 265 seconds left.\n|player|p1|Ulti Bastion|#rbyplvisaffronhaymakers|\n|\n|t:|1784383364\n|-curestatus|p2a: Snorlax|slp|[msg]\n|move|p1a: Almighty Bull|Blizzard|p2a: Snorlax\n|-damage|p2a: Snorlax|81/100\n|\n|upkeep\n|turn|34\n|\n|t:|1784383381\n|switch|p1a: A Padeira|Chansey|100/100\n|move|p2a: Snorlax|Body Slam|p1a: A Padeira\n|-crit|p1a: A Padeira\n|-damage|p1a: A Padeira|21/100\n|\n|upkeep\n|turn|35\n|c|☆Ulti Bastion|.\n|\n|t:|1784383397\n|move|p1a: A Padeira|Soft-Boiled|p1a: A Padeira\n|-heal|p1a: A Padeira|71/100\n|move|p2a: Snorlax|Earthquake|p1a: A Padeira\n|-damage|p1a: A Padeira|40/100\n|\n|upkeep\n|turn|36\n|\n|t:|1784383403\n|switch|p2a: Chansey|Chansey|61/100 par\n|move|p1a: A Padeira|Soft-Boiled|p1a: A Padeira\n|-heal|p1a: A Padeira|90/100\n|\n|upkeep\n|turn|37\n|\n|t:|1784383412\n|switch|p1a: Almighty Bull|Tauros|100/100 par\n|move|p2a: Chansey|Ice Beam|p1a: Almighty Bull\n|-damage|p1a: Almighty Bull|74/100 par\n|\n|upkeep\n|turn|38\n|\n|t:|1784383419\n|switch|p2a: Snorlax|Snorlax|81/100\n|cant|p1a: Almighty Bull|par\n|\n|upkeep\n|turn|39\n|\n|t:|1784383428\n|switch|p1a: A Padeira|Chansey|90/100\n|move|p2a: Snorlax|Body Slam|p1a: A Padeira\n|-damage|p1a: A Padeira|48/100\n|\n|upkeep\n|turn|40\n|\n|t:|1784383439\n|switch|p2a: Chansey|Chansey|61/100 par\n|move|p1a: A Padeira|Soft-Boiled|p1a: A Padeira\n|-heal|p1a: A Padeira|98/100\n|\n|upkeep\n|turn|41\n|\n|t:|1784383446\n|move|p1a: A Padeira|Thunderbolt|p2a: Chansey\n|-damage|p2a: Chansey|51/100 par\n|cant|p2a: Chansey|par\n|\n|upkeep\n|turn|42\n|\n|t:|1784383451\n|switch|p1a: Almighty Bull|Tauros|74/100 par\n|move|p2a: Chansey|Soft-Boiled|p2a: Chansey\n|-heal|p2a: Chansey|100/100 par\n|\n|upkeep\n|turn|43\n|\n|t:|1784383464\n|switch|p2a: Snorlax|Snorlax|81/100\n|cant|p1a: Almighty Bull|par\n|\n|upkeep\n|turn|44\n|c|☆Ulti Bastion|DUDE\n|c|☆Ulti Bastion|AOSNSLANDJANSJD\n|\n|t:|1784383485\n|switch|p1a: A Padeira|Chansey|98/100\n|move|p2a: Snorlax|Earthquake|p1a: A Padeira\n|-damage|p1a: A Padeira|64/100\n|\n|upkeep\n|turn|45\n|\n|t:|1784383500\n|move|p1a: A Padeira|Soft-Boiled|p1a: A Padeira\n|-heal|p1a: A Padeira|100/100\n|move|p2a: Snorlax|Body Slam|p1a: A Padeira\n|-crit|p1a: A Padeira\n|-damage|p1a: A Padeira|23/100\n|\n|upkeep\n|turn|46\n|c|☆Ulti Bastion|Omg man\n|c|☆oligen1|That lax is well trained apparently\n|inactive|oligen1 has 270 seconds left.\n|c|☆oligen1|sorry for that and for the rest boss\n|\n|t:|1784383530\n|switch|p2a: Chansey|Chansey|100/100 par\n|move|p1a: A Padeira|Soft-Boiled|p1a: A Padeira\n|-heal|p1a: A Padeira|72/100\n|\n|upkeep\n|turn|47\n|\n|t:|1784383538\n|switch|p1a: Mistery|Starmie|100/100 par\n|move|p2a: Chansey|Ice Beam|p1a: Mistery\n|-resisted|p1a: Mistery\n|-damage|p1a: Mistery|88/100 par\n|\n|upkeep\n|turn|48\n|\n|t:|1784383548\n|move|p1a: Mistery|Thunderbolt|p2a: Chansey\n|-damage|p2a: Chansey|91/100 par\n|move|p2a: Chansey|Ice Beam|p1a: Mistery\n|-crit|p1a: Mistery\n|-resisted|p1a: Mistery\n|-damage|p1a: Mistery|64/100 par\n|\n|upkeep\n|turn|49\n|\n|t:|1784383555\n|switch|p2a: Snorlax|Snorlax|81/100\n|move|p1a: Mistery|Recover|p1a: Mistery\n|-heal|p1a: Mistery|100/100 par\n|\n|upkeep\n|turn|50\n|\n|t:|1784383561\n|move|p2a: Snorlax|Body Slam|p1a: Mistery\n|-damage|p1a: Mistery|61/100 par\n|move|p1a: Mistery|Blizzard|p2a: Snorlax\n|-damage|p2a: Snorlax|58/100\n|\n|upkeep\n|turn|51\n|\n|t:|1784383567\n|move|p2a: Snorlax|Body Slam|p1a: Mistery\n|-damage|p1a: Mistery|26/100 par\n|move|p1a: Mistery|Recover|p1a: Mistery\n|-heal|p1a: Mistery|76/100 par\n|\n|upkeep\n|turn|52\n|\n|t:|1784383574\n|move|p2a: Snorlax|Body Slam|p1a: Mistery\n|-damage|p1a: Mistery|40/100 par\n|move|p1a: Mistery|Recover|p1a: Mistery\n|-heal|p1a: Mistery|90/100 par\n|\n|upkeep\n|turn|53\n|\n|t:|1784383599\n|switch|p2a: Chansey|Chansey|91/100 par\n|move|p1a: Mistery|Thunder Wave|p2a: Chansey\n|-fail|p2a: Chansey|par\n|\n|upkeep\n|turn|54\n|\n|t:|1784383605\n|cant|p1a: Mistery|par\n|cant|p2a: Chansey|par\n|\n|upkeep\n|turn|55\n|\n|t:|1784383609\n|move|p1a: Mistery|Thunder Wave|p2a: Chansey\n|-fail|p2a: Chansey|par\n|move|p2a: Chansey|Ice Beam|p1a: Mistery\n|-resisted|p1a: Mistery\n|-damage|p1a: Mistery|79/100 par\n|\n|upkeep\n|turn|56\n|\n|t:|1784383615\n|switch|p2a: Snorlax|Snorlax|58/100\n|move|p1a: Mistery|Thunder Wave|p2a: Snorlax\n|-status|p2a: Snorlax|par\n|\n|upkeep\n|turn|57\n|\n|t:|1784383621\n|move|p1a: Mistery|Thunderbolt|p2a: Snorlax\n|-damage|p2a: Snorlax|40/100 par\n|move|p2a: Snorlax|Body Slam|p1a: Mistery\n|-damage|p1a: Mistery|40/100 par\n|\n|upkeep\n|turn|58\n|\n|t:|1784383630\n|move|p1a: Mistery|Recover|p1a: Mistery\n|-heal|p1a: Mistery|90/100 par\n|cant|p2a: Snorlax|par\n|\n|upkeep\n|turn|59\n|\n|t:|1784383640\n|move|p1a: Mistery|Blizzard|p2a: Snorlax\n|-damage|p2a: Snorlax|18/100 par\n|move|p2a: Snorlax|Rest|p2a: Snorlax\n|-status|p2a: Snorlax|slp|[from] move: Rest\n|-heal|p2a: Snorlax|100/100 slp|[silent]\n|\n|upkeep\n|turn|60\n|\n|t:|1784383646\n|move|p1a: Mistery|Thunderbolt|p2a: Snorlax\n|-damage|p2a: Snorlax|81/100 slp\n|cant|p2a: Snorlax|slp\n|\n|upkeep\n|turn|61\n|\n|t:|1784383651\n|move|p1a: Mistery|Thunderbolt|p2a: Snorlax\n|-damage|p2a: Snorlax|61/100 slp\n|-curestatus|p2a: Snorlax|slp|[msg]\n|\n|upkeep\n|turn|62\n|\n|t:|1784383658\n|move|p1a: Mistery|Thunderbolt|p2a: Snorlax\n|-damage|p2a: Snorlax|43/100\n|move|p2a: Snorlax|Body Slam|p1a: Mistery\n|-damage|p1a: Mistery|51/100 par\n|\n|upkeep\n|turn|63\n|\n|t:|1784383665\n|move|p1a: Mistery|Blizzard|p2a: Snorlax\n|-damage|p2a: Snorlax|20/100\n|move|p2a: Snorlax|Rest|p2a: Snorlax\n|-status|p2a: Snorlax|slp|[from] move: Rest\n|-heal|p2a: Snorlax|100/100 slp|[silent]\n|\n|upkeep\n|turn|64\n|\n|t:|1784383672\n|move|p1a: Mistery|Recover|p1a: Mistery\n|-heal|p1a: Mistery|100/100 par\n|cant|p2a: Snorlax|slp\n|\n|upkeep\n|turn|65\n|\n|t:|1784383678\n|cant|p1a: Mistery|par\n|-curestatus|p2a: Snorlax|slp|[msg]\n|\n|upkeep\n|turn|66\n|c|☆Ulti Bastion|Ye man ofc I can't get shit\n|\n|t:|1784383690\n|switch|p2a: Chansey|Chansey|91/100 par\n|move|p1a: Mistery|Thunderbolt|p2a: Chansey\n|-damage|p2a: Chansey|81/100 par\n|\n|upkeep\n|turn|67\n|\n|t:|1784383701\n|cant|p1a: Mistery|par\n|move|p2a: Chansey|Ice Beam|p1a: Mistery\n|-crit|p1a: Mistery\n|-resisted|p1a: Mistery\n|-damage|p1a: Mistery|77/100 par\n|\n|upkeep\n|turn|68\n|\n|t:|1784383709\n|cant|p1a: Mistery|par\n|move|p2a: Chansey|Soft-Boiled|p2a: Chansey\n|-heal|p2a: Chansey|100/100 par\n|\n|upkeep\n|turn|69\n|\n|t:|1784383715\n|switch|p2a: Snorlax|Snorlax|100/100\n|move|p1a: Mistery|Thunder Wave|p2a: Snorlax\n|-status|p2a: Snorlax|par\n|\n|upkeep\n|turn|70\n|\n|t:|1784383720\n|move|p1a: Mistery|Recover|p1a: Mistery\n|-heal|p1a: Mistery|100/100 par\n|move|p2a: Snorlax|Body Slam|p1a: Mistery\n|-damage|p1a: Mistery|66/100 par\n|\n|upkeep\n|turn|71\n|\n|t:|1784383730\n|move|p1a: Mistery|Recover|p1a: Mistery\n|-heal|p1a: Mistery|100/100 par\n|move|p2a: Snorlax|Body Slam|p1a: Mistery\n|-damage|p1a: Mistery|66/100 par\n|\n|upkeep\n|turn|72\n|\n|t:|1784383743\n|move|p1a: Mistery|Recover|p1a: Mistery\n|-heal|p1a: Mistery|100/100 par\n|move|p2a: Snorlax|Body Slam|p1a: Mistery\n|-damage|p1a: Mistery|66/100 par\n|\n|upkeep\n|turn|73\n|\n|t:|1784383759\n|move|p1a: Mistery|Recover|p1a: Mistery\n|-heal|p1a: Mistery|100/100 par\n|cant|p2a: Snorlax|par\n|\n|upkeep\n|turn|74\n|\n|t:|1784383767\n|cant|p1a: Mistery|par\n|cant|p2a: Snorlax|par\n|\n|upkeep\n|turn|75\n|\n|t:|1784383773\n|move|p1a: Mistery|Thunderbolt|p2a: Snorlax\n|-crit|p2a: Snorlax\n|-damage|p2a: Snorlax|65/100 par\n|move|p2a: Snorlax|Earthquake|p1a: Mistery\n|-damage|p1a: Mistery|69/100 par\n|\n|upkeep\n|turn|76\n|\n|t:|1784383782\n|move|p1a: Mistery|Recover|p1a: Mistery\n|-heal|p1a: Mistery|100/100 par\n|move|p2a: Snorlax|Rest|p2a: Snorlax\n|-status|p2a: Snorlax|slp|[from] move: Rest\n|-heal|p2a: Snorlax|100/100 slp|[silent]\n|\n|upkeep\n|turn|77\n|inactive|Ulti Bastion has 270 seconds left.\n|\n|t:|1784383815\n|switch|p1a: LeBrain Zames|Alakazam|100/100\n|cant|p2a: Snorlax|slp\n|\n|upkeep\n|turn|78\n|\n|t:|1784383834\n|switch|p2a: Chansey|Chansey|100/100 par\n|move|p1a: LeBrain Zames|Psychic|p2a: Chansey\n|-damage|p2a: Chansey|83/100 par\n|\n|upkeep\n|turn|79\n|\n|t:|1784383850\n|move|p1a: LeBrain Zames|Psychic|p2a: Chansey\n|-damage|p2a: Chansey|65/100 par\n|move|p2a: Chansey|Soft-Boiled|p2a: Chansey\n|-heal|p2a: Chansey|100/100 par\n|\n|upkeep\n|turn|80\n|\n|t:|1784383856\n|switch|p1a: Mistery|Starmie|100/100 par\n|move|p2a: Chansey|Sing|p1a: Mistery|[miss]\n|-miss|p2a: Chansey\n|\n|upkeep\n|turn|81\n|\n|t:|1784383862\n|switch|p1a: Almighty Bull|Tauros|74/100 par\n|switch|p2a: Snorlax|Snorlax|100/100 slp\n|\n|upkeep\n|turn|82\n|\n|t:|1784383876\n|switch|p2a: Chansey|Chansey|100/100 par\n|switch|p1a: Mistery|Starmie|100/100 par\n|\n|upkeep\n|turn|83\n|\n|t:|1784383881\n|switch|p2a: Snorlax|Snorlax|100/100 slp\n|move|p1a: Mistery|Thunderbolt|p2a: Snorlax\n|-crit|p2a: Snorlax\n|-damage|p2a: Snorlax|63/100 slp\n|\n|upkeep\n|turn|84\n|\n|t:|1784383887\n|-curestatus|p2a: Snorlax|slp|[msg]\n|move|p1a: Mistery|Blizzard|p2a: Snorlax\n|-damage|p2a: Snorlax|39/100\n|\n|upkeep\n|turn|85\n|\n|t:|1784383901\n|move|p2a: Snorlax|Rest|p2a: Snorlax\n|-status|p2a: Snorlax|slp|[from] move: Rest\n|-heal|p2a: Snorlax|100/100 slp|[silent]\n|move|p1a: Mistery|Thunderbolt|p2a: Snorlax\n|-damage|p2a: Snorlax|81/100 slp\n|\n|upkeep\n|turn|86\n|\n|t:|1784383908\n|cant|p2a: Snorlax|slp\n|cant|p1a: Mistery|par\n|\n|upkeep\n|turn|87\n|\n|t:|1784383914\n|switch|p2a: Chansey|Chansey|100/100 par\n|move|p1a: Mistery|Thunder Wave|p2a: Chansey\n|-fail|p2a: Chansey|par\n|\n|upkeep\n|turn|88\n|\n|t:|1784383919\n|switch|p2a: Snorlax|Snorlax|81/100 slp\n|move|p1a: Mistery|Thunder Wave|p2a: Snorlax\n|-fail|p2a: Snorlax\n|\n|upkeep\n|turn|89\n|\n|t:|1784383924\n|-curestatus|p2a: Snorlax|slp|[msg]\n|move|p1a: Mistery|Thunder Wave|p2a: Snorlax\n|-status|p2a: Snorlax|par\n|\n|upkeep\n|turn|90\n|\n|t:|1784383929\n|move|p1a: Mistery|Thunderbolt|p2a: Snorlax\n|-damage|p2a: Snorlax|61/100 par\n|move|p2a: Snorlax|Earthquake|p1a: Mistery\n|-damage|p1a: Mistery|70/100 par\n|\n|upkeep\n|turn|91\n|\n|t:|1784383936\n|move|p1a: Mistery|Recover|p1a: Mistery\n|-heal|p1a: Mistery|100/100 par\n|move|p2a: Snorlax|Rest|p2a: Snorlax\n|-status|p2a: Snorlax|slp|[from] move: Rest\n|-heal|p2a: Snorlax|100/100 slp|[silent]\n|\n|upkeep\n|turn|92\n|\n|t:|1784383942\n|switch|p1a: LeBrain Zames|Alakazam|100/100\n|cant|p2a: Snorlax|slp\n|\n|upkeep\n|turn|93\n|\n|t:|1784383947\n|move|p1a: LeBrain Zames|Psychic|p2a: Snorlax\n|-crit|p2a: Snorlax\n|-damage|p2a: Snorlax|35/100 slp\n|-curestatus|p2a: Snorlax|slp|[msg]\n|\n|upkeep\n|turn|94\n|\n|t:|1784383957\n|switch|p2a: Exeggutor|Exeggutor|100/100\n|move|p1a: LeBrain Zames|Psychic|p2a: Exeggutor\n|-resisted|p2a: Exeggutor\n|-damage|p2a: Exeggutor|85/100\n|\n|upkeep\n|turn|95\n|\n|t:|1784383969\n|switch|p1a: Almighty Bull|Tauros|74/100 par\n|move|p2a: Exeggutor|Sleep Powder|p1a: Almighty Bull\n|-fail|p1a: Almighty Bull\n|\n|upkeep\n|turn|96\n|\n|t:|1784383976\n|switch|p1a: Mistery|Starmie|100/100 par\n|move|p2a: Exeggutor|Psychic|p1a: Mistery\n|-resisted|p1a: Mistery\n|-damage|p1a: Mistery|80/100 par\n|-unboost|p1a: Mistery|spa|1\n|-unboost|p1a: Mistery|spd|1\n|\n|upkeep\n|turn|97\n|\n|t:|1784383988\n|switch|p2a: Snorlax|Snorlax|35/100\n|switch|p1a: Red Velvet|Jynx|47/100\n|\n|upkeep\n|turn|98\n|\n|t:|1784383993\n|switch|p1a: Almighty Bull|Tauros|74/100 par\n|switch|p2a: Chansey|Chansey|100/100 par\n|\n|upkeep\n|turn|99\n|\n|t:|1784384004\n|move|p1a: Almighty Bull|Body Slam|p2a: Chansey\n|-damage|p2a: Chansey|60/100 par\n|move|p2a: Chansey|Ice Beam|p1a: Almighty Bull\n|-damage|p1a: Almighty Bull|48/100 par\n|\n|upkeep\n|turn|100\n|\n|t:|1784384011\n|switch|p2a: Starmie|Starmie|100/100\n|move|p1a: Almighty Bull|Body Slam|p2a: Starmie\n|-damage|p2a: Starmie|66/100\n|\n|upkeep\n|turn|101\n|\n|t:|1784384021\n|switch|p1a: A Padeira|Chansey|72/100\n|move|p2a: Starmie|Recover|p2a: Starmie\n|-heal|p2a: Starmie|100/100\n|\n|upkeep\n|turn|102\n|\n|t:|1784384050\n|switch|p2a: Snorlax|Snorlax|35/100\n|move|p1a: A Padeira|Ice Beam|p2a: Snorlax\n|-damage|p2a: Snorlax|16/100\n|\n|upkeep\n|turn|103\n|\n|t:|1784384061\n|switch|p1a: Almighty Bull|Tauros|48/100 par\n|move|p2a: Snorlax|Rest|p2a: Snorlax\n|-status|p2a: Snorlax|slp|[from] move: Rest\n|-heal|p2a: Snorlax|100/100 slp|[silent]\n|\n|upkeep\n|turn|104\n|\n|t:|1784384067\n|cant|p2a: Snorlax|slp\n|cant|p1a: Almighty Bull|par\n|\n|upkeep\n|turn|105\n|\n|t:|1784384072\n|switch|p1a: Mistery|Starmie|80/100 par\n|-curestatus|p2a: Snorlax|slp|[msg]\n|\n|upkeep\n|turn|106\n|\n|t:|1784384079\n|move|p2a: Snorlax|Body Slam|p1a: Mistery\n|-damage|p1a: Mistery|41/100 par\n|move|p1a: Mistery|Thunder Wave|p2a: Snorlax\n|-status|p2a: Snorlax|par\n|\n|upkeep\n|turn|107\n|\n|t:|1784384085\n|switch|p2a: Chansey|Chansey|60/100 par\n|move|p1a: Mistery|Recover|p1a: Mistery\n|-heal|p1a: Mistery|91/100 par\n|\n|upkeep\n|turn|108\n|\n|t:|1784384091\n|switch|p1a: Almighty Bull|Tauros|48/100 par\n|move|p2a: Chansey|Soft-Boiled|p2a: Chansey\n|-heal|p2a: Chansey|100/100 par\n|\n|upkeep\n|turn|109\n|\n|t:|1784384105\n|move|p1a: Almighty Bull|Body Slam|p2a: Chansey\n|-crit|p2a: Chansey\n|-damage|p2a: Chansey|21/100 par\n|move|p2a: Chansey|Ice Beam|p1a: Almighty Bull\n|-damage|p1a: Almighty Bull|21/100 par\n|\n|upkeep\n|turn|110\n|\n|t:|1784384116\n|switch|p2a: Snorlax|Snorlax|100/100 par\n|move|p1a: Almighty Bull|Body Slam|p2a: Snorlax\n|-damage|p2a: Snorlax|74/100 par\n|\n|upkeep\n|turn|111\n|inactive|Ulti Bastion has 270 seconds left.\n|\n|t:|1784384170\n|switch|p1a: Mistery|Starmie|91/100 par\n|move|p2a: Snorlax|Body Slam|p1a: Mistery\n|-damage|p1a: Mistery|53/100 par\n|\n|upkeep\n|turn|112\n|\n|t:|1784384182\n|move|p1a: Mistery|Thunderbolt|p2a: Snorlax\n|-damage|p2a: Snorlax|55/100 par\n|move|p2a: Snorlax|Body Slam|p1a: Mistery\n|-damage|p1a: Mistery|19/100 par\n|\n|upkeep\n|turn|113\n|\n|t:|1784384191\n|switch|p2a: Chansey|Chansey|21/100 par\n|cant|p1a: Mistery|par\n|\n|upkeep\n|turn|114\n|inactive|Ulti Bastion has 270 seconds left.\n|\n|t:|1784384198\n|move|p1a: Mistery|Thunderbolt|p2a: Chansey\n|-damage|p2a: Chansey|11/100 par\n|move|p2a: Chansey|Soft-Boiled|p2a: Chansey\n|-heal|p2a: Chansey|61/100 par\n|\n|upkeep\n|turn|115\n|\n|t:|1784384205\n|move|p1a: Mistery|Recover|p1a: Mistery\n|-heal|p1a: Mistery|69/100 par\n|cant|p2a: Chansey|par\n|\n|upkeep\n|turn|116\n|c|☆Ulti Bastion|Ye man\n|c|☆Ulti Bastion|Wrap it up\n|\n|t:|1784384221\n|move|p1a: Mistery|Recover|p1a: Mistery\n|-heal|p1a: Mistery|100/100 par\n|move|p2a: Chansey|Soft-Boiled|p2a: Chansey\n|-heal|p2a: Chansey|100/100 par\n|\n|upkeep\n|turn|117\n|\n|t:|1784384230\n|move|p1a: Mistery|Thunderbolt|p2a: Chansey\n|-damage|p2a: Chansey|90/100 par\n|move|p2a: Chansey|Ice Beam|p1a: Mistery\n|-resisted|p1a: Mistery\n|-damage|p1a: Mistery|88/100 par\n|\n|upkeep\n|turn|118\n|\n|t:|1784384236\n|cant|p1a: Mistery|par\n|move|p2a: Chansey|Thunder Wave|p1a: Mistery\n|-fail|p1a: Mistery|par\n|\n|upkeep\n|turn|119\n|\n|t:|1784384244\n|move|p1a: Mistery|Thunderbolt|p2a: Chansey\n|-damage|p2a: Chansey|79/100 par\n|move|p2a: Chansey|Thunder Wave|p1a: Mistery\n|-fail|p1a: Mistery|par\n|\n|upkeep\n|turn|120\n|\n|t:|1784384250\n|switch|p1a: Almighty Bull|Tauros|21/100 par\n|move|p2a: Chansey|Soft-Boiled|p2a: Chansey\n|-heal|p2a: Chansey|100/100 par\n|\n|upkeep\n|turn|121\n|inactive|oligen1 has 270 seconds left.\n|inactive|oligen1 has 240 seconds left.\n|\n|t:|1784384312\n|move|p1a: Almighty Bull|Hyper Beam|p2a: Chansey\n|-damage|p2a: Chansey|31/100 par\n|-mustrecharge|p1a: Almighty Bull\n|move|p2a: Chansey|Ice Beam|p1a: Almighty Bull\n|-damage|p1a: Almighty Bull|0 fnt\n|faint|p1a: Almighty Bull\n|\n|t:|1784384318\n|switch|p1a: LeBrain Zames|Alakazam|100/100\n|turn|122\n|\n|t:|1784384324\n|switch|p2a: Exeggutor|Exeggutor|85/100\n|move|p1a: LeBrain Zames|Psychic|p2a: Exeggutor\n|-crit|p2a: Exeggutor\n|-resisted|p2a: Exeggutor\n|-damage|p2a: Exeggutor|57/100\n|-unboost|p2a: Exeggutor|spa|1\n|-unboost|p2a: Exeggutor|spd|1\n|\n|upkeep\n|turn|123\n|inactive|oligen1 has 240 seconds left.\n|\n|t:|1784384352\n|switch|p1a: Mistery|Starmie|88/100 par\n|move|p2a: Exeggutor|Sleep Powder|p1a: Mistery|[miss]\n|-miss|p2a: Exeggutor\n|\n|upkeep\n|turn|124\n|inactive|oligen1 has 240 seconds left.\n|\n|t:|1784384379\n|switch|p2a: Snorlax|Snorlax|55/100 par\n|move|p1a: Mistery|Blizzard|p2a: Snorlax\n|-damage|p2a: Snorlax|31/100 par\n|\n|upkeep\n|turn|125\n|\n|t:|1784384394\n|switch|p1a: LeBrain Zames|Alakazam|100/100\n|move|p2a: Snorlax|Body Slam|p1a: LeBrain Zames\n|-damage|p1a: LeBrain Zames|48/100\n|\n|upkeep\n|turn|126\n|\n|t:|1784384410\n|switch|p2a: Starmie|Starmie|100/100\n|move|p1a: LeBrain Zames|Psychic|p2a: Starmie\n|-resisted|p2a: Starmie\n|-damage|p2a: Starmie|82/100\n|\n|upkeep\n|turn|127\n|\n|t:|1784384424\n|switch|p1a: Mistery|Starmie|88/100 par\n|move|p2a: Starmie|Thunder Wave|p1a: Mistery\n|-fail|p1a: Mistery|par\n|\n|upkeep\n|turn|128\n|inactive|oligen1 has 210 seconds left.\n|inactive|Ulti Bastion has 270 seconds left.\n|inactive|oligen1 has 180 seconds left.\n|\n|t:|1784384504\n|move|p2a: Starmie|Thunderbolt|p1a: Mistery\n|-supereffective|p1a: Mistery\n|-damage|p1a: Mistery|44/100 par\n|move|p1a: Mistery|Thunderbolt|p2a: Starmie\n|-supereffective|p2a: Starmie\n|-damage|p2a: Starmie|33/100\n|\n|upkeep\n|turn|129\n|inactive|oligen1 has 150 seconds left.\n|\n|t:|1784384519\n|switch|p1a: A Padeira|Chansey|72/100\n|move|p2a: Starmie|Recover|p2a: Starmie\n|-heal|p2a: Starmie|83/100\n|\n|upkeep\n|turn|130\n|inactive|Ulti Bastion has 270 seconds left.\n|inactive|oligen1 has 150 seconds left.\n|inactive|oligen1 has 120 seconds left.\n|\n|t:|1784384563\n|move|p2a: Starmie|Thunder Wave|p1a: A Padeira\n|-status|p1a: A Padeira|par\n|move|p1a: A Padeira|Ice Beam|p2a: Starmie\n|-resisted|p2a: Starmie\n|-damage|p2a: Starmie|72/100\n|-status|p2a: Starmie|frz\n|\n|upkeep\n|turn|131\n|inactive|Ulti Bastion has 270 seconds left.\n|inactive|oligen1 has 120 seconds left.\n|\n|t:|1784384590\n|switch|p2a: Tauros|Tauros|100/100\n|switch|p1a: LeBrain Zames|Alakazam|48/100\n|\n|upkeep\n|turn|132\n|\n|t:|1784384599\n|move|p1a: LeBrain Zames|Thunder Wave|p2a: Tauros\n|-status|p2a: Tauros|par\n|move|p2a: Tauros|Body Slam|p1a: LeBrain Zames\n|-damage|p1a: LeBrain Zames|0 fnt\n|faint|p1a: LeBrain Zames\n|\n|t:|1784384605\n|switch|p1a: Mistery|Starmie|44/100 par\n|turn|133\n|inactive|oligen1 has 120 seconds left.\n|\n|t:|1784384617\n|switch|p2a: Alakazam|Alakazam|100/100\n|move|p1a: Mistery|Thunderbolt|p2a: Alakazam\n|-crit|p2a: Alakazam\n|-damage|p2a: Alakazam|62/100\n|-status|p2a: Alakazam|par\n|\n|upkeep\n|turn|134\n|inactive|oligen1 has 120 seconds left.\n|\n|t:|1784384624\n|cant|p2a: Alakazam|par\n|move|p1a: Mistery|Recover|p1a: Mistery\n|-heal|p1a: Mistery|94/100 par\n|\n|upkeep\n|turn|135\n|\n|t:|1784384630\n|switch|p1a: Red Velvet|Jynx|47/100\n|move|p2a: Alakazam|Recover|p2a: Alakazam\n|-heal|p2a: Alakazam|100/100 par\n|\n|upkeep\n|turn|136\n|\n|t:|1784384636\n|move|p1a: Red Velvet|Blizzard|p2a: Alakazam\n|-damage|p2a: Alakazam|63/100 par\n|cant|p2a: Alakazam|par\n|\n|upkeep\n|turn|137\n|\n|t:|1784384643\n|move|p1a: Red Velvet|Blizzard|p2a: Alakazam\n|-crit|p2a: Alakazam\n|-damage|p2a: Alakazam|0 fnt\n|faint|p2a: Alakazam\n|\n|t:|1784384649\n|switch|p2a: Tauros|Tauros|100/100 par\n|turn|138\n|\n|t:|1784384658\n|switch|p1a: Mistery|Starmie|94/100 par\n|move|p2a: Tauros|Body Slam|p1a: Mistery\n|-damage|p1a: Mistery|60/100 par\n|\n|upkeep\n|turn|139\n|inactive|oligen1 has 150 seconds left.\n|\n|t:|1784384682\n|switch|p2a: Starmie|Starmie|72/100 frz\n|move|p1a: Mistery|Thunderbolt|p2a: Starmie\n|-crit|p2a: Starmie\n|-supereffective|p2a: Starmie\n|-damage|p2a: Starmie|0 fnt\n|faint|p2a: Starmie\n|\n|t:|1784384692\n|switch|p2a: Chansey|Chansey|31/100 par\n|turn|140\n|c|☆Ulti Bastion|Uuuuh\n|\n|t:|1784384699\n|move|p1a: Mistery|Recover|p1a: Mistery\n|-heal|p1a: Mistery|100/100 par\n|move|p2a: Chansey|Soft-Boiled|p2a: Chansey\n|-heal|p2a: Chansey|81/100 par\n|\n|upkeep\n|turn|141\n|\n|t:|1784384706\n|switch|p1a: A Padeira|Chansey|72/100 par\n|move|p2a: Chansey|Soft-Boiled|p2a: Chansey\n|-heal|p2a: Chansey|100/100 par\n|\n|upkeep\n|turn|142\n|\n|t:|1784384719\n|move|p2a: Chansey|Thunder Wave|p1a: A Padeira\n|-fail|p1a: A Padeira|par\n|move|p1a: A Padeira|Soft-Boiled|p1a: A Padeira\n|-heal|p1a: A Padeira|100/100 par\n|\n|upkeep\n|turn|143\n|\n|t:|1784384725\n|move|p1a: A Padeira|Thunderbolt|p2a: Chansey\n|-crit|p2a: Chansey\n|-damage|p2a: Chansey|81/100 par\n|cant|p2a: Chansey|par\n|\n|upkeep\n|turn|144\n|\n|t:|1784384734\n|move|p2a: Chansey|Thunder Wave|p1a: A Padeira\n|-fail|p1a: A Padeira|par\n|move|p1a: A Padeira|Thunder Wave|p2a: Chansey\n|-fail|p2a: Chansey|par\n|\n|upkeep\n|turn|145\n|\n|t:|1784384740\n|move|p2a: Chansey|Thunder Wave|p1a: A Padeira\n|-fail|p1a: A Padeira|par\n|cant|p1a: A Padeira|par\n|\n|upkeep\n|turn|146\n|\n|t:|1784384745\n|move|p2a: Chansey|Thunder Wave|p1a: A Padeira\n|-fail|p1a: A Padeira|par\n|move|p1a: A Padeira|Ice Beam|p2a: Chansey\n|-damage|p2a: Chansey|70/100 par\n|\n|upkeep\n|turn|147\n|\n|t:|1784384751\n|move|p2a: Chansey|Thunder Wave|p1a: A Padeira\n|-fail|p1a: A Padeira|par\n|move|p1a: A Padeira|Thunder Wave|p2a: Chansey\n|-fail|p2a: Chansey|par\n|\n|upkeep\n|turn|148\n|\n|t:|1784384759\n|move|p2a: Chansey|Thunder Wave|p1a: A Padeira\n|-fail|p1a: A Padeira|par\n|cant|p1a: A Padeira|par\n|\n|upkeep\n|turn|149\n|\n|t:|1784384764\n|move|p2a: Chansey|Thunder Wave|p1a: A Padeira\n|-fail|p1a: A Padeira|par\n|move|p1a: A Padeira|Thunder Wave|p2a: Chansey\n|-fail|p2a: Chansey|par\n|\n|upkeep\n|turn|150\n|\n|t:|1784384771\n|cant|p2a: Chansey|par\n|move|p1a: A Padeira|Thunder Wave|p2a: Chansey\n|-fail|p2a: Chansey|par\n|\n|upkeep\n|turn|151\n|inactive|oligen1 has 210 seconds left.\n|\n|t:|1784384776\n|move|p2a: Chansey|Soft-Boiled|p2a: Chansey\n|-heal|p2a: Chansey|100/100 par\n|move|p1a: A Padeira|Thunderbolt|p2a: Chansey\n|-damage|p2a: Chansey|91/100 par\n|\n|upkeep\n|turn|152\n|\n|t:|1784384782\n|move|p1a: A Padeira|Ice Beam|p2a: Chansey\n|-damage|p2a: Chansey|81/100 par\n|move|p2a: Chansey|Thunder Wave|p1a: A Padeira\n|-fail|p1a: A Padeira|par\n|\n|upkeep\n|turn|153\n|\n|t:|1784384791\n|move|p2a: Chansey|Thunder Wave|p1a: A Padeira\n|-fail|p1a: A Padeira|par\n|cant|p1a: A Padeira|par\n|\n|upkeep\n|turn|154\n|\n|t:|1784384798\n|cant|p1a: A Padeira|par\n|move|p2a: Chansey|Thunder Wave|p1a: A Padeira\n|-fail|p1a: A Padeira|par\n|\n|upkeep\n|turn|155\n|\n|t:|1784384804\n|cant|p2a: Chansey|par\n|move|p1a: A Padeira|Thunderbolt|p2a: Chansey\n|-damage|p2a: Chansey|70/100 par\n|\n|upkeep\n|turn|156\n|\n|t:|1784384810\n|move|p1a: A Padeira|Thunderbolt|p2a: Chansey\n|-damage|p2a: Chansey|59/100 par\n|move|p2a: Chansey|Thunder Wave|p1a: A Padeira\n|-fail|p1a: A Padeira|par\n|\n|upkeep\n|turn|157\n|inactive|oligen1 has 240 seconds left.\n|\n|t:|1784384816\n|move|p2a: Chansey|Soft-Boiled|p2a: Chansey\n|-heal|p2a: Chansey|100/100 par\n|cant|p1a: A Padeira|par\n|\n|upkeep\n|turn|158\n|\n|t:|1784384821\n|move|p1a: A Padeira|Ice Beam|p2a: Chansey\n|-damage|p2a: Chansey|90/100 par\n|move|p2a: Chansey|Thunder Wave|p1a: A Padeira\n|-fail|p1a: A Padeira|par\n|\n|upkeep\n|turn|159\n|\n|t:|1784384828\n|move|p2a: Chansey|Thunder Wave|p1a: A Padeira\n|-fail|p1a: A Padeira|par\n|move|p1a: A Padeira|Thunderbolt|p2a: Chansey\n|-damage|p2a: Chansey|80/100 par\n|\n|upkeep\n|turn|160\n|\n|t:|1784384836\n|move|p2a: Chansey|Sing|p1a: A Padeira\n|-fail|p1a: A Padeira\n|move|p1a: A Padeira|Thunderbolt|p2a: Chansey\n|-damage|p2a: Chansey|70/100 par\n|\n|upkeep\n|turn|161\n|\n|t:|1784384842\n|move|p1a: A Padeira|Thunderbolt|p2a: Chansey\n|-damage|p2a: Chansey|61/100 par\n|move|p2a: Chansey|Sing|p1a: A Padeira|[miss]\n|-miss|p2a: Chansey\n|\n|upkeep\n|turn|162\n|\n|t:|1784384847\n|move|p1a: A Padeira|Thunderbolt|p2a: Chansey\n|-crit|p2a: Chansey\n|-damage|p2a: Chansey|39/100 par\n|move|p2a: Chansey|Soft-Boiled|p2a: Chansey\n|-heal|p2a: Chansey|89/100 par\n|\n|upkeep\n|turn|163\n|inactive|oligen1 has 270 seconds left.\n|\n|t:|1784384854\n|cant|p2a: Chansey|par\n|move|p1a: A Padeira|Thunderbolt|p2a: Chansey\n|-damage|p2a: Chansey|79/100 par\n|\n|upkeep\n|turn|164\n|\n|t:|1784384860\n|move|p1a: A Padeira|Thunderbolt|p2a: Chansey\n|-damage|p2a: Chansey|69/100 par\n|move|p2a: Chansey|Sing|p1a: A Padeira|[miss]\n|-miss|p2a: Chansey\n|\n|upkeep\n|turn|165\n|\n|t:|1784384867\n|cant|p2a: Chansey|par\n|move|p1a: A Padeira|Thunderbolt|p2a: Chansey\n|-crit|p2a: Chansey\n|-damage|p2a: Chansey|49/100 par\n|\n|upkeep\n|turn|166\n|\n|t:|1784384873\n|move|p2a: Chansey|Soft-Boiled|p2a: Chansey\n|-heal|p2a: Chansey|99/100 par\n|move|p1a: A Padeira|Ice Beam|p2a: Chansey\n|-damage|p2a: Chansey|89/100 par\n|\n|upkeep\n|turn|167\n|\n|t:|1784384880\n|switch|p2a: Tauros|Tauros|100/100 par\n|cant|p1a: A Padeira|par\n|\n|upkeep\n|turn|168\n|\n|t:|1784384886\n|switch|p1a: Mistery|Starmie|100/100 par\n|move|p2a: Tauros|Body Slam|p1a: Mistery\n|-damage|p1a: Mistery|69/100 par\n|\n|upkeep\n|turn|169\n|\n|t:|1784384906\n|switch|p2a: Exeggutor|Exeggutor|57/100\n|cant|p1a: Mistery|par\n|\n|upkeep\n|turn|170\n|c|+oakdeon|oublie pas tonton deon oli !\n|inactive|Ulti Bastion has 270 seconds left.\n|c|+oakdeon|eggy pour les vacance :)\n|c|+oakdeon|cocotier\n|inactive|Ulti Bastion has 240 seconds left.\n|c|+oakdeon|la palge\n|\n|t:|1784384983\n|move|p2a: Exeggutor|Explosion|p1a: Mistery\n|-damage|p1a: Mistery|0 fnt\n|faint|p1a: Mistery\n|faint|p2a: Exeggutor\n|\n|t:|1784384992\n|switch|p2a: Tauros|Tauros|100/100 par\n|switch|p1a: A Padeira|Chansey|100/100 par\n|turn|171\n|\n|t:|1784384999\n|move|p2a: Tauros|Body Slam|p1a: A Padeira\n|-damage|p1a: A Padeira|59/100 par\n|move|p1a: A Padeira|Thunderbolt|p2a: Tauros\n|-damage|p2a: Tauros|72/100 par\n|\n|upkeep\n|turn|172\n|\n|t:|1784385005\n|move|p2a: Tauros|Hyper Beam|p1a: A Padeira\n|-damage|p1a: A Padeira|0 fnt\n|faint|p1a: A Padeira\n|\n|t:|1784385007\n|switch|p1a: Red Velvet|Jynx|47/100\n|turn|173\n|c|☆Ulti Bastion|Pls man\n|c|☆Ulti Bastion|Pls\n|inactive|Ulti Bastion has 240 seconds left.\n|\n|t:|1784385018\n|switch|p2a: Chansey|Chansey|89/100 par\n|move|p1a: Red Velvet|Blizzard|p2a: Chansey\n|-damage|p2a: Chansey|71/100 par\n|\n|upkeep\n|turn|174\n|\n|t:|1784385024\n|move|p1a: Red Velvet|Psychic|p2a: Chansey\n|-crit|p2a: Chansey\n|-damage|p2a: Chansey|44/100 par\n|move|p2a: Chansey|Thunder Wave|p1a: Red Velvet\n|-status|p1a: Red Velvet|par\n|\n|upkeep\n|turn|175\n|\n|t:|1784385033\n|move|p1a: Red Velvet|Rest|p1a: Red Velvet\n|-status|p1a: Red Velvet|slp|[from] move: Rest\n|-heal|p1a: Red Velvet|100/100 slp|[silent]\n|move|p2a: Chansey|Soft-Boiled|p2a: Chansey\n|-heal|p2a: Chansey|94/100 par\n|\n|upkeep\n|turn|176\n|c|☆Ulti Bastion|Ya man idk\n|\n|t:|1784385051\n|switch|p2a: Snorlax|Snorlax|31/100 par\n|cant|p1a: Red Velvet|slp\n|\n|upkeep\n|turn|177\n|inactive|Ulti Bastion has 270 seconds left.\n|\n|t:|1784385057\n|-curestatus|p1a: Red Velvet|slp|[msg]\n|move|p2a: Snorlax|Body Slam|p1a: Red Velvet\n|-damage|p1a: Red Velvet|44/100\n|-status|p1a: Red Velvet|par\n|\n|upkeep\n|turn|178\n|inactive|Ulti Bastion has 270 seconds left.\n|c|☆Ulti Bastion|Well\n|\n|t:|1784385071\n|move|p2a: Snorlax|Body Slam|p1a: Red Velvet\n|-damage|p1a: Red Velvet|0 fnt\n|faint|p1a: Red Velvet\n|\n|win|oligen1\n|c|☆oligen1|ggs man\n|c|☆Ulti Bastion|Fuck off\n|c|☆oligen1|you were so close even against the worst rng\n|c|☆oligen1|You got all my respect\n","uploadtime":1784385071,"views":"118","formatid":"gen1ou","rating":null,"private":0,"password":null}