{"id":"smogtours-gen1ou-911719","format":"[Gen 1] OU","players":["Laroxyl","Isza"],"log":"|inactive|Battle timer is ON: inactive players will automatically lose when time's up.\n|t:|1771785957\n|gametype|singles\n|player|p1|Laroxyl|#splxviitigers2|\n|player|p2|Isza|#wcop2025usnortheast2|\n|gen|1\n|tier|[Gen 1] OU\n|rule|Desync Clause Mod: Desyncs changed to move failure.\n|rule|Sleep Clause Mod: Limit one foe put to sleep\n|rule|Freeze Clause Mod: Limit one foe frozen\n|rule|Species Clause: Limit one of each Pokémon\n|rule|OHKO Clause: OHKO moves are banned\n|rule|Evasion Moves Clause: Evasion moves are banned\n|rule|Endless Battle Clause: Forcing endless battles is banned\n|rule|HP Percentage Mod: HP is shown in percentages\n|\n|t:|1771785957\n|teamsize|p1|6\n|teamsize|p2|6\n|start\n|switch|p1a: Alakazam|Alakazam|100/100\n|switch|p2a: 3D (video proof)|Jynx|100/100\n|turn|1\n|c|☆Isza|Hf\n|rated|Smogon Premier League\n|c|☆Laroxyl|hf\n|inactive|Isza has 270 seconds left.\n|\n|t:|1771786013\n|move|p1a: Alakazam|Thunder Wave|p2a: 3D (video proof)\n|-status|p2a: 3D (video proof)|par\n|cant|p2a: 3D (video proof)|par\n|\n|upkeep\n|turn|2\n|\n|t:|1771786018\n|move|p1a: Alakazam|Seismic Toss|p2a: 3D (video proof)\n|-damage|p2a: 3D (video proof)|70/100 par\n|move|p2a: 3D (video proof)|Lovely Kiss|p1a: Alakazam|[miss]\n|-miss|p2a: 3D (video proof)\n|\n|upkeep\n|turn|3\n|\n|t:|1771786025\n|move|p1a: Alakazam|Seismic Toss|p2a: 3D (video proof)\n|-damage|p2a: 3D (video proof)|40/100 par\n|move|p2a: 3D (video proof)|Lovely Kiss|p1a: Alakazam\n|-status|p1a: Alakazam|slp|[from] move: Lovely Kiss\n|\n|upkeep\n|turn|4\n|\n|t:|1771786039\n|switch|p1a: Chansey|Chansey|100/100\n|move|p2a: 3D (video proof)|Blizzard|p1a: Chansey|[miss]\n|-miss|p2a: 3D (video proof)\n|\n|upkeep\n|turn|5\n|\n|t:|1771786062\n|switch|p1a: Tauros|Tauros|100/100\n|move|p2a: 3D (video proof)|Rest|p2a: 3D (video proof)\n|-status|p2a: 3D (video proof)|slp|[from] move: Rest\n|-heal|p2a: 3D (video proof)|100/100 slp|[silent]\n|\n|upkeep\n|turn|6\n|\n|t:|1771786075\n|switch|p2a: 3D|Snorlax|100/100\n|move|p1a: Tauros|Body Slam|p2a: 3D\n|-crit|p2a: 3D\n|-damage|p2a: 3D|55/100\n|\n|upkeep\n|turn|7\n|\n|t:|1771786088\n|move|p1a: Tauros|Body Slam|p2a: 3D\n|-damage|p2a: 3D|28/100\n|move|p2a: 3D|Body Slam|p1a: Tauros\n|-damage|p1a: Tauros|67/100\n|\n|upkeep\n|turn|8\n|inactive|Laroxyl has 270 seconds left.\n|inactive|Laroxyl has 240 seconds left.\n|\n|t:|1771786156\n|switch|p2a: 3D(No video proof)|Starmie|100/100\n|move|p1a: Tauros|Body Slam|p2a: 3D(No video proof)\n|-damage|p2a: 3D(No video proof)|69/100\n|\n|upkeep\n|turn|9\n|\n|t:|1771786174\n|switch|p1a: Chansey|Chansey|100/100\n|move|p2a: 3D(No video proof)|Thunder Wave|p1a: Chansey\n|-status|p1a: Chansey|par\n|\n|upkeep\n|turn|10\n|\n|t:|1771786184\n|switch|p2a: Chansey|Chansey|100/100\n|switch|p1a: Exeggutor|Exeggutor|100/100\n|\n|upkeep\n|turn|11\n|inactive|Laroxyl has 210 seconds left.\n|inactive|Isza has 270 seconds left.\n|\n|t:|1771786224\n|switch|p2a: 3D (video proof)|Jynx|100/100 slp\n|move|p1a: Exeggutor|Sleep Powder|p2a: 3D (video proof)|[miss]\n|-miss|p1a: Exeggutor\n|\n|upkeep\n|turn|12\n|inactive|Isza has 270 seconds left.\n|inactive|Laroxyl has 180 seconds left.\n|\n|t:|1771786272\n|cant|p2a: 3D (video proof)|slp\n|move|p1a: Exeggutor|Sleep Powder|p2a: 3D (video proof)|[miss]\n|-miss|p1a: Exeggutor\n|\n|upkeep\n|turn|13\n|\n|t:|1771786280\n|-curestatus|p2a: 3D (video proof)|slp|[msg]\n|move|p1a: Exeggutor|Sleep Powder|p2a: 3D (video proof)\n|-status|p2a: 3D (video proof)|slp|[from] move: Sleep Powder\n|\n|upkeep\n|turn|14\n|\n|t:|1771786288\n|switch|p2a: Chansey|Chansey|100/100\n|switch|p1a: Chansey|Chansey|100/100 par\n|\n|upkeep\n|turn|15\n|inactive|Laroxyl has 180 seconds left.\n|inactive|Isza has 270 seconds left.\n|\n|t:|1771786307\n|switch|p2a: 3D|Snorlax|28/100\n|move|p1a: Chansey|Ice Beam|p2a: 3D\n|-damage|p2a: 3D|9/100\n|\n|upkeep\n|turn|16\n|inactive|Laroxyl has 180 seconds left.\n|\n|t:|1771786335\n|switch|p1a: Alakazam|Alakazam|100/100 slp\n|move|p2a: 3D|Rest|p2a: 3D\n|-status|p2a: 3D|slp|[from] move: Rest\n|-heal|p2a: 3D|100/100 slp|[silent]\n|\n|upkeep\n|turn|17\n|inactive|Laroxyl has 150 seconds left.\n|inactive|Isza has 240 seconds left.\n|\n|t:|1771786398\n|switch|p1a: Exeggutor|Exeggutor|100/100\n|cant|p2a: 3D|slp\n|\n|upkeep\n|turn|18\n|\n|t:|1771786406\n|switch|p2a: Chansey|Chansey|100/100\n|move|p1a: Exeggutor|Psychic|p2a: Chansey\n|-damage|p2a: Chansey|83/100\n|\n|upkeep\n|turn|19\n|\n|t:|1771786416\n|switch|p1a: Chansey|Chansey|100/100 par\n|move|p2a: Chansey|Ice Beam|p1a: Chansey\n|-damage|p1a: Chansey|89/100 par\n|\n|upkeep\n|turn|20\n|\n|t:|1771786431\n|move|p2a: Chansey|Ice Beam|p1a: Chansey\n|-crit|p1a: Chansey\n|-damage|p1a: Chansey|68/100 par\n|move|p1a: Chansey|Ice Beam|p2a: Chansey\n|-crit|p2a: Chansey\n|-damage|p2a: Chansey|63/100\n|\n|upkeep\n|turn|21\n|\n|t:|1771786438\n|move|p2a: Chansey|Soft-Boiled|p2a: Chansey\n|-heal|p2a: Chansey|100/100\n|move|p1a: Chansey|Ice Beam|p2a: Chansey\n|-damage|p2a: Chansey|89/100\n|\n|upkeep\n|turn|22\n|\n|t:|1771786450\n|switch|p2a: 3D|Snorlax|100/100 slp\n|move|p1a: Chansey|Ice Beam|p2a: 3D\n|-damage|p2a: 3D|82/100 slp\n|\n|upkeep\n|turn|23\n|\n|t:|1771786467\n|-curestatus|p2a: 3D|slp|[msg]\n|move|p1a: Chansey|Thunder Wave|p2a: 3D\n|-status|p2a: 3D|par\n|\n|upkeep\n|turn|24\n|\n|t:|1771786475\n|switch|p1a: Snorlax|Snorlax|100/100\n|move|p2a: 3D|Body Slam|p1a: Snorlax\n|-damage|p1a: Snorlax|75/100\n|\n|upkeep\n|turn|25\n|\n|t:|1771786479\n|move|p1a: Snorlax|Body Slam|p2a: 3D\n|-damage|p2a: 3D|54/100 par\n|move|p2a: 3D|Reflect|p2a: 3D\n|-start|p2a: 3D|Reflect\n|\n|upkeep\n|turn|26\n|\n|t:|1771786502\n|move|p1a: Snorlax|Reflect|p1a: Snorlax\n|-start|p1a: Snorlax|Reflect\n|move|p2a: 3D|Rest|p2a: 3D\n|-status|p2a: 3D|slp|[from] move: Rest\n|-heal|p2a: 3D|100/100 slp|[silent]\n|\n|upkeep\n|turn|27\n|inactive|Laroxyl has 150 seconds left.\n|\n|t:|1771786522\n|switch|p1a: Exeggutor|Exeggutor|100/100\n|cant|p2a: 3D|slp\n|\n|upkeep\n|turn|28\n|\n|t:|1771786529\n|switch|p2a: Chansey|Chansey|89/100\n|move|p1a: Exeggutor|Psychic|p2a: Chansey\n|-damage|p2a: Chansey|72/100\n|\n|upkeep\n|turn|29\n|inactive|Laroxyl has 150 seconds left.\n|\n|t:|1771786569\n|switch|p1a: Chansey|Chansey|68/100 par\n|move|p2a: Chansey|Soft-Boiled|p2a: Chansey\n|-heal|p2a: Chansey|100/100\n|\n|upkeep\n|turn|30\n|inactive|Laroxyl has 120 seconds left.\n|\n|t:|1771786606\n|switch|p2a: 3D|Snorlax|100/100 slp\n|switch|p1a: Snorlax|Snorlax|75/100\n|\n|upkeep\n|turn|31\n|\n|t:|1771786611\n|move|p1a: Snorlax|Body Slam|p2a: 3D\n|-crit|p2a: 3D\n|-damage|p2a: 3D|50/100 slp\n|-curestatus|p2a: 3D|slp|[msg]\n|\n|upkeep\n|turn|32\n|\n|t:|1771786620\n|switch|p1a: Exeggutor|Exeggutor|100/100\n|move|p2a: 3D|Reflect|p2a: 3D\n|-start|p2a: 3D|Reflect\n|\n|upkeep\n|turn|33\n|\n|t:|1771786625\n|move|p1a: Exeggutor|Psychic|p2a: 3D\n|-damage|p2a: 3D|20/100\n|-unboost|p2a: 3D|spa|1\n|-unboost|p2a: 3D|spd|1\n|move|p2a: 3D|Rest|p2a: 3D\n|-status|p2a: 3D|slp|[from] move: Rest\n|-heal|p2a: 3D|100/100 slp|[silent]\n|\n|upkeep\n|turn|34\n|\n|t:|1771786639\n|switch|p2a: Chansey|Chansey|100/100\n|move|p1a: Exeggutor|Psychic|p2a: Chansey\n|-damage|p2a: Chansey|83/100\n|-unboost|p2a: Chansey|spa|1\n|-unboost|p2a: Chansey|spd|1\n|\n|upkeep\n|turn|35\n|inactive|Laroxyl has 120 seconds left.\n|\n|t:|1771786677\n|switch|p1a: Snorlax|Snorlax|75/100\n|move|p2a: Chansey|Thunder Wave|p1a: Snorlax\n|-status|p1a: Snorlax|par\n|\n|upkeep\n|turn|36\n|\n|t:|1771786702\n|switch|p2a: Rhydon|Rhydon|100/100\n|move|p1a: Snorlax|Body Slam|p2a: Rhydon\n|-resisted|p2a: Rhydon\n|-damage|p2a: Rhydon|90/100\n|\n|upkeep\n|turn|37\n|\n|t:|1771786716\n|switch|p1a: Exeggutor|Exeggutor|100/100\n|move|p2a: Rhydon|Rock Slide|p1a: Exeggutor\n|-damage|p1a: Exeggutor|69/100\n|\n|upkeep\n|turn|38\n|\n|t:|1771786728\n|switch|p1a: Chansey|Chansey|68/100 par\n|switch|p2a: Chansey|Chansey|83/100\n|\n|upkeep\n|turn|39\n|inactive|Laroxyl has 90 seconds left.\n|inactive|Laroxyl has 60 seconds left.\n|\n|t:|1771786781\n|switch|p2a: 3D|Snorlax|100/100 slp\n|switch|p1a: Tauros|Tauros|67/100\n|\n|upkeep\n|turn|40\n|\n|t:|1771786795\n|move|p1a: Tauros|Body Slam|p2a: 3D\n|-damage|p2a: 3D|74/100 slp\n|cant|p2a: 3D|slp\n|\n|upkeep\n|turn|41\n|\n|t:|1771786800\n|move|p1a: Tauros|Body Slam|p2a: 3D\n|-damage|p2a: 3D|50/100 slp\n|-curestatus|p2a: 3D|slp|[msg]\n|\n|upkeep\n|turn|42\n|\n|t:|1771786805\n|move|p1a: Tauros|Body Slam|p2a: 3D\n|-crit|p2a: 3D\n|-damage|p2a: 3D|3/100\n|move|p2a: 3D|Body Slam|p1a: Tauros\n|-damage|p1a: Tauros|36/100\n|\n|upkeep\n|turn|43\n|inactive|Isza has 270 seconds left.\n|inactive|Isza has 240 seconds left.\n|inactive|Isza has 210 seconds left.\n|\n|t:|1771786906\n|switch|p2a: 3D(No video proof)|Starmie|69/100\n|move|p1a: Tauros|Body Slam|p2a: 3D(No video proof)\n|-damage|p2a: 3D(No video proof)|35/100\n|\n|upkeep\n|turn|44\n|inactive|Laroxyl has 90 seconds left.\n|\n|t:|1771786923\n|switch|p1a: Chansey|Chansey|68/100 par\n|move|p2a: 3D(No video proof)|Psychic|p1a: Chansey\n|-damage|p1a: Chansey|54/100 par\n|-unboost|p1a: Chansey|spa|1\n|-unboost|p1a: Chansey|spd|1\n|\n|upkeep\n|turn|45\n|inactive|Laroxyl has 60 seconds left.\n|\n|t:|1771786963\n|move|p2a: 3D(No video proof)|Recover|p2a: 3D(No video proof)\n|-heal|p2a: 3D(No video proof)|85/100\n|move|p1a: Chansey|Soft-Boiled|p1a: Chansey\n|-heal|p1a: Chansey|100/100 par\n|\n|upkeep\n|turn|46\n|inactive|Laroxyl has 60 seconds left.\n|\n|t:|1771786978\n|switch|p2a: Rhydon|Rhydon|90/100\n|move|p1a: Chansey|Ice Beam|p2a: Rhydon\n|-supereffective|p2a: Rhydon\n|-damage|p2a: Rhydon|48/100\n|\n|upkeep\n|turn|47\n|inactive|Laroxyl has 60 seconds left.\n|\n|t:|1771787010\n|switch|p1a: Starmie|Starmie|100/100\n|move|p2a: Rhydon|Rock Slide|p1a: Starmie\n|-damage|p1a: Starmie|67/100\n|\n|upkeep\n|turn|48\n|\n|t:|1771787022\n|switch|p2a: Chansey|Chansey|83/100\n|move|p1a: Starmie|Thunder Wave|p2a: Chansey\n|-status|p2a: Chansey|par\n|\n|upkeep\n|turn|49\n|inactive|Laroxyl has 30 seconds left.\n|\n|t:|1771787045\n|switch|p1a: Chansey|Chansey|100/100 par\n|switch|p2a: 3D|Snorlax|3/100\n|\n|upkeep\n|turn|50\n|inactive|Laroxyl has 30 seconds left.\n|\n|t:|1771787057\n|switch|p1a: Exeggutor|Exeggutor|69/100\n|move|p2a: 3D|Rest|p2a: 3D\n|-status|p2a: 3D|slp|[from] move: Rest\n|-heal|p2a: 3D|100/100 slp|[silent]\n|\n|upkeep\n|turn|51\n|inactive|Isza has 180 seconds left.\n|\n|t:|1771787095\n|switch|p2a: Chansey|Chansey|83/100 par\n|move|p1a: Exeggutor|Psychic|p2a: Chansey\n|-damage|p2a: Chansey|66/100 par\n|\n|upkeep\n|turn|52\n|\n|t:|1771787106\n|switch|p1a: Snorlax|Snorlax|75/100 par\n|cant|p2a: Chansey|par\n|\n|upkeep\n|turn|53\n|inactive|Isza has 180 seconds left.\n|\n|t:|1771787123\n|switch|p2a: 3D|Snorlax|100/100 slp\n|move|p1a: Snorlax|Body Slam|p2a: 3D\n|-damage|p2a: 3D|76/100 slp\n|\n|upkeep\n|turn|54\n|\n|t:|1771787130\n|switch|p1a: Exeggutor|Exeggutor|69/100\n|cant|p2a: 3D|slp\n|\n|upkeep\n|turn|55\n|\n|t:|1771787134\n|switch|p2a: Chansey|Chansey|66/100 par\n|move|p1a: Exeggutor|Psychic|p2a: Chansey\n|-damage|p2a: Chansey|50/100 par\n|-unboost|p2a: Chansey|spa|1\n|-unboost|p2a: Chansey|spd|1\n|\n|upkeep\n|turn|56\n|inactive|Laroxyl has 60 seconds left.\n|\n|t:|1771787145\n|move|p1a: Exeggutor|Psychic|p2a: Chansey\n|-damage|p2a: Chansey|25/100 par\n|-unboost|p2a: Chansey|spa|1\n|-unboost|p2a: Chansey|spd|1\n|move|p2a: Chansey|Soft-Boiled|p2a: Chansey\n|-heal|p2a: Chansey|75/100 par\n|\n|upkeep\n|turn|57\n|inactive|Laroxyl has 60 seconds left.\n|\n|t:|1771787155\n|switch|p1a: Snorlax|Snorlax|75/100 par\n|switch|p2a: 3D(No video proof)|Starmie|85/100\n|\n|upkeep\n|turn|58\n|inactive|Laroxyl has 60 seconds left.\n|\n|t:|1771787173\n|switch|p2a: 3D|Snorlax|76/100 slp\n|switch|p1a: Chansey|Chansey|100/100 par\n|\n|upkeep\n|turn|59\n|\n|t:|1771787190\n|-curestatus|p2a: 3D|slp|[msg]\n|cant|p1a: Chansey|par\n|\n|upkeep\n|turn|60\n|\n|t:|1771787194\n|move|p2a: 3D|Body Slam|p1a: Chansey\n|-crit|p1a: Chansey\n|-damage|p1a: Chansey|15/100 par\n|move|p1a: Chansey|Thunder Wave|p2a: 3D\n|-status|p2a: 3D|par\n|\n|upkeep\n|turn|61\n|inactive|Laroxyl has 60 seconds left.\n|\n|t:|1771787217\n|cant|p1a: Chansey|par\n|cant|p2a: 3D|par\n|\n|upkeep\n|turn|62\n|\n|t:|1771787229\n|move|p1a: Chansey|Soft-Boiled|p1a: Chansey\n|-heal|p1a: Chansey|65/100 par\n|move|p2a: 3D|Body Slam|p1a: Chansey\n|-damage|p1a: Chansey|21/100 par\n|\n|upkeep\n|turn|63\n|\n|t:|1771787237\n|move|p1a: Chansey|Soft-Boiled|p1a: Chansey\n|-heal|p1a: Chansey|70/100 par\n|move|p2a: 3D|Body Slam|p1a: Chansey\n|-damage|p1a: Chansey|29/100 par\n|\n|upkeep\n|turn|64\n|\n|t:|1771787246\n|move|p1a: Chansey|Soft-Boiled|p1a: Chansey\n|-heal|p1a: Chansey|79/100 par\n|cant|p2a: 3D|par\n|\n|upkeep\n|turn|65\n|inactive|Laroxyl has 60 seconds left.\n|\n|t:|1771787266\n|switch|p1a: Snorlax|Snorlax|75/100 par\n|move|p2a: 3D|Body Slam|p1a: Snorlax\n|-damage|p1a: Snorlax|49/100 par\n|\n|upkeep\n|turn|66\n|\n|t:|1771787276\n|switch|p2a: 3D(No video proof)|Starmie|85/100\n|move|p1a: Snorlax|Reflect|p1a: Snorlax\n|-start|p1a: Snorlax|Reflect\n|\n|upkeep\n|turn|67\n|inactive|Laroxyl has 60 seconds left.\n|\n|t:|1771787282\n|move|p2a: 3D(No video proof)|Psychic|p1a: Snorlax\n|-crit|p1a: Snorlax\n|-damage|p1a: Snorlax|0 fnt\n|faint|p1a: Snorlax\n|inactive|Laroxyl has 60 seconds left.\n|\n|t:|1771787300\n|switch|p1a: Chansey|Chansey|79/100 par\n|turn|68\n|inactive|Laroxyl has 30 seconds left.\n|inactive|Isza has 270 seconds left.\n|inactive|Laroxyl has 20 seconds left.\n|inactive|Laroxyl has 15 seconds left.\n|\n|t:|1771787357\n|switch|p2a: 3D|Snorlax|76/100 par\n|move|p1a: Chansey|Thunderbolt|p2a: 3D\n|-damage|p2a: 3D|58/100 par\n|\n|upkeep\n|turn|69\n|inactive|Laroxyl has 25 seconds left this turn.\n|inactive|Laroxyl has 20 seconds left.\n|\n|t:|1771787367\n|switch|p1a: Exeggutor|Exeggutor|69/100\n|cant|p2a: 3D|par\n|\n|upkeep\n|turn|70\n|inactive|Laroxyl has 30 seconds left this turn.\n|\n|t:|1771787374\n|switch|p2a: Chansey|Chansey|75/100 par\n|move|p1a: Exeggutor|Psychic|p2a: Chansey\n|-damage|p2a: Chansey|58/100 par\n|-unboost|p2a: Chansey|spa|1\n|-unboost|p2a: Chansey|spd|1\n|\n|upkeep\n|turn|71\n|inactive|Laroxyl has 30 seconds left.\n|\n|t:|1771787381\n|move|p1a: Exeggutor|Psychic|p2a: Chansey\n|-damage|p2a: Chansey|32/100 par\n|move|p2a: Chansey|Soft-Boiled|p2a: Chansey\n|-heal|p2a: Chansey|82/100 par\n|\n|upkeep\n|turn|72\n|inactive|Isza has 270 seconds left.\n|\n|t:|1771787386\n|switch|p1a: Chansey|Chansey|79/100 par\n|move|p2a: Chansey|Thunder Wave|p1a: Chansey\n|-fail|p1a: Chansey|par\n|\n|upkeep\n|turn|73\n|\n|t:|1771787401\n|switch|p2a: 3D|Snorlax|58/100 par\n|move|p1a: Chansey|Thunderbolt|p2a: 3D\n|-damage|p2a: 3D|38/100 par\n|\n|upkeep\n|turn|74\n|\n|t:|1771787408\n|switch|p1a: Exeggutor|Exeggutor|69/100\n|move|p2a: 3D|Rest|p2a: 3D\n|-status|p2a: 3D|slp|[from] move: Rest\n|-heal|p2a: 3D|100/100 slp|[silent]\n|\n|upkeep\n|turn|75\n|\n|t:|1771787416\n|switch|p2a: Chansey|Chansey|82/100 par\n|move|p1a: Exeggutor|Psychic|p2a: Chansey\n|-crit|p2a: Chansey\n|-damage|p2a: Chansey|46/100 par\n|-unboost|p2a: Chansey|spa|1\n|-unboost|p2a: Chansey|spd|1\n|\n|upkeep\n|turn|76\n|\n|t:|1771787420\n|switch|p2a: 3D(No video proof)|Starmie|85/100\n|move|p1a: Exeggutor|Explosion|p2a: 3D(No video proof)\n|-damage|p2a: 3D(No video proof)|0 fnt\n|faint|p2a: 3D(No video proof)\n|faint|p1a: Exeggutor\n|inactive|Laroxyl has 60 seconds left.\n|c|☆Laroxyl|I miss clicked but it worked better lmao\n|inactive|Isza has 270 seconds left.\n|inactive|Laroxyl has 30 seconds left.\n|inactive|Laroxyl has 20 seconds left.\n|\n|t:|1771787469\n|switch|p2a: Chansey|Chansey|46/100 par\n|switch|p1a: Starmie|Starmie|67/100\n|turn|77\n|inactive|Laroxyl has 30 seconds left this turn.\n|inactive|Laroxyl has 20 seconds left.\n|inactive|Laroxyl has 15 seconds left.\n|inactive|Laroxyl has 10 seconds left.\n|\n|t:|1771787493\n|switch|p1a: Tauros|Tauros|36/100\n|move|p2a: Chansey|Thunder Wave|p1a: Tauros\n|-status|p1a: Tauros|par\n|\n|upkeep\n|turn|78\n|inactive|Laroxyl has 20 seconds left this turn.\n|inactive|Laroxyl has 15 seconds left.\n|inactive|Laroxyl has 10 seconds left.\n|\n|t:|1771787507\n|switch|p1a: Starmie|Starmie|67/100\n|switch|p2a: Rhydon|Rhydon|48/100\n|\n|upkeep\n|turn|79\n|inactive|Laroxyl has 20 seconds left this turn.\n|\n|t:|1771787509\n|switch|p2a: 3D (video proof)|Jynx|100/100 slp\n|move|p1a: Starmie|Surf|p2a: 3D (video proof)\n|-damage|p2a: 3D (video proof)|66/100 slp\n|\n|upkeep\n|turn|80\n|inactive|Laroxyl has 30 seconds left this turn.\n|\n|t:|1771787514\n|move|p1a: Starmie|Surf|p2a: 3D (video proof)\n|-damage|p2a: 3D (video proof)|29/100 slp\n|cant|p2a: 3D (video proof)|slp\n|\n|upkeep\n|turn|81\n|\n|t:|1771787517\n|move|p1a: Starmie|Recover|p1a: Starmie\n|-heal|p1a: Starmie|100/100\n|cant|p2a: 3D (video proof)|slp\n|\n|upkeep\n|turn|82\n|inactive|Laroxyl has 30 seconds left.\n|\n|t:|1771787540\n|move|p1a: Starmie|Thunderbolt|p2a: 3D (video proof)\n|-damage|p2a: 3D (video proof)|4/100 slp\n|cant|p2a: 3D (video proof)|slp\n|\n|upkeep\n|turn|83\n|inactive|Laroxyl has 30 seconds left.\n|\n|t:|1771787547\n|move|p1a: Starmie|Thunderbolt|p2a: 3D (video proof)\n|-damage|p2a: 3D (video proof)|0 fnt\n|faint|p2a: 3D (video proof)\n|\n|t:|1771787549\n|switch|p2a: Chansey|Chansey|46/100 par\n|turn|84\n|\n|t:|1771787562\n|switch|p1a: Tauros|Tauros|36/100 par\n|move|p2a: Chansey|Soft-Boiled|p2a: Chansey\n|-heal|p2a: Chansey|96/100 par\n|\n|upkeep\n|turn|85\n|\n|t:|1771787577\n|switch|p2a: Rhydon|Rhydon|48/100\n|move|p1a: Tauros|Body Slam|p2a: Rhydon\n|-resisted|p2a: Rhydon\n|-damage|p2a: Rhydon|37/100\n|-status|p2a: Rhydon|par\n|\n|upkeep\n|turn|86\n|\n|t:|1771787589\n|switch|p1a: Starmie|Starmie|100/100\n|switch|p2a: 3D|Snorlax|100/100 slp\n|\n|upkeep\n|turn|87\n|inactive|Laroxyl has 30 seconds left.\n|\n|t:|1771787608\n|switch|p2a: Chansey|Chansey|96/100 par\n|move|p1a: Starmie|Surf|p2a: Chansey\n|-damage|p2a: Chansey|82/100 par\n|\n|upkeep\n|turn|88\n|\n|t:|1771787614\n|switch|p1a: Chansey|Chansey|79/100 par\n|move|p2a: Chansey|Thunderbolt|p1a: Chansey\n|-damage|p1a: Chansey|69/100 par\n|\n|upkeep\n|turn|89\n|\n|t:|1771787626\n|switch|p2a: 3D|Snorlax|100/100 slp\n|cant|p1a: Chansey|par\n|\n|upkeep\n|turn|90\n|\n|t:|1771787633\n|switch|p1a: Starmie|Starmie|100/100\n|cant|p2a: 3D|slp\n|\n|upkeep\n|turn|91\n|\n|t:|1771787636\n|switch|p2a: Chansey|Chansey|82/100 par\n|move|p1a: Starmie|Surf|p2a: Chansey\n|-crit|p2a: Chansey\n|-damage|p2a: Chansey|50/100 par\n|\n|upkeep\n|turn|92\n|\n|t:|1771787644\n|switch|p1a: Tauros|Tauros|36/100 par\n|cant|p2a: Chansey|par\n|\n|upkeep\n|turn|93\n|inactive|Laroxyl has 60 seconds left.\n|\n|t:|1771787651\n|switch|p1a: Starmie|Starmie|100/100\n|switch|p2a: Rhydon|Rhydon|37/100 par\n|\n|upkeep\n|turn|94\n|\n|t:|1771787657\n|move|p1a: Starmie|Surf|p2a: Rhydon\n|-supereffective|p2a: Rhydon\n|-damage|p2a: Rhydon|0 fnt\n|faint|p2a: Rhydon\n|\n|t:|1771787659\n|switch|p2a: Chansey|Chansey|50/100 par\n|turn|95\n|\n|t:|1771787678\n|switch|p1a: Tauros|Tauros|36/100 par\n|move|p2a: Chansey|Soft-Boiled|p2a: Chansey\n|-heal|p2a: Chansey|99/100 par\n|\n|upkeep\n|turn|96\n|inactive|Laroxyl has 60 seconds left.\n|\n|t:|1771787696\n|switch|p2a: 3D|Snorlax|100/100 slp\n|move|p1a: Tauros|Body Slam|p2a: 3D\n|-damage|p2a: 3D|76/100 slp\n|\n|upkeep\n|turn|97\n|inactive|Laroxyl has 60 seconds left.\n|\n|t:|1771787734\n|switch|p1a: Starmie|Starmie|100/100\n|-curestatus|p2a: 3D|slp|[msg]\n|\n|upkeep\n|turn|98\n|inactive|Laroxyl has 30 seconds left.\n|\n|t:|1771787755\n|switch|p2a: Chansey|Chansey|99/100 par\n|move|p1a: Starmie|Thunder Wave|p2a: Chansey\n|-fail|p2a: Chansey|par\n|\n|upkeep\n|turn|99\n|inactive|Laroxyl has 30 seconds left.\n|\n|t:|1771787762\n|switch|p1a: Chansey|Chansey|69/100 par\n|move|p2a: Chansey|Thunderbolt|p1a: Chansey\n|-damage|p1a: Chansey|58/100 par\n|\n|upkeep\n|turn|100\n|\n|t:|1771787772\n|switch|p2a: 3D|Snorlax|76/100\n|move|p1a: Chansey|Thunder Wave|p2a: 3D\n|-status|p2a: 3D|par\n|\n|upkeep\n|turn|101\n|\n|t:|1771787776\n|switch|p1a: Starmie|Starmie|100/100\n|move|p2a: 3D|Body Slam|p1a: Starmie\n|-damage|p1a: Starmie|61/100\n|\n|upkeep\n|turn|102\n|\n|t:|1771787781\n|move|p1a: Starmie|Recover|p1a: Starmie\n|-heal|p1a: Starmie|100/100\n|move|p2a: 3D|Body Slam|p1a: Starmie\n|-damage|p1a: Starmie|65/100\n|\n|upkeep\n|turn|103\n|inactive|Laroxyl has 60 seconds left.\n|\n|t:|1771787793\n|switch|p2a: Chansey|Chansey|99/100 par\n|move|p1a: Starmie|Recover|p1a: Starmie\n|-heal|p1a: Starmie|100/100\n|\n|upkeep\n|turn|104\n|inactive|Laroxyl has 60 seconds left.\n|\n|t:|1771787824\n|switch|p1a: Chansey|Chansey|58/100 par\n|move|p2a: Chansey|Thunderbolt|p1a: Chansey\n|-damage|p1a: Chansey|48/100 par\n|\n|upkeep\n|turn|105\n|\n|t:|1771787838\n|switch|p2a: 3D|Snorlax|76/100 par\n|move|p1a: Chansey|Soft-Boiled|p1a: Chansey\n|-heal|p1a: Chansey|98/100 par\n|\n|upkeep\n|turn|106\n|inactive|Laroxyl has 30 seconds left.\n|\n|t:|1771787854\n|switch|p1a: Starmie|Starmie|100/100\n|move|p2a: 3D|Body Slam|p1a: Starmie\n|-damage|p1a: Starmie|66/100\n|\n|upkeep\n|turn|107\n|\n|t:|1771787861\n|switch|p2a: Chansey|Chansey|99/100 par\n|move|p1a: Starmie|Surf|p2a: Chansey\n|-damage|p2a: Chansey|85/100 par\n|\n|upkeep\n|turn|108\n|inactive|Laroxyl has 30 seconds left.\n|\n|t:|1771787894\n|switch|p1a: Chansey|Chansey|98/100 par\n|cant|p2a: Chansey|par\n|\n|upkeep\n|turn|109\n|inactive|Laroxyl has 30 seconds left.\n|\n|t:|1771787901\n|cant|p1a: Chansey|par\n|move|p2a: Chansey|Thunder Wave|p1a: Chansey\n|-fail|p1a: Chansey|par\n|\n|upkeep\n|turn|110\n|\n|t:|1771787911\n|move|p2a: Chansey|Ice Beam|p1a: Chansey\n|-damage|p1a: Chansey|87/100 par\n|move|p1a: Chansey|Thunderbolt|p2a: Chansey\n|-damage|p2a: Chansey|74/100 par\n|\n|upkeep\n|turn|111\n|\n|t:|1771787918\n|cant|p2a: Chansey|par\n|move|p1a: Chansey|Thunderbolt|p2a: Chansey\n|-damage|p2a: Chansey|63/100 par\n|\n|upkeep\n|turn|112\n|\n|t:|1771787923\n|switch|p1a: Tauros|Tauros|36/100 par\n|cant|p2a: Chansey|par\n|\n|upkeep\n|turn|113\n|\n|t:|1771787936\n|switch|p2a: Tauros|Tauros|100/100\n|cant|p1a: Tauros|par\n|\n|upkeep\n|turn|114\n|\n|t:|1771787946\n|switch|p1a: Alakazam|Alakazam|100/100 slp\n|move|p2a: Tauros|Body Slam|p1a: Alakazam\n|-damage|p1a: Alakazam|47/100 slp\n|\n|upkeep\n|turn|115\n|\n|t:|1771787950\n|cant|p1a: Alakazam|slp\n|move|p2a: Tauros|Body Slam|p1a: Alakazam\n|-damage|p1a: Alakazam|0 fnt\n|faint|p1a: Alakazam\n|\n|t:|1771787952\n|switch|p1a: Starmie|Starmie|66/100\n|turn|116\n|\n|t:|1771787960\n|switch|p2a: Chansey|Chansey|63/100 par\n|move|p1a: Starmie|Recover|p1a: Starmie\n|-heal|p1a: Starmie|100/100\n|\n|upkeep\n|turn|117\n|inactive|Laroxyl has 60 seconds left.\n|\n|t:|1771787978\n|switch|p1a: Chansey|Chansey|87/100 par\n|move|p2a: Chansey|Soft-Boiled|p2a: Chansey\n|-heal|p2a: Chansey|100/100 par\n|\n|upkeep\n|turn|118\n|\n|t:|1771787987\n|move|p1a: Chansey|Thunderbolt|p2a: Chansey\n|-damage|p2a: Chansey|90/100 par\n|move|p2a: Chansey|Ice Beam|p1a: Chansey\n|-damage|p1a: Chansey|76/100 par\n|\n|upkeep\n|turn|119\n|\n|t:|1771787991\n|switch|p2a: 3D|Snorlax|76/100 par\n|move|p1a: Chansey|Thunderbolt|p2a: 3D\n|-damage|p2a: 3D|57/100 par\n|\n|upkeep\n|turn|120\n|\n|t:|1771788001\n|switch|p1a: Starmie|Starmie|100/100\n|move|p2a: 3D|Body Slam|p1a: Starmie\n|-damage|p1a: Starmie|64/100\n|\n|upkeep\n|turn|121\n|inactive|Laroxyl has 90 seconds left.\n|\n|t:|1771788009\n|switch|p2a: Chansey|Chansey|90/100 par\n|move|p1a: Starmie|Recover|p1a: Starmie\n|-heal|p1a: Starmie|100/100\n|\n|upkeep\n|turn|122\n|inactive|Laroxyl has 90 seconds left.\n|\n|t:|1771788035\n|switch|p1a: Chansey|Chansey|76/100 par\n|move|p2a: Chansey|Thunderbolt|p1a: Chansey\n|-crit|p1a: Chansey\n|-damage|p1a: Chansey|54/100 par\n|\n|upkeep\n|turn|123\n|\n|t:|1771788043\n|switch|p2a: 3D|Snorlax|57/100 par\n|move|p1a: Chansey|Soft-Boiled|p1a: Chansey\n|-heal|p1a: Chansey|100/100 par\n|\n|upkeep\n|turn|124\n|\n|t:|1771788067\n|switch|p1a: Starmie|Starmie|100/100\n|move|p2a: 3D|Rest|p2a: 3D\n|-status|p2a: 3D|slp|[from] move: Rest\n|-heal|p2a: 3D|100/100 slp|[silent]\n|\n|upkeep\n|turn|125\n|\n|t:|1771788081\n|switch|p2a: Chansey|Chansey|90/100 par\n|move|p1a: Starmie|Surf|p2a: Chansey\n|-crit|p2a: Chansey\n|-damage|p2a: Chansey|58/100 par\n|\n|upkeep\n|turn|126\n|\n|t:|1771788093\n|switch|p1a: Tauros|Tauros|36/100 par\n|move|p2a: Chansey|Soft-Boiled|p2a: Chansey\n|-heal|p2a: Chansey|100/100 par\n|\n|upkeep\n|turn|127\n|inactive|Laroxyl has 60 seconds left.\n|inactive|Isza has 270 seconds left.\n|inactive|Isza has 240 seconds left.\n|\n|t:|1771788183\n|switch|p2a: 3D|Snorlax|100/100 slp\n|cant|p1a: Tauros|par\n|\n|upkeep\n|turn|128\n|\n|t:|1771788187\n|switch|p1a: Starmie|Starmie|100/100\n|cant|p2a: 3D|slp\n|\n|upkeep\n|turn|129\n|\n|t:|1771788191\n|switch|p2a: Chansey|Chansey|100/100 par\n|move|p1a: Starmie|Surf|p2a: Chansey\n|-crit|p2a: Chansey\n|-damage|p2a: Chansey|71/100 par\n|\n|upkeep\n|turn|130\n|inactive|Isza has 240 seconds left.\n|\n|t:|1771788205\n|switch|p1a: Chansey|Chansey|100/100 par\n|cant|p2a: Chansey|par\n|\n|upkeep\n|turn|131\n|\n|t:|1771788214\n|switch|p2a: 3D|Snorlax|100/100 slp\n|move|p1a: Chansey|Thunderbolt|p2a: 3D\n|-damage|p2a: 3D|80/100 slp\n|\n|upkeep\n|turn|132\n|\n|t:|1771788223\n|-curestatus|p2a: 3D|slp|[msg]\n|move|p1a: Chansey|Thunder Wave|p2a: 3D\n|-status|p2a: 3D|par\n|\n|upkeep\n|turn|133\n|\n|t:|1771788245\n|switch|p1a: Starmie|Starmie|100/100\n|move|p2a: 3D|Body Slam|p1a: Starmie\n|-damage|p1a: Starmie|66/100\n|\n|upkeep\n|turn|134\n|\n|t:|1771788253\n|move|p1a: Starmie|Recover|p1a: Starmie\n|-heal|p1a: Starmie|100/100\n|move|p2a: 3D|Body Slam|p1a: Starmie\n|-damage|p1a: Starmie|61/100\n|-status|p1a: Starmie|par\n|\n|upkeep\n|turn|135\n|\n|t:|1771788262\n|switch|p2a: Chansey|Chansey|71/100 par\n|cant|p1a: Starmie|par\n|\n|upkeep\n|turn|136\n|\n|t:|1771788273\n|switch|p1a: Chansey|Chansey|100/100 par\n|move|p2a: Chansey|Thunderbolt|p1a: Chansey\n|-damage|p1a: Chansey|91/100 par\n|\n|upkeep\n|turn|137\n|\n|t:|1771788281\n|move|p1a: Chansey|Thunderbolt|p2a: Chansey\n|-damage|p2a: Chansey|59/100 par\n|move|p2a: Chansey|Thunderbolt|p1a: Chansey\n|-damage|p1a: Chansey|80/100 par\n|\n|upkeep\n|turn|138\n|inactive|Laroxyl has 90 seconds left.\n|\n|t:|1771788295\n|switch|p1a: Tauros|Tauros|36/100 par\n|move|p2a: Chansey|Soft-Boiled|p2a: Chansey\n|-heal|p2a: Chansey|100/100 par\n|\n|upkeep\n|turn|139\n|inactive|Laroxyl has 90 seconds left.\n|inactive|Laroxyl has 60 seconds left.\n|inactive|Isza has 270 seconds left.\n|\n|t:|1771788340\n|switch|p1a: Chansey|Chansey|80/100 par\n|switch|p2a: Tauros|Tauros|100/100\n|\n|upkeep\n|turn|140\n|inactive|Laroxyl has 60 seconds left.\n|\n|t:|1771788354\n|switch|p2a: 3D|Snorlax|80/100 par\n|move|p1a: Chansey|Thunder Wave|p2a: 3D\n|-fail|p2a: 3D|par\n|\n|upkeep\n|turn|141\n|inactive|Laroxyl has 60 seconds left.\n|inactive|Laroxyl has 30 seconds left.\n|\n|t:|1771788391\n|switch|p1a: Starmie|Starmie|61/100 par\n|move|p2a: 3D|Body Slam|p1a: Starmie\n|-crit|p1a: Starmie\n|-damage|p1a: Starmie|0 fnt\n|faint|p1a: Starmie\n|inactive|Laroxyl has 30 seconds left.\n|c|☆Laroxyl|Man\n|c|☆Laroxyl|What else\n|inactive|Laroxyl has 20 seconds left.\n|inactive|Laroxyl has 15 seconds left.\n|inactive|Laroxyl has 10 seconds left.\n|\n|t:|1771788421\n|switch|p1a: Chansey|Chansey|80/100 par\n|turn|142\n|inactive|Laroxyl has 20 seconds left this turn.\n|\n|t:|1771788426\n|move|p1a: Chansey|Thunderbolt|p2a: 3D\n|-damage|p2a: 3D|61/100 par\n|move|p2a: 3D|Body Slam|p1a: Chansey\n|-damage|p1a: Chansey|41/100 par\n|\n|upkeep\n|turn|143\n|inactive|Laroxyl has 30 seconds left this turn.\n|\n|t:|1771788431\n|move|p1a: Chansey|Soft-Boiled|p1a: Chansey\n|-heal|p1a: Chansey|91/100 par\n|cant|p2a: 3D|par\n|\n|upkeep\n|turn|144\n|\n|t:|1771788435\n|move|p1a: Chansey|Thunderbolt|p2a: 3D\n|-damage|p2a: 3D|42/100 par\n|move|p2a: 3D|Rest|p2a: 3D\n|-status|p2a: 3D|slp|[from] move: Rest\n|-heal|p2a: 3D|100/100 slp|[silent]\n|\n|upkeep\n|turn|145\n|inactive|Laroxyl has 30 seconds left.\n|\n|t:|1771788452\n|move|p1a: Chansey|Thunderbolt|p2a: 3D\n|-damage|p2a: 3D|81/100 slp\n|cant|p2a: 3D|slp\n|\n|upkeep\n|turn|146\n|\n|t:|1771788456\n|move|p1a: Chansey|Thunderbolt|p2a: 3D\n|-damage|p2a: 3D|63/100 slp\n|-curestatus|p2a: 3D|slp|[msg]\n|\n|upkeep\n|turn|147\n|\n|t:|1771788463\n|switch|p2a: Chansey|Chansey|100/100 par\n|move|p1a: Chansey|Ice Beam|p2a: Chansey\n|-damage|p2a: Chansey|91/100 par\n|\n|upkeep\n|turn|148\n|\n|t:|1771788476\n|move|p2a: Chansey|Ice Beam|p1a: Chansey\n|-damage|p1a: Chansey|80/100 par\n|move|p1a: Chansey|Thunderbolt|p2a: Chansey\n|-damage|p2a: Chansey|80/100 par\n|\n|upkeep\n|turn|149\n|\n|t:|1771788481\n|cant|p1a: Chansey|par\n|move|p2a: Chansey|Ice Beam|p1a: Chansey\n|-damage|p1a: Chansey|70/100 par\n|\n|upkeep\n|turn|150\n|\n|t:|1771788488\n|switch|p2a: 3D|Snorlax|63/100\n|cant|p1a: Chansey|par\n|\n|upkeep\n|turn|151\n|inactive|Laroxyl has 60 seconds left.\n|\n|t:|1771788497\n|move|p2a: 3D|Body Slam|p1a: Chansey\n|-damage|p1a: Chansey|26/100 par\n|move|p1a: Chansey|Thunder Wave|p2a: 3D\n|-status|p2a: 3D|par\n|\n|upkeep\n|turn|152\n|\n|t:|1771788500\n|move|p1a: Chansey|Soft-Boiled|p1a: Chansey\n|-heal|p1a: Chansey|76/100 par\n|move|p2a: 3D|Body Slam|p1a: Chansey\n|-damage|p1a: Chansey|33/100 par\n|\n|upkeep\n|turn|153\n|\n|t:|1771788506\n|move|p1a: Chansey|Soft-Boiled|p1a: Chansey\n|-heal|p1a: Chansey|83/100 par\n|move|p2a: 3D|Body Slam|p1a: Chansey\n|-damage|p1a: Chansey|44/100 par\n|\n|upkeep\n|turn|154\n|\n|t:|1771788512\n|move|p1a: Chansey|Soft-Boiled|p1a: Chansey\n|-heal|p1a: Chansey|94/100 par\n|move|p2a: 3D|Body Slam|p1a: Chansey\n|-damage|p1a: Chansey|50/100 par\n|\n|upkeep\n|turn|155\n|\n|t:|1771788521\n|move|p1a: Chansey|Soft-Boiled|p1a: Chansey\n|-heal|p1a: Chansey|99/100 par\n|cant|p2a: 3D|par\n|\n|upkeep\n|turn|156\n|inactive|Laroxyl has 90 seconds left.\n|\n|t:|1771788528\n|cant|p1a: Chansey|par\n|cant|p2a: 3D|par\n|\n|upkeep\n|turn|157\n|\n|t:|1771788532\n|move|p1a: Chansey|Thunderbolt|p2a: 3D\n|-damage|p2a: 3D|43/100 par\n|move|p2a: 3D|Rest|p2a: 3D\n|-status|p2a: 3D|slp|[from] move: Rest\n|-heal|p2a: 3D|100/100 slp|[silent]\n|\n|upkeep\n|turn|158\n|\n|t:|1771788545\n|switch|p1a: Tauros|Tauros|36/100 par\n|cant|p2a: 3D|slp\n|\n|upkeep\n|turn|159\n|\n|t:|1771788554\n|switch|p1a: Chansey|Chansey|99/100 par\n|-curestatus|p2a: 3D|slp|[msg]\n|\n|upkeep\n|turn|160\n|\n|t:|1771788566\n|switch|p2a: Chansey|Chansey|80/100 par\n|move|p1a: Chansey|Ice Beam|p2a: Chansey\n|-damage|p2a: Chansey|70/100 par\n|\n|upkeep\n|turn|161\n|\n|t:|1771788575\n|move|p1a: Chansey|Thunder Wave|p2a: Chansey\n|-fail|p2a: Chansey|par\n|move|p2a: Chansey|Soft-Boiled|p2a: Chansey\n|-heal|p2a: Chansey|100/100 par\n|\n|upkeep\n|turn|162\n|\n|t:|1771788583\n|switch|p2a: 3D|Snorlax|100/100\n|move|p1a: Chansey|Thunderbolt|p2a: 3D\n|-crit|p2a: 3D\n|-damage|p2a: 3D|62/100\n|\n|upkeep\n|turn|163\n|inactive|Laroxyl has 120 seconds left.\n|\n|t:|1771788610\n|move|p2a: 3D|Body Slam|p1a: Chansey\n|-damage|p1a: Chansey|61/100 par\n|move|p1a: Chansey|Ice Beam|p2a: 3D\n|-damage|p2a: 3D|42/100\n|-status|p2a: 3D|frz\n|\n|upkeep\n|turn|164\n|inactive|Laroxyl has 90 seconds left.\n|\n|t:|1771788635\n|switch|p2a: Chansey|Chansey|100/100 par\n|move|p1a: Chansey|Thunder Wave|p2a: Chansey\n|-fail|p2a: Chansey|par\n|\n|upkeep\n|turn|165\n|inactive|Laroxyl has 90 seconds left.\n|\n|t:|1771788646\n|switch|p2a: 3D|Snorlax|42/100 frz\n|move|p1a: Chansey|Thunder Wave|p2a: 3D\n|-fail|p2a: 3D\n|\n|upkeep\n|turn|166\n|inactive|Laroxyl has 90 seconds left.\n|\n|t:|1771788660\n|switch|p2a: Chansey|Chansey|100/100 par\n|cant|p1a: Chansey|par\n|\n|upkeep\n|turn|167\n|inactive|Laroxyl has 90 seconds left.\n|\n|t:|1771788671\n|switch|p2a: 3D|Snorlax|42/100 frz\n|move|p1a: Chansey|Soft-Boiled|p1a: Chansey\n|-heal|p1a: Chansey|100/100 par\n|\n|upkeep\n|turn|168\n|inactive|Laroxyl has 90 seconds left.\n|\n|t:|1771788677\n|switch|p2a: Chansey|Chansey|100/100 par\n|move|p1a: Chansey|Thunderbolt|p2a: Chansey\n|-crit|p2a: Chansey\n|-damage|p2a: Chansey|81/100 par\n|\n|upkeep\n|turn|169\n|inactive|Laroxyl has 90 seconds left.\n|\n|t:|1771788687\n|move|p2a: Chansey|Thunderbolt|p1a: Chansey\n|-damage|p1a: Chansey|90/100 par\n|move|p1a: Chansey|Thunder Wave|p2a: Chansey\n|-fail|p2a: Chansey|par\n|\n|upkeep\n|turn|170\n|\n|t:|1771788695\n|switch|p2a: 3D|Snorlax|42/100 frz\n|move|p1a: Chansey|Thunderbolt|p2a: 3D\n|-damage|p2a: 3D|21/100 frz\n|\n|upkeep\n|turn|171\n|\n|t:|1771788708\n|switch|p2a: Chansey|Chansey|81/100 par\n|move|p1a: Chansey|Thunder Wave|p2a: Chansey\n|-fail|p2a: Chansey|par\n|\n|upkeep\n|turn|172\n|\n|t:|1771788714\n|cant|p1a: Chansey|par\n|move|p2a: Chansey|Thunder Wave|p1a: Chansey\n|-fail|p1a: Chansey|par\n|\n|upkeep\n|turn|173\n|\n|t:|1771788718\n|move|p1a: Chansey|Thunder Wave|p2a: Chansey\n|-fail|p2a: Chansey|par\n|move|p2a: Chansey|Thunder Wave|p1a: Chansey\n|-fail|p1a: Chansey|par\n|\n|upkeep\n|turn|174\n|inactive|Laroxyl has 120 seconds left.\n|\n|t:|1771788724\n|move|p1a: Chansey|Thunder Wave|p2a: Chansey\n|-fail|p2a: Chansey|par\n|cant|p2a: Chansey|par\n|\n|upkeep\n|turn|175\n|\n|t:|1771788729\n|cant|p1a: Chansey|par\n|move|p2a: Chansey|Thunder Wave|p1a: Chansey\n|-fail|p1a: Chansey|par\n|\n|upkeep\n|turn|176\n|\n|t:|1771788737\n|move|p1a: Chansey|Thunder Wave|p2a: Chansey\n|-fail|p2a: Chansey|par\n|move|p2a: Chansey|Thunder Wave|p1a: Chansey\n|-fail|p1a: Chansey|par\n|\n|upkeep\n|turn|177\n|\n|t:|1771788753\n|move|p2a: Chansey|Thunder Wave|p1a: Chansey\n|-fail|p1a: Chansey|par\n|move|p1a: Chansey|Thunder Wave|p2a: Chansey\n|-fail|p2a: Chansey|par\n|\n|upkeep\n|turn|178\n|\n|t:|1771788761\n|move|p2a: Chansey|Thunder Wave|p1a: Chansey\n|-fail|p1a: Chansey|par\n|move|p1a: Chansey|Thunder Wave|p2a: Chansey\n|-fail|p2a: Chansey|par\n|\n|upkeep\n|turn|179\n|\n|t:|1771788778\n|move|p1a: Chansey|Thunder Wave|p2a: Chansey\n|-fail|p2a: Chansey|par\n|cant|p2a: Chansey|par\n|\n|upkeep\n|turn|180\n|\n|t:|1771788784\n|move|p2a: Chansey|Thunder Wave|p1a: Chansey\n|-fail|p1a: Chansey|par\n|move|p1a: Chansey|Thunder Wave|p2a: Chansey\n|-fail|p2a: Chansey|par\n|\n|upkeep\n|turn|181\n|\n|t:|1771788790\n|move|p2a: Chansey|Thunder Wave|p1a: Chansey\n|-fail|p1a: Chansey|par\n|cant|p1a: Chansey|par\n|\n|upkeep\n|turn|182\n|\n|t:|1771788794\n|cant|p1a: Chansey|par\n|move|p2a: Chansey|Thunder Wave|p1a: Chansey\n|-fail|p1a: Chansey|par\n|\n|upkeep\n|turn|183\n|inactive|Laroxyl has 150 seconds left.\n|\n|t:|1771788806\n|cant|p1a: Chansey|par\n|move|p2a: Chansey|Thunder Wave|p1a: Chansey\n|-fail|p1a: Chansey|par\n|\n|upkeep\n|turn|184\n|inactive|Laroxyl has 150 seconds left.\n|\n|t:|1771788818\n|cant|p1a: Chansey|par\n|cant|p2a: Chansey|par\n|\n|upkeep\n|turn|185\n|\n|t:|1771788822\n|move|p1a: Chansey|Thunder Wave|p2a: Chansey\n|-fail|p2a: Chansey|par\n|move|p2a: Chansey|Thunder Wave|p1a: Chansey\n|-fail|p1a: Chansey|par\n|\n|upkeep\n|turn|186\n|\n|t:|1771788834\n|cant|p2a: Chansey|par\n|cant|p1a: Chansey|par\n|\n|upkeep\n|turn|187\n|\n|t:|1771788838\n|cant|p1a: Chansey|par\n|move|p2a: Chansey|Thunder Wave|p1a: Chansey\n|-fail|p1a: Chansey|par\n|\n|upkeep\n|turn|188\n|\n|t:|1771788862\n|move|p2a: Chansey|Thunder Wave|p1a: Chansey\n|-fail|p1a: Chansey|par\n|move|p1a: Chansey|Thunder Wave|p2a: Chansey\n|-fail|p2a: Chansey|par\n|\n|upkeep\n|turn|189\n|\n|t:|1771788875\n|move|p2a: Chansey|Thunder Wave|p1a: Chansey\n|-fail|p1a: Chansey|par\n|move|p1a: Chansey|Ice Beam|p2a: Chansey\n|-damage|p2a: Chansey|71/100 par\n|\n|upkeep\n|turn|190\n|inactive|Laroxyl has 150 seconds left.\n|inactive|Laroxyl has 120 seconds left.\n|\n|t:|1771788933\n|cant|p2a: Chansey|par\n|move|p1a: Chansey|Thunder Wave|p2a: Chansey\n|-fail|p2a: Chansey|par\n|\n|upkeep\n|turn|191\n|\n|t:|1771788938\n|move|p1a: Chansey|Thunder Wave|p2a: Chansey\n|-fail|p2a: Chansey|par\n|move|p2a: Chansey|Soft-Boiled|p2a: Chansey\n|-heal|p2a: Chansey|100/100 par\n|\n|upkeep\n|turn|192\n|inactive|Laroxyl has 120 seconds left.\n|\n|t:|1771788946\n|cant|p2a: Chansey|par\n|move|p1a: Chansey|Thunderbolt|p2a: Chansey\n|-crit|p2a: Chansey\n|-damage|p2a: Chansey|81/100 par\n|\n|upkeep\n|turn|193\n|inactive|Laroxyl has 120 seconds left.\n|\n|t:|1771788956\n|move|p1a: Chansey|Thunder Wave|p2a: Chansey\n|-fail|p2a: Chansey|par\n|move|p2a: Chansey|Thunder Wave|p1a: Chansey\n|-fail|p1a: Chansey|par\n|\n|upkeep\n|turn|194\n|inactive|Laroxyl has 120 seconds left.\n|\n|t:|1771788986\n|move|p1a: Chansey|Thunderbolt|p2a: Chansey\n|-damage|p2a: Chansey|69/100 par\n|move|p2a: Chansey|Ice Beam|p1a: Chansey\n|-damage|p1a: Chansey|79/100 par\n|\n|upkeep\n|turn|195\n|\n|t:|1771788999\n|cant|p1a: Chansey|par\n|move|p2a: Chansey|Soft-Boiled|p2a: Chansey\n|-heal|p2a: Chansey|100/100 par\n|\n|upkeep\n|turn|196\n|\n|t:|1771789003\n|cant|p2a: Chansey|par\n|move|p1a: Chansey|Thunderbolt|p2a: Chansey\n|-damage|p2a: Chansey|89/100 par\n|\n|upkeep\n|turn|197\n|\n|t:|1771789007\n|move|p2a: Chansey|Thunder Wave|p1a: Chansey\n|-fail|p1a: Chansey|par\n|cant|p1a: Chansey|par\n|\n|upkeep\n|turn|198\n|\n|t:|1771789016\n|move|p2a: Chansey|Thunder Wave|p1a: Chansey\n|-fail|p1a: Chansey|par\n|cant|p1a: Chansey|par\n|\n|upkeep\n|turn|199\n|\n|t:|1771789019\n|move|p1a: Chansey|Thunderbolt|p2a: Chansey\n|-damage|p2a: Chansey|79/100 par\n|cant|p2a: Chansey|par\n|\n|upkeep\n|turn|200\n|\n|t:|1771789024\n|move|p2a: Chansey|Thunder Wave|p1a: Chansey\n|-fail|p1a: Chansey|par\n|move|p1a: Chansey|Thunder Wave|p2a: Chansey\n|-fail|p2a: Chansey|par\n|\n|upkeep\n|turn|201\n|\n|t:|1771789034\n|move|p2a: Chansey|Thunder Wave|p1a: Chansey\n|-fail|p1a: Chansey|par\n|move|p1a: Chansey|Thunder Wave|p2a: Chansey\n|-fail|p2a: Chansey|par\n|\n|upkeep\n|turn|202\n|\n|t:|1771789045\n|move|p2a: Chansey|Thunder Wave|p1a: Chansey\n|-fail|p1a: Chansey|par\n|cant|p1a: Chansey|par\n|\n|upkeep\n|turn|203\n|\n|t:|1771789050\n|cant|p2a: Chansey|par\n|cant|p1a: Chansey|par\n|\n|upkeep\n|turn|204\n|\n|t:|1771789054\n|move|p1a: Chansey|Thunder Wave|p2a: Chansey\n|-fail|p2a: Chansey|par\n|move|p2a: Chansey|Thunder Wave|p1a: Chansey\n|-fail|p1a: Chansey|par\n|\n|upkeep\n|turn|205\n|\n|t:|1771789058\n|switch|p1a: Tauros|Tauros|36/100 par\n|cant|p2a: Chansey|par\n|\n|upkeep\n|turn|206\n|inactive|Laroxyl has 180 seconds left.\n|\n|t:|1771789075\n|switch|p1a: Chansey|Chansey|79/100 par\n|switch|p2a: 3D|Snorlax|21/100 frz\n|\n|upkeep\n|turn|207\n|inactive|Laroxyl has 180 seconds left.\n|\n|t:|1771789087\n|switch|p2a: Chansey|Chansey|79/100 par\n|switch|p1a: Tauros|Tauros|36/100 par\n|\n|upkeep\n|turn|208\n|inactive|Laroxyl has 180 seconds left.\n|inactive|Laroxyl has 150 seconds left.\n|inactive|Laroxyl has 120 seconds left.\n|\n|t:|1771789167\n|switch|p2a: 3D|Snorlax|21/100 frz\n|cant|p1a: Tauros|par\n|\n|upkeep\n|turn|209\n|\n|t:|1771789179\n|cant|p2a: 3D|frz\n|cant|p1a: Tauros|par\n|\n|upkeep\n|turn|210\n|\n|t:|1771789183\n|cant|p2a: 3D|frz\n|cant|p1a: Tauros|par\n|\n|upkeep\n|turn|211\n|\n|t:|1771789188\n|cant|p2a: 3D|frz\n|cant|p1a: Tauros|par\n|\n|upkeep\n|turn|212\n|inactive|Laroxyl has 120 seconds left.\n|\n|t:|1771789209\n|cant|p2a: 3D|frz\n|move|p1a: Tauros|Body Slam|p2a: 3D\n|-damage|p2a: 3D|0 fnt\n|faint|p2a: 3D\n|\n|t:|1771789214\n|switch|p2a: Tauros|Tauros|100/100\n|turn|213\n|c|☆Isza|dont\n|inactive|Laroxyl has 120 seconds left.\n|c|☆Isza|(please)\n|inactive|Laroxyl has 90 seconds left.\n|inactive|Isza has 270 seconds left.\n|inactive|Laroxyl has 60 seconds left.\n|inactive|Isza has 240 seconds left.\n|inactive|Laroxyl has 30 seconds left.\n|inactive|Laroxyl has 20 seconds left.\n|inactive|Laroxyl has 15 seconds left.\n|\n|t:|1771789332\n|move|p2a: Tauros|Body Slam|p1a: Tauros\n|-crit|p1a: Tauros\n|-damage|p1a: Tauros|0 fnt\n|faint|p1a: Tauros\n|inactive|Laroxyl has 20 seconds left this turn.\n|inactive|Laroxyl has 15 seconds left.\n|c|☆Laroxyl|ggs\n|\n|t:|1771789340\n|switch|p1a: Chansey|Chansey|79/100 par\n|turn|214\n|inactive|Laroxyl has 25 seconds left this turn.\n|inactive|Laroxyl has 20 seconds left.\n|\n|t:|1771789347\n|switch|p2a: Chansey|Chansey|79/100 par\n|move|p1a: Chansey|Ice Beam|p2a: Chansey\n|-damage|p2a: Chansey|68/100 par\n|\n|upkeep\n|turn|215\n|inactive|Laroxyl has 30 seconds left this turn.\n|-message|Laroxyl forfeited.\n|\n|win|Isza\n|c|☆Isza|ggs\n","uploadtime":1771789353,"views":"1097","formatid":"gen1ou","rating":null,"private":0,"password":null}