{"id":"smogtours-gen1ou-823611","format":"[Gen 1] OU","players":["Serpi n_n","Sceptross"],"log":"|inactive|Battle timer is ON: inactive players will automatically lose when time's up.\n|t:|1741377505\n|gametype|singles\n|player|p1|Serpi n_n|#splxviraiders|\n|player|p2|Sceptross|#splxvicryonicles|\n|teamsize|p1|6\n|teamsize|p2|6\n|gen|1\n|tier|[Gen 1] OU\n|rule|Desync Clause Mod: Desyncs changed to move failure.\n|rule|Sleep Clause Mod: Limit one foe put to sleep\n|rule|Freeze Clause Mod: Limit one foe frozen\n|rule|Species Clause: Limit one of each Pokémon\n|rule|OHKO Clause: OHKO moves are banned\n|rule|Evasion Moves Clause: Evasion moves are banned\n|rule|Endless Battle Clause: Forcing endless battles is banned\n|rule|HP Percentage Mod: HP is shown in percentages\n|\n|t:|1741377505\n|start\n|switch|p1a: Jynx|Jynx|100/100\n|switch|p2a: Starmie|Starmie|100/100\n|turn|1\n|c|☆Sceptross|gl hf\n|c|☆Serpi n_n|hf\n|\n|t:|1741377530\n|switch|p1a: Chansey|Chansey|100/100\n|move|p2a: Starmie|Thunder Wave|p1a: Chansey\n|-status|p1a: Chansey|par\n|\n|upkeep\n|turn|2\n|inactive|Sceptross has 270 seconds left.\n|inactive|Sceptross has 240 seconds left.\n|\n|t:|1741377613\n|move|p2a: Starmie|Psychic|p1a: Chansey\n|-damage|p1a: Chansey|86/100 par\n|cant|p1a: Chansey|par\n|\n|upkeep\n|turn|3\n|\n|t:|1741377632\n|move|p2a: Starmie|Psychic|p1a: Chansey\n|-damage|p1a: Chansey|72/100 par\n|move|p1a: Chansey|Soft-Boiled|p1a: Chansey\n|-heal|p1a: Chansey|100/100 par\n|\n|upkeep\n|turn|4\n|\n|t:|1741377643\n|move|p2a: Starmie|Psychic|p1a: Chansey\n|-damage|p1a: Chansey|86/100 par\n|move|p1a: Chansey|Ice Beam|p2a: Starmie\n|-resisted|p2a: Starmie\n|-damage|p2a: Starmie|88/100\n|\n|upkeep\n|turn|5\n|\n|t:|1741377655\n|move|p2a: Starmie|Psychic|p1a: Chansey\n|-damage|p1a: Chansey|70/100 par\n|move|p1a: Chansey|Sing|p2a: Starmie\n|-status|p2a: Starmie|slp|[from] move: Sing\n|\n|upkeep\n|turn|6\n|\n|t:|1741377682\n|cant|p2a: Starmie|slp\n|move|p1a: Chansey|Thunder Wave|p2a: Starmie\n|-fail|p2a: Starmie\n|\n|upkeep\n|turn|7\n|\n|t:|1741377693\n|cant|p2a: Starmie|slp\n|move|p1a: Chansey|Soft-Boiled|p1a: Chansey\n|-heal|p1a: Chansey|100/100 par\n|\n|upkeep\n|turn|8\n|\n|t:|1741377706\n|switch|p2a: Snorlax|Snorlax|100/100\n|switch|p1a: Tauros|Tauros|100/100\n|\n|upkeep\n|turn|9\n|\n|t:|1741377714\n|switch|p1a: Snorlax|Snorlax|100/100\n|move|p2a: Snorlax|Body Slam|p1a: Snorlax\n|-damage|p1a: Snorlax|74/100\n|\n|upkeep\n|turn|10\n|\n|t:|1741377724\n|move|p1a: Snorlax|Body Slam|p2a: Snorlax\n|-damage|p2a: Snorlax|73/100\n|move|p2a: Snorlax|Body Slam|p1a: Snorlax\n|-damage|p1a: Snorlax|47/100\n|\n|upkeep\n|turn|11\n|inactive|Serpi n_n has 270 seconds left.\n|\n|t:|1741377753\n|move|p1a: Snorlax|Reflect|p1a: Snorlax\n|-start|p1a: Snorlax|Reflect\n|move|p2a: Snorlax|Reflect|p2a: Snorlax\n|-start|p2a: Snorlax|Reflect\n|\n|upkeep\n|turn|12\n|inactive|Serpi n_n has 270 seconds left.\n|\n|t:|1741377771\n|move|p1a: Snorlax|Body Slam|p2a: Snorlax\n|-damage|p2a: Snorlax|60/100\n|move|p2a: Snorlax|Body Slam|p1a: Snorlax\n|-damage|p1a: Snorlax|34/100\n|\n|upkeep\n|turn|13\n|inactive|Serpi n_n has 270 seconds left.\n|\n|t:|1741377781\n|move|p1a: Snorlax|Body Slam|p2a: Snorlax\n|-damage|p2a: Snorlax|47/100\n|move|p2a: Snorlax|Rest|p2a: Snorlax\n|-status|p2a: Snorlax|slp|[from] move: Rest\n|-heal|p2a: Snorlax|100/100 slp|[silent]\n|\n|upkeep\n|turn|14\n|\n|t:|1741377787\n|move|p1a: Snorlax|Rest|p1a: Snorlax\n|-status|p1a: Snorlax|slp|[from] move: Rest\n|-heal|p1a: Snorlax|100/100 slp|[silent]\n|cant|p2a: Snorlax|slp\n|\n|upkeep\n|turn|15\n|\n|t:|1741377789\n|-curestatus|p2a: Snorlax|slp|[msg]\n|cant|p1a: Snorlax|slp\n|\n|upkeep\n|turn|16\n|\n|t:|1741377791\n|switch|p2a: Exeggutor|Exeggutor|100/100\n|-curestatus|p1a: Snorlax|slp|[msg]\n|\n|upkeep\n|turn|17\n|\n|t:|1741377810\n|switch|p2a: Snorlax|Snorlax|100/100\n|switch|p1a: Chansey|Chansey|100/100 par\n|\n|upkeep\n|turn|18\n|\n|t:|1741377823\n|switch|p1a: Snorlax|Snorlax|100/100\n|move|p2a: Snorlax|Body Slam|p1a: Snorlax\n|-damage|p1a: Snorlax|74/100\n|\n|upkeep\n|turn|19\n|\n|t:|1741377830\n|move|p1a: Snorlax|Reflect|p1a: Snorlax\n|-start|p1a: Snorlax|Reflect\n|move|p2a: Snorlax|Body Slam|p1a: Snorlax\n|-damage|p1a: Snorlax|61/100\n|\n|upkeep\n|turn|20\n|\n|t:|1741377832\n|move|p2a: Snorlax|Reflect|p2a: Snorlax\n|-start|p2a: Snorlax|Reflect\n|move|p1a: Snorlax|Body Slam|p2a: Snorlax\n|-damage|p2a: Snorlax|88/100\n|\n|upkeep\n|turn|21\n|\n|t:|1741377835\n|move|p2a: Snorlax|Body Slam|p1a: Snorlax\n|-crit|p1a: Snorlax\n|-damage|p1a: Snorlax|10/100\n|move|p1a: Snorlax|Body Slam|p2a: Snorlax\n|-damage|p2a: Snorlax|75/100\n|\n|upkeep\n|turn|22\n|inactive|Sceptross has 270 seconds left.\n|inactive|Sceptross has 240 seconds left.\n|\n|t:|1741377902\n|move|p1a: Snorlax|Rest|p1a: Snorlax\n|-status|p1a: Snorlax|slp|[from] move: Rest\n|-heal|p1a: Snorlax|100/100 slp|[silent]\n|move|p2a: Snorlax|Body Slam|p1a: Snorlax\n|-crit|p1a: Snorlax\n|-damage|p1a: Snorlax|51/100 slp\n|\n|upkeep\n|turn|23\n|inactive|Sceptross has 240 seconds left.\n|\n|t:|1741377914\n|switch|p2a: Exeggutor|Exeggutor|100/100\n|cant|p1a: Snorlax|slp\n|\n|upkeep\n|turn|24\n|\n|t:|1741377920\n|move|p2a: Exeggutor|Psychic|p1a: Snorlax\n|-damage|p1a: Snorlax|18/100 slp\n|-curestatus|p1a: Snorlax|slp|[msg]\n|\n|upkeep\n|turn|25\n|inactive|Sceptross has 240 seconds left.\n|\n|t:|1741377950\n|switch|p1a: Chansey|Chansey|100/100 par\n|move|p2a: Exeggutor|Sleep Powder|p1a: Chansey|[miss]\n|-miss|p2a: Exeggutor\n|\n|upkeep\n|turn|26\n|inactive|Sceptross has 210 seconds left.\n|\n|t:|1741377980\n|switch|p2a: Snorlax|Snorlax|75/100\n|move|p1a: Chansey|Thunder Wave|p2a: Snorlax\n|-status|p2a: Snorlax|par\n|\n|upkeep\n|turn|27\n|inactive|Serpi n_n has 270 seconds left.\n|\n|t:|1741378031\n|switch|p1a: Starmie|Starmie|100/100\n|move|p2a: Snorlax|Body Slam|p1a: Starmie\n|-damage|p1a: Starmie|62/100\n|\n|upkeep\n|turn|28\n|inactive|Serpi n_n has 240 seconds left.\n|\n|t:|1741378047\n|move|p1a: Starmie|Psychic|p2a: Snorlax\n|-damage|p2a: Snorlax|50/100 par\n|move|p2a: Snorlax|Body Slam|p1a: Starmie\n|-damage|p1a: Starmie|25/100\n|\n|upkeep\n|turn|29\n|\n|t:|1741378052\n|move|p1a: Starmie|Recover|p1a: Starmie\n|-heal|p1a: Starmie|75/100\n|move|p2a: Snorlax|Body Slam|p1a: Starmie\n|-damage|p1a: Starmie|35/100\n|\n|upkeep\n|turn|30\n|\n|t:|1741378057\n|move|p1a: Starmie|Recover|p1a: Starmie\n|-heal|p1a: Starmie|85/100\n|move|p2a: Snorlax|Body Slam|p1a: Starmie\n|-damage|p1a: Starmie|49/100\n|\n|upkeep\n|turn|31\n|inactive|Sceptross has 240 seconds left.\n|inactive|Sceptross has 210 seconds left.\n|\n|t:|1741378106\n|move|p1a: Starmie|Recover|p1a: Starmie\n|-heal|p1a: Starmie|99/100\n|cant|p2a: Snorlax|par\n|\n|upkeep\n|turn|32\n|\n|t:|1741378119\n|move|p1a: Starmie|Blizzard|p2a: Snorlax\n|-damage|p2a: Snorlax|28/100 par\n|move|p2a: Snorlax|Self-Destruct|p1a: Starmie\n|-damage|p1a: Starmie|0 fnt\n|faint|p1a: Starmie\n|faint|p2a: Snorlax\n|inactive|Sceptross has 180 seconds left.\n|inactive|Sceptross has 150 seconds left.\n|\n|t:|1741378200\n|switch|p1a: Jynx|Jynx|100/100\n|switch|p2a: Chansey|Chansey|100/100\n|turn|33\n|\n|t:|1741378209\n|switch|p1a: Chansey|Chansey|100/100 par\n|move|p2a: Chansey|Thunder Wave|p1a: Chansey\n|-fail|p1a: Chansey|par\n|\n|upkeep\n|turn|34\n|\n|t:|1741378221\n|switch|p2a: Starmie|Starmie|88/100 slp\n|cant|p1a: Chansey|par\n|\n|upkeep\n|turn|35\n|inactive|Serpi n_n has 270 seconds left.\n|\n|t:|1741378227\n|switch|p2a: Chansey|Chansey|100/100\n|move|p1a: Chansey|Ice Beam|p2a: Chansey\n|-damage|p2a: Chansey|90/100\n|\n|upkeep\n|turn|36\n|\n|t:|1741378250\n|switch|p2a: Starmie|Starmie|88/100 slp\n|move|p1a: Chansey|Ice Beam|p2a: Starmie\n|-resisted|p2a: Starmie\n|-damage|p2a: Starmie|77/100 slp\n|\n|upkeep\n|turn|37\n|\n|t:|1741378260\n|switch|p2a: Chansey|Chansey|90/100\n|move|p1a: Chansey|Ice Beam|p2a: Chansey\n|-damage|p2a: Chansey|79/100\n|\n|upkeep\n|turn|38\n|\n|t:|1741378269\n|switch|p2a: Starmie|Starmie|77/100 slp\n|move|p1a: Chansey|Ice Beam|p2a: Starmie\n|-resisted|p2a: Starmie\n|-damage|p2a: Starmie|65/100 slp\n|\n|upkeep\n|turn|39\n|\n|t:|1741378274\n|cant|p2a: Starmie|slp\n|move|p1a: Chansey|Ice Beam|p2a: Starmie\n|-resisted|p2a: Starmie\n|-damage|p2a: Starmie|52/100 slp\n|\n|upkeep\n|turn|40\n|\n|t:|1741378281\n|switch|p2a: Chansey|Chansey|79/100\n|move|p1a: Chansey|Ice Beam|p2a: Chansey\n|-damage|p2a: Chansey|67/100\n|\n|upkeep\n|turn|41\n|\n|t:|1741378285\n|move|p2a: Chansey|Soft-Boiled|p2a: Chansey\n|-heal|p2a: Chansey|100/100\n|cant|p1a: Chansey|par\n|\n|upkeep\n|turn|42\n|\n|t:|1741378294\n|switch|p2a: Starmie|Starmie|52/100 slp\n|cant|p1a: Chansey|par\n|\n|upkeep\n|turn|43\n|\n|t:|1741378302\n|cant|p2a: Starmie|slp\n|move|p1a: Chansey|Ice Beam|p2a: Starmie\n|-resisted|p2a: Starmie\n|-damage|p2a: Starmie|41/100 slp\n|\n|upkeep\n|turn|44\n|inactive|Sceptross has 180 seconds left.\n|\n|t:|1741378308\n|cant|p2a: Starmie|slp\n|move|p1a: Chansey|Ice Beam|p2a: Starmie\n|-resisted|p2a: Starmie\n|-damage|p2a: Starmie|29/100 slp\n|\n|upkeep\n|turn|45\n|\n|t:|1741378311\n|-curestatus|p2a: Starmie|slp|[msg]\n|cant|p1a: Chansey|par\n|\n|upkeep\n|turn|46\n|\n|t:|1741378315\n|move|p2a: Starmie|Recover|p2a: Starmie\n|-heal|p2a: Starmie|79/100\n|move|p1a: Chansey|Ice Beam|p2a: Starmie\n|-resisted|p2a: Starmie\n|-damage|p2a: Starmie|67/100\n|\n|upkeep\n|turn|47\n|inactive|Sceptross has 180 seconds left.\n|inactive|Sceptross has 150 seconds left.\n|\n|t:|1741378387\n|switch|p2a: Chansey|Chansey|100/100\n|move|p1a: Chansey|Ice Beam|p2a: Chansey\n|-damage|p2a: Chansey|89/100\n|\n|upkeep\n|turn|48\n|\n|t:|1741378392\n|move|p2a: Chansey|Seismic Toss|p1a: Chansey\n|-damage|p1a: Chansey|86/100 par\n|cant|p1a: Chansey|par\n|\n|upkeep\n|turn|49\n|\n|t:|1741378395\n|move|p2a: Chansey|Seismic Toss|p1a: Chansey\n|-damage|p1a: Chansey|72/100 par\n|cant|p1a: Chansey|par\n|\n|upkeep\n|turn|50\n|\n|t:|1741378401\n|move|p2a: Chansey|Seismic Toss|p1a: Chansey\n|-damage|p1a: Chansey|58/100 par\n|move|p1a: Chansey|Soft-Boiled|p1a: Chansey\n|-heal|p1a: Chansey|100/100 par\n|\n|upkeep\n|turn|51\n|\n|t:|1741378404\n|move|p2a: Chansey|Seismic Toss|p1a: Chansey\n|-damage|p1a: Chansey|86/100 par\n|move|p1a: Chansey|Ice Beam|p2a: Chansey\n|-damage|p2a: Chansey|79/100\n|\n|upkeep\n|turn|52\n|inactive|Sceptross has 180 seconds left.\n|\n|t:|1741378409\n|move|p2a: Chansey|Seismic Toss|p1a: Chansey\n|-damage|p1a: Chansey|72/100 par\n|move|p1a: Chansey|Soft-Boiled|p1a: Chansey\n|-heal|p1a: Chansey|100/100 par\n|\n|upkeep\n|turn|53\n|\n|t:|1741378414\n|move|p2a: Chansey|Seismic Toss|p1a: Chansey\n|-damage|p1a: Chansey|86/100 par\n|move|p1a: Chansey|Ice Beam|p2a: Chansey\n|-damage|p2a: Chansey|67/100\n|\n|upkeep\n|turn|54\n|\n|t:|1741378419\n|move|p2a: Chansey|Soft-Boiled|p2a: Chansey\n|-heal|p2a: Chansey|100/100\n|move|p1a: Chansey|Soft-Boiled|p1a: Chansey\n|-heal|p1a: Chansey|100/100 par\n|\n|upkeep\n|turn|55\n|\n|t:|1741378435\n|move|p2a: Chansey|Seismic Toss|p1a: Chansey\n|-damage|p1a: Chansey|86/100 par\n|move|p1a: Chansey|Sing|p2a: Chansey\n|-status|p2a: Chansey|slp|[from] move: Sing\n|\n|upkeep\n|turn|56\n|inactive|Sceptross has 210 seconds left.\n|\n|t:|1741378465\n|switch|p2a: Rhydon|Rhydon|100/100\n|move|p1a: Chansey|Thunder Wave|p2a: Rhydon\n|-immune|p2a: Rhydon\n|\n|upkeep\n|turn|57\n|inactive|Sceptross has 180 seconds left.\n|\n|t:|1741378490\n|switch|p1a: Jynx|Jynx|100/100\n|move|p2a: Rhydon|Substitute|p2a: Rhydon\n|-start|p2a: Rhydon|Substitute\n|-damage|p2a: Rhydon|76/100\n|\n|upkeep\n|turn|58\n|inactive|Serpi n_n has 270 seconds left.\n|\n|t:|1741378534\n|switch|p1a: Rhydon|Rhydon|100/100\n|move|p2a: Rhydon|Rock Slide|p1a: Rhydon|[miss]\n|-miss|p2a: Rhydon\n|\n|upkeep\n|turn|59\n|\n|t:|1741378542\n|move|p1a: Rhydon|Earthquake|p2a: Rhydon\n|-supereffective|p2a: Rhydon\n|-end|p2a: Rhydon|Substitute\n|move|p2a: Rhydon|Earthquake|p1a: Rhydon\n|-supereffective|p1a: Rhydon\n|-damage|p1a: Rhydon|40/100\n|\n|upkeep\n|turn|60\n|inactive|Sceptross has 180 seconds left.\n|inactive|Sceptross has 150 seconds left.\n|inactive|Sceptross has 120 seconds left.\n|\n|t:|1741378653\n|switch|p2a: Exeggutor|Exeggutor|100/100\n|move|p1a: Rhydon|Earthquake|p2a: Exeggutor\n|-resisted|p2a: Exeggutor\n|-damage|p2a: Exeggutor|81/100\n|\n|upkeep\n|turn|61\n|inactive|Serpi n_n has 270 seconds left.\n|inactive|Sceptross has 90 seconds left.\n|\n|t:|1741378689\n|switch|p1a: Chansey|Chansey|86/100 par\n|move|p2a: Exeggutor|Psychic|p1a: Chansey\n|-damage|p1a: Chansey|69/100 par\n|\n|upkeep\n|turn|62\n|inactive|Serpi n_n has 270 seconds left.\n|inactive|Sceptross has 60 seconds left.\n|\n|t:|1741378738\n|move|p2a: Exeggutor|Psychic|p1a: Chansey\n|-damage|p1a: Chansey|53/100 par\n|move|p1a: Chansey|Ice Beam|p2a: Exeggutor\n|-crit|p2a: Exeggutor\n|-supereffective|p2a: Exeggutor\n|-damage|p2a: Exeggutor|16/100\n|\n|upkeep\n|turn|63\n|inactive|Serpi n_n has 270 seconds left.\n|inactive|Sceptross has 30 seconds left.\n|inactive|Sceptross has 20 seconds left.\n|inactive|Serpi n_n has 240 seconds left.\n|inactive|Sceptross has 15 seconds left.\n|\n|t:|1741378786\n|switch|p1a: Snorlax|Snorlax|18/100\n|move|p2a: Exeggutor|Sleep Powder|p1a: Snorlax\n|-status|p1a: Snorlax|slp|[from] move: Sleep Powder\n|\n|upkeep\n|turn|64\n|inactive|Sceptross has 25 seconds left this turn.\n|inactive|Sceptross has 20 seconds left.\n|inactive|Sceptross has 15 seconds left.\n|inactive|Sceptross has 10 seconds left.\n|\n|t:|1741378805\n|switch|p1a: Jynx|Jynx|100/100\n|move|p2a: Exeggutor|Mega Drain|p1a: Jynx\n|-damage|p1a: Jynx|83/100\n|-heal|p2a: Exeggutor|24/100|[from] drain|[of] p1a: Jynx\n|\n|upkeep\n|turn|65\n|inactive|Sceptross has 20 seconds left this turn.\n|inactive|Sceptross has 15 seconds left.\n|inactive|Sceptross has 10 seconds left.\n|inactive|Sceptross has 5 seconds left.\n|\n|t:|1741378820\n|switch|p2a: Starmie|Starmie|67/100\n|move|p1a: Jynx|Blizzard|p2a: Starmie\n|-resisted|p2a: Starmie\n|-damage|p2a: Starmie|45/100\n|\n|upkeep\n|turn|66\n|inactive|Sceptross has 15 seconds left this turn.\n|inactive|Serpi n_n has 240 seconds left.\n|inactive|Sceptross has 10 seconds left.\n|inactive|Sceptross has 5 seconds left.\n|\n|t:|1741378831\n|move|p2a: Starmie|Thunder Wave|p1a: Jynx\n|-status|p1a: Jynx|par\n|move|p1a: Jynx|Blizzard|p2a: Starmie\n|-crit|p2a: Starmie\n|-resisted|p2a: Starmie\n|-damage|p2a: Starmie|5/100\n|\n|upkeep\n|turn|67\n|inactive|Sceptross has 15 seconds left this turn.\n|\n|t:|1741378833\n|move|p2a: Starmie|Recover|p2a: Starmie\n|-heal|p2a: Starmie|54/100\n|cant|p1a: Jynx|par\n|\n|upkeep\n|turn|68\n|inactive|Sceptross has 25 seconds left this turn.\n|inactive|Sceptross has 20 seconds left.\n|\n|t:|1741378839\n|move|p2a: Starmie|Recover|p2a: Starmie\n|-heal|p2a: Starmie|100/100\n|move|p1a: Jynx|Blizzard|p2a: Starmie\n|-resisted|p2a: Starmie\n|-damage|p2a: Starmie|81/100\n|\n|upkeep\n|turn|69\n|inactive|Sceptross has 30 seconds left this turn.\n|inactive|Sceptross has 20 seconds left.\n|inactive|Sceptross has 15 seconds left.\n|\n|t:|1741378855\n|move|p2a: Starmie|Psychic|p1a: Jynx\n|-crit|p1a: Jynx\n|-resisted|p1a: Jynx\n|-damage|p1a: Jynx|51/100 par\n|cant|p1a: Jynx|par\n|\n|upkeep\n|turn|70\n|inactive|Sceptross has 25 seconds left this turn.\n|\n|t:|1741378858\n|switch|p2a: Exeggutor|Exeggutor|24/100\n|move|p1a: Jynx|Blizzard|p2a: Exeggutor\n|-supereffective|p2a: Exeggutor\n|-damage|p2a: Exeggutor|0 fnt\n|faint|p2a: Exeggutor\n|inactive|Sceptross has 30 seconds left this turn.\n|inactive|Sceptross has 20 seconds left.\n|\n|t:|1741378870\n|switch|p2a: Tauros|Tauros|100/100\n|turn|71\n|inactive|Sceptross has 30 seconds left this turn.\n|\n|t:|1741378878\n|switch|p1a: Snorlax|Snorlax|18/100 slp\n|move|p2a: Tauros|Body Slam|p1a: Snorlax\n|-damage|p1a: Snorlax|0 fnt\n|faint|p1a: Snorlax\n|\n|t:|1741378880\n|switch|p1a: Tauros|Tauros|100/100\n|turn|72\n|inactive|Sceptross has 30 seconds left.\n|\n|t:|1741378903\n|move|p2a: Tauros|Body Slam|p1a: Tauros\n|-damage|p1a: Tauros|71/100\n|move|p1a: Tauros|Blizzard|p2a: Tauros\n|-damage|p2a: Tauros|75/100\n|\n|upkeep\n|turn|73\n|inactive|Sceptross has 30 seconds left.\n|\n|t:|1741378917\n|move|p1a: Tauros|Blizzard|p2a: Tauros\n|-damage|p2a: Tauros|47/100\n|move|p2a: Tauros|Body Slam|p1a: Tauros\n|-damage|p1a: Tauros|41/100\n|\n|upkeep\n|turn|74\n|inactive|Sceptross has 30 seconds left.\n|inactive|Sceptross has 20 seconds left.\n|inactive|Sceptross has 15 seconds left.\n|inactive|Sceptross has 10 seconds left.\n|\n|t:|1741378943\n|switch|p2a: Chansey|Chansey|100/100 slp\n|move|p1a: Tauros|Blizzard|p2a: Chansey\n|-damage|p2a: Chansey|91/100 slp\n|\n|upkeep\n|turn|75\n|inactive|Sceptross has 20 seconds left this turn.\n|\n|t:|1741378957\n|move|p1a: Tauros|Earthquake|p2a: Chansey\n|-crit|p2a: Chansey\n|-damage|p2a: Chansey|27/100 slp\n|cant|p2a: Chansey|slp\n|\n|upkeep\n|turn|76\n|inactive|Sceptross has 30 seconds left this turn.\n|inactive|Sceptross has 20 seconds left.\n|inactive|Sceptross has 15 seconds left.\n|inactive|Sceptross has 10 seconds left.\n|\n|t:|1741378992\n|switch|p2a: Tauros|Tauros|47/100\n|move|p1a: Tauros|Earthquake|p2a: Tauros\n|-damage|p2a: Tauros|24/100\n|\n|upkeep\n|turn|77\n|inactive|Sceptross has 20 seconds left this turn.\n|inactive|Sceptross has 15 seconds left.\n|inactive|Sceptross has 10 seconds left.\n|inactive|Serpi n_n has 270 seconds left.\n|\n|t:|1741379008\n|switch|p1a: Rhydon|Rhydon|40/100\n|move|p2a: Tauros|Hyper Beam|p1a: Rhydon\n|-resisted|p1a: Rhydon\n|-damage|p1a: Rhydon|21/100\n|-mustrecharge|p2a: Tauros\n|\n|upkeep\n|turn|78\n|inactive|Sceptross has 20 seconds left this turn.\n|\n|t:|1741379011\n|cant|p2a: Tauros|recharge\n|move|p1a: Rhydon|Earthquake|p2a: Tauros\n|-damage|p2a: Tauros|0 fnt\n|faint|p2a: Tauros\n|inactive|Sceptross has 25 seconds left this turn.\n|inactive|Sceptross has 20 seconds left.\n|inactive|Sceptross has 15 seconds left.\n|inactive|Sceptross has 10 seconds left.\n|\n|t:|1741379031\n|switch|p2a: Starmie|Starmie|81/100\n|turn|79\n|inactive|Sceptross has 20 seconds left this turn.\n|inactive|Sceptross has 15 seconds left.\n|\n|t:|1741379039\n|switch|p1a: Chansey|Chansey|53/100 par\n|move|p2a: Starmie|Psychic|p1a: Chansey\n|-crit|p1a: Chansey\n|-damage|p1a: Chansey|27/100 par\n|\n|upkeep\n|turn|80\n|inactive|Sceptross has 25 seconds left this turn.\n|inactive|Sceptross has 20 seconds left.\n|inactive|Serpi n_n has 270 seconds left.\n|inactive|Sceptross has 15 seconds left.\n|inactive|Sceptross has 10 seconds left.\n|\n|t:|1741379082\n|switch|p2a: Rhydon|Rhydon|76/100\n|move|p1a: Chansey|Soft-Boiled|p1a: Chansey\n|-heal|p1a: Chansey|77/100 par\n|\n|upkeep\n|turn|81\n|inactive|Sceptross has 20 seconds left this turn.\n|inactive|Sceptross has 15 seconds left.\n|inactive|Serpi n_n has 240 seconds left.\n|inactive|Serpi n_n has 210 seconds left.\n|\n|t:|1741379157\n|move|p2a: Rhydon|Substitute|p2a: Rhydon\n|-start|p2a: Rhydon|Substitute\n|-damage|p2a: Rhydon|51/100\n|move|p1a: Chansey|Ice Beam|p2a: Rhydon\n|-supereffective|p2a: Rhydon\n|-end|p2a: Rhydon|Substitute\n|\n|upkeep\n|turn|82\n|inactive|Sceptross has 25 seconds left this turn.\n|\n|t:|1741379173\n|move|p2a: Rhydon|Substitute|p2a: Rhydon\n|-start|p2a: Rhydon|Substitute\n|-damage|p2a: Rhydon|26/100\n|cant|p1a: Chansey|par\n|\n|upkeep\n|turn|83\n|\n|t:|1741379177\n|move|p2a: Rhydon|Earthquake|p1a: Chansey\n|-damage|p1a: Chansey|24/100 par\n|move|p1a: Chansey|Ice Beam|p2a: Rhydon|[miss]\n|-miss|p1a: Chansey\n|-hint|In Gen 1, moves with 100% accuracy can still miss 1/256 of the time.\n|\n|upkeep\n|turn|84\n|\n|t:|1741379182\n|move|p2a: Rhydon|Earthquake|p1a: Chansey\n|-damage|p1a: Chansey|0 fnt\n|faint|p1a: Chansey\n|\n|t:|1741379186\n|switch|p1a: Rhydon|Rhydon|21/100\n|turn|85\n|\n|t:|1741379188\n|move|p1a: Rhydon|Earthquake|p2a: Rhydon\n|-supereffective|p2a: Rhydon\n|-end|p2a: Rhydon|Substitute\n|move|p2a: Rhydon|Earthquake|p1a: Rhydon\n|-supereffective|p1a: Rhydon\n|-damage|p1a: Rhydon|0 fnt\n|faint|p1a: Rhydon\n|\n|t:|1741379190\n|switch|p1a: Tauros|Tauros|41/100\n|turn|86\n|inactive|Serpi n_n has 240 seconds left.\n|inactive|Sceptross has 60 seconds left.\n|inactive|Serpi n_n has 210 seconds left.\n|inactive|Sceptross has 30 seconds left.\n|inactive|Sceptross has 20 seconds left.\n|inactive|Sceptross has 15 seconds left.\n|inactive|Sceptross has 10 seconds left.\n|inactive|Sceptross has 5 seconds left.\n|\n|t:|1741379262\n|switch|p2a: Chansey|Chansey|27/100 slp\n|move|p1a: Tauros|Body Slam|p2a: Chansey\n|-crit|p2a: Chansey\n|-damage|p2a: Chansey|0 fnt\n|faint|p2a: Chansey\n|inactive|Sceptross has 10 seconds left this turn.\n|\n|t:|1741379266\n|switch|p2a: Starmie|Starmie|81/100\n|turn|87\n|inactive|Sceptross has 20 seconds left this turn.\n|inactive|Serpi n_n has 180 seconds left.\n|inactive|Serpi n_n has 150 seconds left.\n|inactive|Serpi n_n has 120 seconds left.\n|\n|t:|1741379364\n|switch|p1a: Jynx|Jynx|51/100 par\n|move|p2a: Starmie|Psychic|p1a: Jynx\n|-resisted|p1a: Jynx\n|-damage|p1a: Jynx|34/100 par\n|-unboost|p1a: Jynx|spa|1\n|-unboost|p1a: Jynx|spd|1\n|\n|upkeep\n|turn|88\n|inactive|Sceptross has 30 seconds left this turn.\n|inactive|Serpi n_n has 120 seconds left.\n|inactive|Sceptross has 20 seconds left.\n|inactive|Sceptross has 15 seconds left.\n|inactive|Sceptross has 10 seconds left.\n|\n|t:|1741379390\n|move|p2a: Starmie|Psychic|p1a: Jynx\n|-resisted|p1a: Jynx\n|-damage|p1a: Jynx|10/100 par\n|move|p1a: Jynx|Blizzard|p2a: Starmie\n|-resisted|p2a: Starmie\n|-damage|p2a: Starmie|67/100\n|\n|upkeep\n|turn|89\n|inactive|Sceptross has 20 seconds left this turn.\n|\n|t:|1741379396\n|move|p2a: Starmie|Psychic|p1a: Jynx\n|-resisted|p1a: Jynx\n|-damage|p1a: Jynx|0 fnt\n|faint|p1a: Jynx\n|inactive|Sceptross has 25 seconds left this turn.\n|\n|t:|1741379398\n|switch|p1a: Tauros|Tauros|41/100\n|turn|90\n|\n|t:|1741379408\n|move|p2a: Starmie|Thunder Wave|p1a: Tauros\n|-status|p1a: Tauros|par\n|move|p1a: Tauros|Body Slam|p2a: Starmie\n|-damage|p2a: Starmie|35/100\n|\n|upkeep\n|turn|91\n|\n|t:|1741379413\n|move|p2a: Starmie|Psychic|p1a: Tauros\n|-damage|p1a: Tauros|2/100 par\n|move|p1a: Tauros|Hyper Beam|p2a: Starmie\n|-damage|p2a: Starmie|0 fnt\n|faint|p2a: Starmie\n|\n|t:|1741379415\n|switch|p2a: Rhydon|Rhydon|26/100\n|turn|92\n|\n|t:|1741379417\n|move|p2a: Rhydon|Earthquake|p1a: Tauros\n|-damage|p1a: Tauros|0 fnt\n|faint|p1a: Tauros\n|\n|win|Sceptross\n|c|☆Sceptross|ggs\n|c|☆Serpi n_n|ggs\n","uploadtime":1741379417,"views":"2482","formatid":"gen1ou","rating":null,"private":0,"password":null}