{"id":"smogtours-gen1ou-961353","format":"[Gen 1] OU","players":["BeeOrSomething","Tarvold"],"log":"|inactive|Battle timer is ON: inactive players will automatically lose when time's up.\n|t:|1785703629\n|gametype|singles\n|player|p1|BeeOrSomething|#beeorsomething|\n|player|p2|Tarvold|swimmerf-gen4dp|\n|gen|1\n|tier|[Gen 1] OU\n|rule|Desync Clause Mod: Desyncs resolve to link battle behavior from the acting player's perspective.\n|rule|HP Percentage Mod: HP is shown in percentages\n|rule|Endless Battle Clause: Forcing endless battles is banned\n|rule|Sleep Clause Mod: Limit one foe put to sleep\n|rule|Freeze Clause Mod: Limit one foe frozen\n|rule|Species Clause: Limit one of each Pokémon\n|rule|OHKO Clause: OHKO moves are banned\n|rule|Evasion Moves Clause: Evasion moves are banned\n|\n|t:|1785703629\n|teamsize|p1|6\n|teamsize|p2|6\n|start\n|switch|p1a: Shazam|Alakazam|100/100\n|switch|p2a: Jynx|Jynx|100/100\n|turn|1\n|c|☆BeeOrSomething|glhf\n|\n|t:|1785703644\n|switch|p1a: Eggy|Exeggutor|100/100\n|move|p2a: Jynx|Lovely Kiss|p1a: Eggy\n|-status|p1a: Eggy|slp|[from] move: Lovely Kiss\n|\n|upkeep\n|turn|2\n|\n|t:|1785703650\n|switch|p1a: Owe Me A Coke|Jynx|100/100\n|move|p2a: Jynx|Blizzard|p1a: Owe Me A Coke|[miss]\n|-miss|p2a: Jynx\n|\n|upkeep\n|turn|3\n|\n|t:|1785703655\n|move|p1a: Owe Me A Coke|Lovely Kiss|p2a: Jynx\n|-status|p2a: Jynx|slp|[from] move: Lovely Kiss\n|cant|p2a: Jynx|slp\n|\n|upkeep\n|turn|4\n|\n|t:|1785703663\n|cant|p2a: Jynx|slp\n|move|p1a: Owe Me A Coke|Blizzard|p2a: Jynx|[miss]\n|-miss|p1a: Owe Me A Coke\n|\n|upkeep\n|turn|5\n|\n|t:|1785703668\n|switch|p1a: Raging Bull|Tauros|100/100\n|cant|p2a: Jynx|slp\n|\n|upkeep\n|turn|6\n|\n|t:|1785703682\n|switch|p2a: Snorlax|Snorlax|100/100\n|move|p1a: Raging Bull|Body Slam|p2a: Snorlax\n|-damage|p2a: Snorlax|75/100\n|\n|upkeep\n|turn|7\n|\n|t:|1785703689\n|move|p1a: Raging Bull|Blizzard|p2a: Snorlax\n|-damage|p2a: Snorlax|56/100\n|-status|p2a: Snorlax|frz\n|cant|p2a: Snorlax|frz\n|\n|upkeep\n|turn|8\n|\n|t:|1785703713\n|switch|p2a: Cloyster|Cloyster|100/100\n|move|p1a: Raging Bull|Body Slam|p2a: Cloyster\n|-damage|p2a: Cloyster|78/100\n|-status|p2a: Cloyster|par\n|\n|upkeep\n|turn|9\n|\n|t:|1785703722\n|switch|p1a: Shazam|Alakazam|100/100\n|move|p2a: Cloyster|Ice Beam|p1a: Shazam\n|-damage|p1a: Shazam|75/100\n|\n|upkeep\n|turn|10\n|\n|t:|1785703732\n|switch|p2a: Exeggutor|Exeggutor|100/100\n|move|p1a: Shazam|Thunder Wave|p2a: Exeggutor\n|-status|p2a: Exeggutor|par\n|\n|upkeep\n|turn|11\n|c|+fiishing|cup?\n|c|☆BeeOrSomething|invitational\n|\n|t:|1785703742\n|switch|p1a: Owe Me A Coke|Jynx|100/100\n|move|p2a: Exeggutor|Stun Spore|p1a: Owe Me A Coke\n|-status|p1a: Owe Me A Coke|par\n|\n|upkeep\n|turn|12\n|\n|t:|1785703750\n|switch|p2a: Jynx|Jynx|100/100 slp\n|move|p1a: Owe Me A Coke|Blizzard|p2a: Jynx\n|-resisted|p2a: Jynx\n|-damage|p2a: Jynx|78/100 slp\n|\n|upkeep\n|turn|13\n|\n|t:|1785703758\n|switch|p2a: Chansey|Chansey|100/100\n|cant|p1a: Owe Me A Coke|par\n|\n|upkeep\n|turn|14\n|\n|t:|1785703772\n|switch|p2a: Cloyster|Cloyster|78/100 par\n|cant|p1a: Owe Me A Coke|par\n|\n|upkeep\n|turn|15\n|\n|t:|1785703785\n|switch|p2a: Chansey|Chansey|100/100\n|move|p1a: Owe Me A Coke|Psychic|p2a: Chansey\n|-crit|p2a: Chansey\n|-damage|p2a: Chansey|71/100\n|\n|upkeep\n|turn|16\n|\n|t:|1785703805\n|switch|p1a: Blob|Chansey|100/100\n|move|p2a: Chansey|Thunderbolt|p1a: Blob\n|-damage|p1a: Blob|90/100\n|\n|upkeep\n|turn|17\n|\n|t:|1785703813\n|move|p2a: Chansey|Thunder Wave|p1a: Blob\n|-status|p1a: Blob|par\n|move|p1a: Blob|Ice Beam|p2a: Chansey\n|-damage|p2a: Chansey|61/100\n|\n|upkeep\n|turn|18\n|\n|t:|1785703822\n|move|p2a: Chansey|Soft-Boiled|p2a: Chansey\n|-heal|p2a: Chansey|100/100\n|cant|p1a: Blob|par\n|\n|upkeep\n|turn|19\n|inactive|Tarvold has 270 seconds left.\n|\n|t:|1785703861\n|switch|p2a: Cloyster|Cloyster|78/100 par\n|move|p1a: Blob|Ice Beam|p2a: Cloyster\n|-resisted|p2a: Cloyster\n|-damage|p2a: Cloyster|71/100 par\n|\n|upkeep\n|turn|20\n|inactive|Tarvold has 270 seconds left.\n|\n|t:|1785703880\n|switch|p2a: Exeggutor|Exeggutor|100/100 par\n|move|p1a: Blob|Thunderbolt|p2a: Exeggutor\n|-resisted|p2a: Exeggutor\n|-damage|p2a: Exeggutor|92/100 par\n|\n|upkeep\n|turn|21\n|\n|t:|1785703903\n|switch|p2a: Cloyster|Cloyster|71/100 par\n|move|p1a: Blob|Ice Beam|p2a: Cloyster\n|-crit|p2a: Cloyster\n|-resisted|p2a: Cloyster\n|-damage|p2a: Cloyster|58/100 par\n|\n|upkeep\n|turn|22\n|\n|t:|1785703911\n|switch|p1a: Shazam|Alakazam|75/100\n|move|p2a: Cloyster|Explosion|p1a: Shazam\n|-damage|p1a: Shazam|0 fnt\n|faint|p1a: Shazam\n|faint|p2a: Cloyster\n|\n|t:|1785703929\n|switch|p1a: Me On Weekends|Snorlax|100/100\n|switch|p2a: Exeggutor|Exeggutor|92/100 par\n|turn|23\n|inactive|Tarvold has 240 seconds left.\n|\n|t:|1785703947\n|move|p1a: Me On Weekends|Body Slam|p2a: Exeggutor\n|-damage|p2a: Exeggutor|63/100 par\n|move|p2a: Exeggutor|Stun Spore|p1a: Me On Weekends\n|-status|p1a: Me On Weekends|par\n|\n|upkeep\n|turn|24\n|inactive|Tarvold has 240 seconds left.\n|\n|t:|1785703986\n|move|p2a: Exeggutor|Psychic|p1a: Me On Weekends\n|-damage|p1a: Me On Weekends|68/100 par\n|move|p1a: Me On Weekends|Body Slam|p2a: Exeggutor\n|-damage|p2a: Exeggutor|35/100 par\n|\n|upkeep\n|turn|25\n|\n|t:|1785703997\n|switch|p1a: Raging Bull|Tauros|100/100\n|move|p2a: Exeggutor|Explosion|p1a: Raging Bull\n|-damage|p1a: Raging Bull|27/100\n|faint|p2a: Exeggutor\n|inactive|Tarvold has 210 seconds left.\n|inactive|Tarvold has 180 seconds left.\n|\n|t:|1785704048\n|switch|p2a: Chansey|Chansey|100/100\n|turn|26\n|inactive|Tarvold has 180 seconds left.\n|\n|t:|1785704055\n|switch|p1a: Blob|Chansey|90/100 par\n|move|p2a: Chansey|Thunder Wave|p1a: Blob\n|-fail|p1a: Blob|par\n|\n|upkeep\n|turn|27\n|\n|t:|1785704061\n|move|p2a: Chansey|Thunderbolt|p1a: Blob\n|-damage|p1a: Blob|79/100 par\n|move|p1a: Blob|Ice Beam|p2a: Chansey\n|-damage|p2a: Chansey|90/100\n|\n|upkeep\n|turn|28\n|\n|t:|1785704069\n|move|p2a: Chansey|Ice Beam|p1a: Blob\n|-damage|p1a: Blob|68/100 par\n|move|p1a: Blob|Thunder Wave|p2a: Chansey\n|-status|p2a: Chansey|par\n|\n|upkeep\n|turn|29\n|\n|t:|1785704080\n|move|p2a: Chansey|Thunderbolt|p1a: Blob\n|-crit|p1a: Blob\n|-damage|p1a: Blob|47/100 par\n|move|p1a: Blob|Soft-Boiled|p1a: Blob\n|-heal|p1a: Blob|97/100 par\n|\n|upkeep\n|turn|30\n|\n|t:|1785704085\n|move|p2a: Chansey|Thunderbolt|p1a: Blob\n|-damage|p1a: Blob|87/100 par\n|cant|p1a: Blob|par\n|\n|upkeep\n|turn|31\n|\n|t:|1785704091\n|move|p2a: Chansey|Thunderbolt|p1a: Blob\n|-damage|p1a: Blob|76/100 par\n|move|p1a: Blob|Thunderbolt|p2a: Chansey\n|-damage|p2a: Chansey|80/100 par\n|\n|upkeep\n|turn|32\n|\n|t:|1785704096\n|move|p2a: Chansey|Thunderbolt|p1a: Blob\n|-damage|p1a: Blob|65/100 par\n|move|p1a: Blob|Thunderbolt|p2a: Chansey\n|-damage|p2a: Chansey|69/100 par\n|\n|upkeep\n|turn|33\n|inactive|Tarvold has 210 seconds left.\n|\n|t:|1785704101\n|move|p1a: Blob|Soft-Boiled|p1a: Blob\n|-heal|p1a: Blob|100/100 par\n|move|p2a: Chansey|Soft-Boiled|p2a: Chansey\n|-heal|p2a: Chansey|100/100 par\n|\n|upkeep\n|turn|34\n|\n|t:|1785704107\n|move|p1a: Blob|Ice Beam|p2a: Chansey\n|-damage|p2a: Chansey|89/100 par\n|move|p2a: Chansey|Thunderbolt|p1a: Blob\n|-damage|p1a: Blob|90/100 par\n|\n|upkeep\n|turn|35\n|\n|t:|1785704113\n|move|p1a: Blob|Thunderbolt|p2a: Chansey\n|-damage|p2a: Chansey|78/100 par\n|cant|p2a: Chansey|par\n|\n|upkeep\n|turn|36\n|\n|t:|1785704118\n|cant|p2a: Chansey|par\n|cant|p1a: Blob|par\n|\n|upkeep\n|turn|37\n|\n|t:|1785704122\n|move|p2a: Chansey|Thunderbolt|p1a: Blob\n|-damage|p1a: Blob|80/100 par\n|cant|p1a: Blob|par\n|\n|upkeep\n|turn|38\n|\n|t:|1785704127\n|move|p2a: Chansey|Thunderbolt|p1a: Blob\n|-crit|p1a: Blob\n|-damage|p1a: Blob|59/100 par\n|move|p1a: Blob|Soft-Boiled|p1a: Blob\n|-heal|p1a: Blob|100/100 par\n|\n|upkeep\n|turn|39\n|\n|t:|1785704132\n|cant|p1a: Blob|par\n|move|p2a: Chansey|Thunderbolt|p1a: Blob\n|-damage|p1a: Blob|90/100 par\n|\n|upkeep\n|turn|40\n|\n|t:|1785704140\n|move|p2a: Chansey|Ice Beam|p1a: Blob\n|-damage|p1a: Blob|78/100 par\n|cant|p1a: Blob|par\n|\n|upkeep\n|turn|41\n|\n|t:|1785704145\n|cant|p2a: Chansey|par\n|cant|p1a: Blob|par\n|\n|upkeep\n|turn|42\n|\n|t:|1785704150\n|move|p2a: Chansey|Thunderbolt|p1a: Blob\n|-damage|p1a: Blob|68/100 par\n|move|p1a: Blob|Ice Beam|p2a: Chansey\n|-damage|p2a: Chansey|68/100 par\n|\n|upkeep\n|turn|43\n|\n|t:|1785704155\n|move|p2a: Chansey|Soft-Boiled|p2a: Chansey\n|-heal|p2a: Chansey|100/100 par\n|cant|p1a: Blob|par\n|\n|upkeep\n|turn|44\n|\n|t:|1785704160\n|move|p2a: Chansey|Thunder Wave|p1a: Blob\n|-fail|p1a: Blob|par\n|move|p1a: Blob|Soft-Boiled|p1a: Blob\n|-heal|p1a: Blob|100/100 par\n|\n|upkeep\n|turn|45\n|\n|t:|1785704166\n|move|p1a: Blob|Thunderbolt|p2a: Chansey\n|-damage|p2a: Chansey|90/100 par\n|move|p2a: Chansey|Thunder Wave|p1a: Blob\n|-fail|p1a: Blob|par\n|\n|upkeep\n|turn|46\n|\n|t:|1785704173\n|move|p1a: Blob|Thunderbolt|p2a: Chansey\n|-damage|p2a: Chansey|79/100 par\n|cant|p2a: Chansey|par\n|\n|upkeep\n|turn|47\n|\n|t:|1785704178\n|move|p1a: Blob|Ice Beam|p2a: Chansey\n|-damage|p2a: Chansey|67/100 par\n|move|p2a: Chansey|Ice Beam|p1a: Blob\n|-damage|p1a: Blob|90/100 par\n|\n|upkeep\n|turn|48\n|\n|t:|1785704191\n|switch|p1a: Me On Weekends|Snorlax|68/100 par\n|move|p2a: Chansey|Soft-Boiled|p2a: Chansey\n|-heal|p2a: Chansey|100/100 par\n|\n|upkeep\n|turn|49\n|\n|t:|1785704219\n|switch|p1a: Blob|Chansey|90/100 par\n|move|p2a: Chansey|Ice Beam|p1a: Blob\n|-damage|p1a: Blob|78/100 par\n|\n|upkeep\n|turn|50\n|\n|t:|1785704225\n|move|p2a: Chansey|Thunder Wave|p1a: Blob\n|-fail|p1a: Blob|par\n|move|p1a: Blob|Ice Beam|p2a: Chansey\n|-damage|p2a: Chansey|90/100 par\n|\n|upkeep\n|turn|51\n|\n|t:|1785704231\n|move|p2a: Chansey|Thunder Wave|p1a: Blob\n|-fail|p1a: Blob|par\n|move|p1a: Blob|Ice Beam|p2a: Chansey\n|-crit|p2a: Chansey\n|-damage|p2a: Chansey|70/100 par\n|\n|upkeep\n|turn|52\n|\n|t:|1785704238\n|cant|p2a: Chansey|par\n|move|p1a: Blob|Soft-Boiled|p1a: Blob\n|-heal|p1a: Blob|100/100 par\n|\n|upkeep\n|turn|53\n|\n|t:|1785704251\n|move|p2a: Chansey|Soft-Boiled|p2a: Chansey\n|-heal|p2a: Chansey|100/100 par\n|move|p1a: Blob|Thunder Wave|p2a: Chansey\n|-fail|p2a: Chansey|par\n|\n|upkeep\n|turn|54\n|\n|t:|1785704259\n|move|p2a: Chansey|Thunderbolt|p1a: Blob\n|-damage|p1a: Blob|90/100 par\n|move|p1a: Blob|Thunder Wave|p2a: Chansey\n|-fail|p2a: Chansey|par\n|\n|upkeep\n|turn|55\n|\n|t:|1785704266\n|move|p1a: Blob|Thunder Wave|p2a: Chansey\n|-fail|p2a: Chansey|par\n|move|p2a: Chansey|Thunder Wave|p1a: Blob\n|-fail|p1a: Blob|par\n|\n|upkeep\n|turn|56\n|\n|t:|1785704272\n|switch|p2a: Jynx|Jynx|78/100 slp\n|move|p1a: Blob|Thunder Wave|p2a: Jynx\n|-fail|p2a: Jynx\n|\n|upkeep\n|turn|57\n|\n|t:|1785704278\n|switch|p2a: Chansey|Chansey|100/100 par\n|switch|p1a: Me On Weekends|Snorlax|68/100 par\n|\n|upkeep\n|turn|58\n|\n|t:|1785704293\n|cant|p2a: Chansey|par\n|move|p1a: Me On Weekends|Rest|p1a: Me On Weekends\n|-status|p1a: Me On Weekends|slp|[from] move: Rest\n|-heal|p1a: Me On Weekends|100/100 slp|[silent]\n|\n|upkeep\n|turn|59\n|\n|t:|1785704299\n|switch|p2a: Slowbro|Slowbro|100/100\n|cant|p1a: Me On Weekends|slp\n|\n|upkeep\n|turn|60\n|\n|t:|1785704315\n|switch|p1a: Blob|Chansey|90/100 par\n|move|p2a: Slowbro|Amnesia|p2a: Slowbro\n|-boost|p2a: Slowbro|spa|2\n|-boost|p2a: Slowbro|spd|2\n|\n|upkeep\n|turn|61\n|\n|t:|1785704327\n|move|p2a: Slowbro|Amnesia|p2a: Slowbro\n|-boost|p2a: Slowbro|spa|2\n|-boost|p2a: Slowbro|spd|2\n|move|p1a: Blob|Thunder Wave|p2a: Slowbro\n|-status|p2a: Slowbro|par\n|\n|upkeep\n|turn|62\n|\n|t:|1785704333\n|move|p2a: Slowbro|Reflect|p2a: Slowbro\n|-start|p2a: Slowbro|Reflect\n|cant|p1a: Blob|par\n|\n|upkeep\n|turn|63\n|\n|t:|1785704338\n|move|p2a: Slowbro|Amnesia|p2a: Slowbro\n|-boost|p2a: Slowbro|spa|2\n|-boost|p2a: Slowbro|spd|2\n|move|p1a: Blob|Thunderbolt|p2a: Slowbro\n|-supereffective|p2a: Slowbro\n|-damage|p2a: Slowbro|89/100 par\n|\n|upkeep\n|turn|64\n|\n|t:|1785704344\n|move|p2a: Slowbro|Surf|p1a: Blob\n|-damage|p1a: Blob|35/100 par\n|move|p1a: Blob|Thunderbolt|p2a: Slowbro\n|-supereffective|p2a: Slowbro\n|-damage|p2a: Slowbro|76/100 par\n|\n|upkeep\n|turn|65\n|\n|t:|1785704349\n|cant|p2a: Slowbro|par\n|cant|p1a: Blob|par\n|\n|upkeep\n|turn|66\n|\n|t:|1785704355\n|switch|p1a: Owe Me A Coke|Jynx|100/100 par\n|move|p2a: Slowbro|Surf|p1a: Owe Me A Coke\n|-damage|p1a: Owe Me A Coke|0 fnt\n|faint|p1a: Owe Me A Coke\n|\n|t:|1785704358\n|switch|p1a: Blob|Chansey|35/100 par\n|turn|67\n|\n|t:|1785704361\n|move|p1a: Blob|Thunderbolt|p2a: Slowbro\n|-supereffective|p2a: Slowbro\n|-damage|p2a: Slowbro|64/100 par\n|move|p2a: Slowbro|Surf|p1a: Blob\n|-damage|p1a: Blob|0 fnt\n|faint|p1a: Blob\n|\n|t:|1785704368\n|switch|p1a: Me On Weekends|Snorlax|100/100 slp\n|turn|68\n|\n|t:|1785704374\n|-curestatus|p1a: Me On Weekends|slp|[msg]\n|move|p2a: Slowbro|Rest|p2a: Slowbro\n|-status|p2a: Slowbro|slp|[from] move: Rest\n|-heal|p2a: Slowbro|100/100 slp|[silent]\n|\n|upkeep\n|turn|69\n|\n|t:|1785704381\n|move|p1a: Me On Weekends|Self-Destruct|p2a: Slowbro\n|-damage|p2a: Slowbro|64/100 slp\n|faint|p1a: Me On Weekends\n|\n|t:|1785704383\n|switch|p1a: Raging Bull|Tauros|27/100\n|turn|70\n|\n|t:|1785704391\n|move|p1a: Raging Bull|Body Slam|p2a: Slowbro\n|-damage|p2a: Slowbro|51/100 slp\n|cant|p2a: Slowbro|slp\n|\n|upkeep\n|turn|71\n|\n|t:|1785704398\n|move|p1a: Raging Bull|Body Slam|p2a: Slowbro\n|-damage|p2a: Slowbro|39/100 slp\n|-curestatus|p2a: Slowbro|slp|[msg]\n|\n|upkeep\n|turn|72\n|\n|t:|1785704407\n|move|p1a: Raging Bull|Body Slam|p2a: Slowbro\n|-damage|p2a: Slowbro|26/100\n|-status|p2a: Slowbro|par\n|cant|p2a: Slowbro|par\n|\n|upkeep\n|turn|73\n|\n|t:|1785704412\n|move|p1a: Raging Bull|Body Slam|p2a: Slowbro\n|-damage|p2a: Slowbro|14/100 par\n|move|p2a: Slowbro|Surf|p1a: Raging Bull\n|-damage|p1a: Raging Bull|0 fnt\n|faint|p1a: Raging Bull\n|\n|t:|1785704416\n|switch|p1a: Eggy|Exeggutor|100/100 slp\n|turn|74\n|\n|t:|1785704420\n|cant|p1a: Eggy|slp\n|move|p2a: Slowbro|Rest|p2a: Slowbro\n|-status|p2a: Slowbro|slp|[from] move: Rest\n|-heal|p2a: Slowbro|100/100 slp|[silent]\n|\n|upkeep\n|turn|75\n|c|☆BeeOrSomething|gg\n|-message|BeeOrSomething forfeited.\n|\n|win|Tarvold\n|c|☆Tarvold|gg\n|player|p1|\n","uploadtime":1785704427,"views":"53","formatid":"gen1ou","rating":null,"private":0,"password":null}