{"id":"smogtours-gen1ou-824853","format":"[Gen 1] OU","players":["nicole7735","WarumFelix"],"log":"|inactive|Battle timer is ON: inactive players will automatically lose when time's up.\n|t:|1742032391\n|gametype|singles\n|player|p1|nicole7735|#splxvisharks2|\n|player|p2|WarumFelix|lucas|\n|teamsize|p1|6\n|teamsize|p2|6\n|gen|1\n|tier|[Gen 1] OU\n|rule|Desync Clause Mod: Desyncs changed to move failure.\n|rule|Sleep Clause Mod: Limit one foe put to sleep\n|rule|Freeze Clause Mod: Limit one foe frozen\n|rule|Species Clause: Limit one of each Pokémon\n|rule|OHKO Clause: OHKO moves are banned\n|rule|Evasion Moves Clause: Evasion moves are banned\n|rule|Endless Battle Clause: Forcing endless battles is banned\n|rule|HP Percentage Mod: HP is shown in percentages\n|\n|t:|1742032391\n|start\n|switch|p1a: Starmie|Starmie|100/100\n|switch|p2a: Gengar|Gengar|100/100\n|turn|1\n|c|☆WarumFelix|glhf\n|c|☆nicole7735|hf\n|inactive|nicole7735 has 270 seconds left.\n|\n|t:|1742032425\n|move|p1a: Starmie|Psychic|p2a: Gengar\n|-supereffective|p2a: Gengar\n|-damage|p2a: Gengar|49/100\n|move|p2a: Gengar|Hypnosis|p1a: Starmie\n|-status|p1a: Starmie|slp|[from] move: Hypnosis\n|\n|upkeep\n|turn|2\n|\n|t:|1742032438\n|switch|p1a: Exeggutor|Exeggutor|100/100\n|move|p2a: Gengar|Night Shade|p1a: Exeggutor\n|-damage|p1a: Exeggutor|75/100\n|\n|upkeep\n|turn|3\n|inactive|WarumFelix has 270 seconds left.\n|\n|t:|1742032475\n|switch|p2a: Starmie|Starmie|100/100\n|move|p1a: Exeggutor|Sleep Powder|p2a: Starmie\n|-status|p2a: Starmie|slp|[from] move: Sleep Powder\n|\n|upkeep\n|turn|4\n|inactive|WarumFelix has 270 seconds left.\n|\n|t:|1742032488\n|cant|p2a: Starmie|slp\n|move|p1a: Exeggutor|Stun Spore|p2a: Starmie\n|-fail|p2a: Starmie\n|\n|upkeep\n|turn|5\n|inactive|WarumFelix has 270 seconds left.\n|\n|t:|1742032497\n|switch|p2a: Chansey|Chansey|100/100\n|switch|p1a: Tauros|Tauros|100/100\n|\n|upkeep\n|turn|6\n|\n|t:|1742032502\n|switch|p1a: Starmie|Starmie|100/100 slp\n|move|p2a: Chansey|Thunder Wave|p1a: Starmie\n|-fail|p1a: Starmie\n|\n|upkeep\n|turn|7\n|\n|t:|1742032510\n|switch|p1a: Chansey|Chansey|100/100\n|move|p2a: Chansey|Thunder Wave|p1a: Chansey\n|-status|p1a: Chansey|par\n|\n|upkeep\n|turn|8\n|inactive|WarumFelix has 270 seconds left.\n|\n|t:|1742032556\n|switch|p2a: Starmie|Starmie|100/100 slp\n|move|p1a: Chansey|Thunder Wave|p2a: Starmie\n|-fail|p2a: Starmie\n|\n|upkeep\n|turn|9\n|\n|t:|1742032566\n|switch|p2a: Snorlax|Snorlax|100/100\n|cant|p1a: Chansey|par\n|\n|upkeep\n|turn|10\n|\n|t:|1742032569\n|move|p2a: Snorlax|Body Slam|p1a: Chansey\n|-damage|p1a: Chansey|59/100 par\n|cant|p1a: Chansey|par\n|\n|upkeep\n|turn|11\n|\n|t:|1742032577\n|switch|p1a: Snorlax|Snorlax|100/100\n|move|p2a: Snorlax|Body Slam|p1a: Snorlax\n|-damage|p1a: Snorlax|74/100\n|\n|upkeep\n|turn|12\n|\n|t:|1742032585\n|switch|p2a: Gengar|Gengar|49/100\n|move|p1a: Snorlax|Reflect|p1a: Snorlax\n|-start|p1a: Snorlax|Reflect\n|\n|upkeep\n|turn|13\n|inactive|WarumFelix has 270 seconds left.\n|\n|t:|1742032609\n|move|p2a: Gengar|Psychic|p1a: Snorlax\n|-damage|p1a: Snorlax|54/100\n|move|p1a: Snorlax|Body Slam|p2a: Gengar\n|-immune|p2a: Gengar\n|\n|upkeep\n|turn|14\n|\n|t:|1742032619\n|move|p2a: Gengar|Psychic|p1a: Snorlax\n|-damage|p1a: Snorlax|33/100\n|-unboost|p1a: Snorlax|spa|1\n|-unboost|p1a: Snorlax|spd|1\n|move|p1a: Snorlax|Earthquake|p2a: Gengar\n|-supereffective|p2a: Gengar\n|-damage|p2a: Gengar|0 fnt\n|faint|p2a: Gengar\n|inactive|WarumFelix has 270 seconds left.\n|\n|t:|1742032646\n|switch|p2a: Exeggutor|Exeggutor|100/100\n|turn|15\n|inactive|WarumFelix has 240 seconds left.\n|inactive|nicole7735 has 270 seconds left.\n|\n|t:|1742032681\n|switch|p1a: Chansey|Chansey|59/100 par\n|move|p2a: Exeggutor|Psychic|p1a: Chansey\n|-damage|p1a: Chansey|42/100 par\n|\n|upkeep\n|turn|16\n|\n|t:|1742032684\n|switch|p2a: Snorlax|Snorlax|100/100\n|switch|p1a: Exeggutor|Exeggutor|75/100\n|\n|upkeep\n|turn|17\n|inactive|WarumFelix has 240 seconds left.\n|\n|t:|1742032729\n|switch|p2a: Exeggutor|Exeggutor|100/100\n|move|p1a: Exeggutor|Stun Spore|p2a: Exeggutor\n|-status|p2a: Exeggutor|par\n|\n|upkeep\n|turn|18\n|\n|t:|1742032746\n|move|p1a: Exeggutor|Psychic|p2a: Exeggutor\n|-resisted|p2a: Exeggutor\n|-damage|p2a: Exeggutor|88/100 par\n|-unboost|p2a: Exeggutor|spa|1\n|-unboost|p2a: Exeggutor|spd|1\n|move|p2a: Exeggutor|Psychic|p1a: Exeggutor\n|-resisted|p1a: Exeggutor\n|-damage|p1a: Exeggutor|66/100\n|\n|upkeep\n|turn|19\n|\n|t:|1742032761\n|move|p1a: Exeggutor|Psychic|p2a: Exeggutor\n|-crit|p2a: Exeggutor\n|-resisted|p2a: Exeggutor\n|-damage|p2a: Exeggutor|64/100 par\n|move|p2a: Exeggutor|Psychic|p1a: Exeggutor\n|-resisted|p1a: Exeggutor\n|-damage|p1a: Exeggutor|58/100\n|\n|upkeep\n|turn|20\n|\n|t:|1742032768\n|move|p1a: Exeggutor|Psychic|p2a: Exeggutor\n|-resisted|p2a: Exeggutor\n|-damage|p2a: Exeggutor|45/100 par\n|move|p2a: Exeggutor|Psychic|p1a: Exeggutor\n|-resisted|p1a: Exeggutor\n|-damage|p1a: Exeggutor|49/100\n|\n|upkeep\n|turn|21\n|inactive|WarumFelix has 240 seconds left.\n|\n|t:|1742032775\n|switch|p1a: Chansey|Chansey|42/100 par\n|cant|p2a: Exeggutor|par\n|\n|upkeep\n|turn|22\n|inactive|WarumFelix has 240 seconds left.\n|\n|t:|1742032792\n|switch|p2a: Snorlax|Snorlax|100/100\n|move|p1a: Chansey|Thunder Wave|p2a: Snorlax\n|-status|p2a: Snorlax|par\n|\n|upkeep\n|turn|23\n|inactive|WarumFelix has 240 seconds left.\n|inactive|nicole7735 has 270 seconds left.\n|inactive|WarumFelix has 210 seconds left.\n|inactive|nicole7735 has 240 seconds left.\n|\n|t:|1742032870\n|move|p1a: Chansey|Soft-Boiled|p1a: Chansey\n|-heal|p1a: Chansey|92/100 par\n|move|p2a: Snorlax|Body Slam|p1a: Chansey\n|-damage|p1a: Chansey|49/100 par\n|\n|upkeep\n|turn|24\n|\n|t:|1742032879\n|switch|p1a: Snorlax|Snorlax|33/100\n|cant|p2a: Snorlax|par\n|\n|upkeep\n|turn|25\n|inactive|WarumFelix has 210 seconds left.\n|inactive|nicole7735 has 210 seconds left.\n|inactive|WarumFelix has 180 seconds left.\n|\n|t:|1742032921\n|move|p1a: Snorlax|Reflect|p1a: Snorlax\n|-start|p1a: Snorlax|Reflect\n|cant|p2a: Snorlax|par\n|\n|upkeep\n|turn|26\n|inactive|nicole7735 has 210 seconds left.\n|inactive|WarumFelix has 180 seconds left.\n|inactive|nicole7735 has 180 seconds left.\n|inactive|WarumFelix has 150 seconds left.\n|\n|t:|1742032961\n|switch|p2a: Chansey|Chansey|100/100\n|move|p1a: Snorlax|Rest|p1a: Snorlax\n|-status|p1a: Snorlax|slp|[from] move: Rest\n|-heal|p1a: Snorlax|100/100 slp|[silent]\n|\n|upkeep\n|turn|27\n|\n|t:|1742032964\n|move|p2a: Chansey|Ice Beam|p1a: Snorlax\n|-damage|p1a: Snorlax|82/100 slp\n|cant|p1a: Snorlax|slp\n|\n|upkeep\n|turn|28\n|\n|t:|1742032967\n|move|p2a: Chansey|Ice Beam|p1a: Snorlax\n|-damage|p1a: Snorlax|63/100 slp\n|-curestatus|p1a: Snorlax|slp|[msg]\n|\n|upkeep\n|turn|29\n|\n|t:|1742032977\n|move|p2a: Chansey|Ice Beam|p1a: Snorlax\n|-damage|p1a: Snorlax|43/100\n|move|p1a: Snorlax|Earthquake|p2a: Chansey\n|-damage|p2a: Chansey|69/100\n|\n|upkeep\n|turn|30\n|\n|t:|1742032980\n|move|p2a: Chansey|Soft-Boiled|p2a: Chansey\n|-heal|p2a: Chansey|100/100\n|move|p1a: Snorlax|Rest|p1a: Snorlax\n|-status|p1a: Snorlax|slp|[from] move: Rest\n|-heal|p1a: Snorlax|100/100 slp|[silent]\n|\n|upkeep\n|turn|31\n|\n|t:|1742032983\n|move|p2a: Chansey|Ice Beam|p1a: Snorlax\n|-damage|p1a: Snorlax|82/100 slp\n|cant|p1a: Snorlax|slp\n|\n|upkeep\n|turn|32\n|\n|t:|1742032984\n|move|p2a: Chansey|Ice Beam|p1a: Snorlax\n|-damage|p1a: Snorlax|62/100 slp\n|-curestatus|p1a: Snorlax|slp|[msg]\n|\n|upkeep\n|turn|33\n|\n|t:|1742032986\n|switch|p1a: Chansey|Chansey|49/100 par\n|move|p2a: Chansey|Thunder Wave|p1a: Chansey\n|-fail|p1a: Chansey|par\n|\n|upkeep\n|turn|34\n|inactive|nicole7735 has 240 seconds left.\n|\n|t:|1742032992\n|switch|p2a: Snorlax|Snorlax|100/100 par\n|cant|p1a: Chansey|par\n|\n|upkeep\n|turn|35\n|\n|t:|1742032995\n|switch|p1a: Snorlax|Snorlax|62/100\n|move|p2a: Snorlax|Body Slam|p1a: Snorlax\n|-damage|p1a: Snorlax|34/100\n|\n|upkeep\n|turn|36\n|inactive|WarumFelix has 240 seconds left.\n|\n|t:|1742033003\n|switch|p2a: Exeggutor|Exeggutor|45/100 par\n|move|p1a: Snorlax|Reflect|p1a: Snorlax\n|-start|p1a: Snorlax|Reflect\n|\n|upkeep\n|turn|37\n|inactive|WarumFelix has 240 seconds left.\n|\n|t:|1742033021\n|move|p1a: Snorlax|Body Slam|p2a: Exeggutor\n|-damage|p2a: Exeggutor|13/100 par\n|cant|p2a: Exeggutor|par\n|\n|upkeep\n|turn|38\n|\n|t:|1742033024\n|switch|p2a: Chansey|Chansey|100/100\n|move|p1a: Snorlax|Body Slam|p2a: Chansey\n|-damage|p2a: Chansey|60/100\n|\n|upkeep\n|turn|39\n|\n|t:|1742033030\n|move|p2a: Chansey|Soft-Boiled|p2a: Chansey\n|-heal|p2a: Chansey|100/100\n|move|p1a: Snorlax|Rest|p1a: Snorlax\n|-status|p1a: Snorlax|slp|[from] move: Rest\n|-heal|p1a: Snorlax|100/100 slp|[silent]\n|\n|upkeep\n|turn|40\n|\n|t:|1742033035\n|move|p2a: Chansey|Ice Beam|p1a: Snorlax\n|-damage|p1a: Snorlax|80/100 slp\n|cant|p1a: Snorlax|slp\n|\n|upkeep\n|turn|41\n|\n|t:|1742033037\n|move|p2a: Chansey|Ice Beam|p1a: Snorlax\n|-damage|p1a: Snorlax|59/100 slp\n|-curestatus|p1a: Snorlax|slp|[msg]\n|\n|upkeep\n|turn|42\n|\n|t:|1742033040\n|switch|p1a: Chansey|Chansey|49/100 par\n|move|p2a: Chansey|Thunder Wave|p1a: Chansey\n|-fail|p1a: Chansey|par\n|\n|upkeep\n|turn|43\n|\n|t:|1742033044\n|switch|p2a: Snorlax|Snorlax|100/100 par\n|move|p1a: Chansey|Soft-Boiled|p1a: Chansey\n|-heal|p1a: Chansey|99/100 par\n|\n|upkeep\n|turn|44\n|\n|t:|1742033064\n|cant|p1a: Chansey|par\n|move|p2a: Snorlax|Body Slam|p1a: Chansey\n|-damage|p1a: Chansey|56/100 par\n|\n|upkeep\n|turn|45\n|\n|t:|1742033076\n|switch|p1a: Snorlax|Snorlax|59/100\n|move|p2a: Snorlax|Body Slam|p1a: Snorlax\n|-damage|p1a: Snorlax|35/100\n|\n|upkeep\n|turn|46\n|\n|t:|1742033097\n|switch|p2a: Tauros|Tauros|100/100\n|move|p1a: Snorlax|Reflect|p1a: Snorlax\n|-start|p1a: Snorlax|Reflect\n|\n|upkeep\n|turn|47\n|\n|t:|1742033105\n|move|p2a: Tauros|Blizzard|p1a: Snorlax\n|-damage|p1a: Snorlax|16/100\n|move|p1a: Snorlax|Rest|p1a: Snorlax\n|-status|p1a: Snorlax|slp|[from] move: Rest\n|-heal|p1a: Snorlax|100/100 slp|[silent]\n|\n|upkeep\n|turn|48\n|\n|t:|1742033109\n|move|p2a: Tauros|Body Slam|p1a: Snorlax\n|-damage|p1a: Snorlax|89/100 slp\n|cant|p1a: Snorlax|slp\n|\n|upkeep\n|turn|49\n|\n|t:|1742033113\n|move|p2a: Tauros|Body Slam|p1a: Snorlax\n|-damage|p1a: Snorlax|75/100 slp\n|-curestatus|p1a: Snorlax|slp|[msg]\n|\n|upkeep\n|turn|50\n|\n|t:|1742033114\n|switch|p2a: Chansey|Chansey|100/100\n|move|p1a: Snorlax|Body Slam|p2a: Chansey\n|-damage|p2a: Chansey|59/100\n|\n|upkeep\n|turn|51\n|\n|t:|1742033119\n|switch|p1a: Chansey|Chansey|56/100 par\n|move|p2a: Chansey|Soft-Boiled|p2a: Chansey\n|-heal|p2a: Chansey|100/100\n|\n|upkeep\n|turn|52\n|\n|t:|1742033125\n|switch|p2a: Snorlax|Snorlax|100/100 par\n|cant|p1a: Chansey|par\n|\n|upkeep\n|turn|53\n|\n|t:|1742033128\n|switch|p1a: Snorlax|Snorlax|75/100\n|cant|p2a: Snorlax|par\n|\n|upkeep\n|turn|54\n|\n|t:|1742033130\n|move|p1a: Snorlax|Body Slam|p2a: Snorlax\n|-damage|p2a: Snorlax|72/100 par\n|move|p2a: Snorlax|Reflect|p2a: Snorlax\n|-start|p2a: Snorlax|Reflect\n|\n|upkeep\n|turn|55\n|\n|t:|1742033133\n|move|p1a: Snorlax|Reflect|p1a: Snorlax\n|-start|p1a: Snorlax|Reflect\n|move|p2a: Snorlax|Body Slam|p1a: Snorlax\n|-damage|p1a: Snorlax|62/100\n|\n|upkeep\n|turn|56\n|\n|t:|1742033134\n|move|p1a: Snorlax|Body Slam|p2a: Snorlax\n|-damage|p2a: Snorlax|59/100 par\n|cant|p2a: Snorlax|par\n|\n|upkeep\n|turn|57\n|inactive|nicole7735 has 270 seconds left.\n|inactive|WarumFelix has 270 seconds left.\n|\n|t:|1742033182\n|move|p1a: Snorlax|Body Slam|p2a: Snorlax\n|-damage|p2a: Snorlax|45/100 par\n|move|p2a: Snorlax|Rest|p2a: Snorlax\n|-status|p2a: Snorlax|slp|[from] move: Rest\n|-heal|p2a: Snorlax|100/100 slp|[silent]\n|\n|upkeep\n|turn|58\n|inactive|nicole7735 has 270 seconds left.\n|inactive|nicole7735 has 240 seconds left.\n|inactive|nicole7735 has 210 seconds left.\n|\n|t:|1742033252\n|move|p1a: Snorlax|Body Slam|p2a: Snorlax\n|-damage|p2a: Snorlax|87/100 slp\n|cant|p2a: Snorlax|slp\n|\n|upkeep\n|turn|59\n|\n|t:|1742033254\n|move|p1a: Snorlax|Body Slam|p2a: Snorlax\n|-damage|p2a: Snorlax|74/100 slp\n|-curestatus|p2a: Snorlax|slp|[msg]\n|\n|upkeep\n|turn|60\n|\n|t:|1742033258\n|move|p1a: Snorlax|Body Slam|p2a: Snorlax\n|-damage|p2a: Snorlax|61/100\n|move|p2a: Snorlax|Body Slam|p1a: Snorlax\n|-damage|p1a: Snorlax|47/100\n|\n|upkeep\n|turn|61\n|\n|t:|1742033261\n|move|p1a: Snorlax|Rest|p1a: Snorlax\n|-status|p1a: Snorlax|slp|[from] move: Rest\n|-heal|p1a: Snorlax|100/100 slp|[silent]\n|move|p2a: Snorlax|Rest|p2a: Snorlax\n|-status|p2a: Snorlax|slp|[from] move: Rest\n|-heal|p2a: Snorlax|100/100 slp|[silent]\n|\n|upkeep\n|turn|62\n|\n|t:|1742033262\n|cant|p1a: Snorlax|slp\n|cant|p2a: Snorlax|slp\n|\n|upkeep\n|turn|63\n|\n|t:|1742033264\n|-curestatus|p1a: Snorlax|slp|[msg]\n|-curestatus|p2a: Snorlax|slp|[msg]\n|\n|upkeep\n|turn|64\n|\n|t:|1742033266\n|move|p1a: Snorlax|Reflect|p1a: Snorlax\n|-fail|p1a: Snorlax\n|move|p2a: Snorlax|Body Slam|p1a: Snorlax\n|-crit|p1a: Snorlax\n|-damage|p1a: Snorlax|51/100\n|\n|upkeep\n|turn|65\n|\n|t:|1742033286\n|move|p1a: Snorlax|Body Slam|p2a: Snorlax\n|-damage|p2a: Snorlax|87/100\n|move|p2a: Snorlax|Body Slam|p1a: Snorlax\n|-damage|p1a: Snorlax|38/100\n|\n|upkeep\n|turn|66\n|\n|t:|1742033299\n|switch|p2a: Chansey|Chansey|100/100\n|move|p1a: Snorlax|Rest|p1a: Snorlax\n|-status|p1a: Snorlax|slp|[from] move: Rest\n|-heal|p1a: Snorlax|100/100 slp|[silent]\n|\n|upkeep\n|turn|67\n|\n|t:|1742033301\n|move|p2a: Chansey|Thunderbolt|p1a: Snorlax\n|-damage|p1a: Snorlax|83/100 slp\n|cant|p1a: Snorlax|slp\n|\n|upkeep\n|turn|68\n|\n|t:|1742033303\n|move|p2a: Chansey|Thunderbolt|p1a: Snorlax\n|-damage|p1a: Snorlax|65/100 slp\n|-curestatus|p1a: Snorlax|slp|[msg]\n|\n|upkeep\n|turn|69\n|\n|t:|1742033327\n|switch|p1a: Chansey|Chansey|56/100 par\n|move|p2a: Chansey|Thunder Wave|p1a: Chansey\n|-fail|p1a: Chansey|par\n|\n|upkeep\n|turn|70\n|\n|t:|1742033335\n|switch|p2a: Exeggutor|Exeggutor|13/100 par\n|move|p1a: Chansey|Thunder Wave|p2a: Exeggutor\n|-fail|p2a: Exeggutor|par\n|\n|upkeep\n|turn|71\n|inactive|nicole7735 has 270 seconds left.\n|\n|t:|1742033383\n|switch|p2a: Snorlax|Snorlax|87/100\n|move|p1a: Chansey|Soft-Boiled|p1a: Chansey\n|-heal|p1a: Chansey|100/100 par\n|\n|upkeep\n|turn|72\n|\n|t:|1742033388\n|move|p2a: Snorlax|Body Slam|p1a: Chansey\n|-damage|p1a: Chansey|56/100 par\n|cant|p1a: Chansey|par\n|\n|upkeep\n|turn|73\n|\n|t:|1742033393\n|move|p2a: Snorlax|Hyper Beam|p1a: Chansey\n|-damage|p1a: Chansey|0 fnt\n|faint|p1a: Chansey\n|inactive|nicole7735 has 240 seconds left.\n|inactive|nicole7735 has 210 seconds left.\n|\n|t:|1742033466\n|switch|p1a: Tauros|Tauros|100/100\n|turn|74\n|\n|t:|1742033468\n|move|p1a: Tauros|Body Slam|p2a: Snorlax\n|-damage|p2a: Snorlax|62/100\n|move|p2a: Snorlax|Body Slam|p1a: Tauros\n|-damage|p1a: Tauros|71/100\n|\n|upkeep\n|turn|75\n|\n|t:|1742033475\n|move|p1a: Tauros|Body Slam|p2a: Snorlax\n|-crit|p2a: Snorlax\n|-damage|p2a: Snorlax|11/100\n|move|p2a: Snorlax|Body Slam|p1a: Tauros\n|-damage|p1a: Tauros|38/100\n|\n|upkeep\n|turn|76\n|\n|t:|1742033479\n|switch|p2a: Exeggutor|Exeggutor|13/100 par\n|move|p1a: Tauros|Body Slam|p2a: Exeggutor\n|-crit|p2a: Exeggutor\n|-damage|p2a: Exeggutor|0 fnt\n|faint|p2a: Exeggutor\n|\n|t:|1742033481\n|switch|p2a: Tauros|Tauros|100/100\n|turn|77\n|inactive|nicole7735 has 240 seconds left.\n|inactive|WarumFelix has 270 seconds left.\n|inactive|nicole7735 has 210 seconds left.\n|inactive|WarumFelix has 240 seconds left.\n|\n|t:|1742033555\n|switch|p1a: Starmie|Starmie|100/100 slp\n|move|p2a: Tauros|Hyper Beam|p1a: Starmie\n|-damage|p1a: Starmie|40/100 slp\n|-mustrecharge|p2a: Tauros\n|\n|upkeep\n|turn|78\n|\n|t:|1742033566\n|switch|p1a: Zapdos|Zapdos|100/100\n|cant|p2a: Tauros|recharge\n|\n|upkeep\n|turn|79\n|inactive|WarumFelix has 240 seconds left.\n|inactive|WarumFelix has 210 seconds left.\n|\n|t:|1742033622\n|switch|p2a: Starmie|Starmie|100/100 slp\n|move|p1a: Zapdos|Thunder Wave|p2a: Starmie\n|-fail|p2a: Starmie\n|\n|upkeep\n|turn|80\n|\n|t:|1742033633\n|cant|p2a: Starmie|slp\n|move|p1a: Zapdos|Thunder Wave|p2a: Starmie\n|-fail|p2a: Starmie\n|\n|upkeep\n|turn|81\n|\n|t:|1742033641\n|cant|p2a: Starmie|slp\n|move|p1a: Zapdos|Thunder Wave|p2a: Starmie\n|-fail|p2a: Starmie\n|\n|upkeep\n|turn|82\n|\n|t:|1742033642\n|switch|p2a: Chansey|Chansey|100/100\n|move|p1a: Zapdos|Thunderbolt|p2a: Chansey\n|-damage|p2a: Chansey|81/100\n|\n|upkeep\n|turn|83\n|\n|t:|1742033653\n|move|p1a: Zapdos|Thunder Wave|p2a: Chansey\n|-status|p2a: Chansey|par\n|move|p2a: Chansey|Thunder Wave|p1a: Zapdos\n|-status|p1a: Zapdos|par\n|\n|upkeep\n|turn|84\n|inactive|nicole7735 has 210 seconds left.\n|\n|t:|1742033685\n|switch|p1a: Snorlax|Snorlax|65/100\n|move|p2a: Chansey|Ice Beam|p1a: Snorlax\n|-damage|p1a: Snorlax|47/100\n|\n|upkeep\n|turn|85\n|inactive|WarumFelix has 210 seconds left.\n|\n|t:|1742033711\n|move|p1a: Snorlax|Body Slam|p2a: Chansey\n|-damage|p2a: Chansey|41/100 par\n|move|p2a: Chansey|Thunder Wave|p1a: Snorlax\n|-status|p1a: Snorlax|par\n|\n|upkeep\n|turn|86\n|inactive|nicole7735 has 210 seconds left.\n|\n|t:|1742033718\n|move|p2a: Chansey|Soft-Boiled|p2a: Chansey\n|-heal|p2a: Chansey|91/100 par\n|cant|p1a: Snorlax|par\n|\n|upkeep\n|turn|87\n|inactive|nicole7735 has 210 seconds left.\n|inactive|WarumFelix has 210 seconds left.\n|\n|t:|1742033758\n|move|p2a: Chansey|Thunderbolt|p1a: Snorlax\n|-damage|p1a: Snorlax|27/100 par\n|cant|p1a: Snorlax|par\n|\n|upkeep\n|turn|88\n|inactive|nicole7735 has 180 seconds left.\n|inactive|WarumFelix has 180 seconds left.\n|inactive|nicole7735 has 150 seconds left.\n|inactive|WarumFelix has 150 seconds left.\n|inactive|nicole7735 has 120 seconds left.\n|inactive|WarumFelix has 120 seconds left.\n|\n|t:|1742033857\n|switch|p2a: Snorlax|Snorlax|11/100\n|move|p1a: Snorlax|Rest|p1a: Snorlax\n|-status|p1a: Snorlax|slp|[from] move: Rest\n|-heal|p1a: Snorlax|100/100 slp|[silent]\n|\n|upkeep\n|turn|89\n|inactive|WarumFelix has 120 seconds left.\n|inactive|nicole7735 has 90 seconds left.\n|inactive|nicole7735 has 60 seconds left.\n|inactive|WarumFelix has 90 seconds left.\n|\n|t:|1742033929\n|switch|p1a: Exeggutor|Exeggutor|49/100\n|move|p2a: Snorlax|Body Slam|p1a: Exeggutor\n|-damage|p1a: Exeggutor|20/100\n|\n|upkeep\n|turn|90\n|inactive|WarumFelix has 90 seconds left.\n|inactive|nicole7735 has 30 seconds left.\n|inactive|nicole7735 has 20 seconds left.\n|inactive|WarumFelix has 60 seconds left.\n|\n|t:|1742033968\n|move|p1a: Exeggutor|Psychic|p2a: Snorlax\n|-damage|p2a: Snorlax|0 fnt\n|faint|p2a: Snorlax\n|inactive|nicole7735 has 25 seconds left this turn.\n|\n|t:|1742033970\n|switch|p2a: Tauros|Tauros|100/100\n|turn|91\n|inactive|nicole7735 has 30 seconds left.\n|\n|t:|1742033978\n|switch|p1a: Starmie|Starmie|40/100 slp\n|move|p2a: Tauros|Body Slam|p1a: Starmie\n|-damage|p1a: Starmie|5/100 slp\n|\n|upkeep\n|turn|92\n|\n|t:|1742033982\n|cant|p1a: Starmie|slp\n|move|p2a: Tauros|Body Slam|p1a: Starmie\n|-crit|p1a: Starmie\n|-damage|p1a: Starmie|0 fnt\n|faint|p1a: Starmie\n|\n|t:|1742033983\n|switch|p1a: Zapdos|Zapdos|100/100 par\n|turn|93\n|inactive|WarumFelix has 90 seconds left.\n|\n|t:|1742034012\n|move|p2a: Tauros|Blizzard|p1a: Zapdos\n|-supereffective|p1a: Zapdos\n|-damage|p1a: Zapdos|69/100 par\n|move|p1a: Zapdos|Thunder Wave|p2a: Tauros\n|-status|p2a: Tauros|par\n|\n|upkeep\n|turn|94\n|inactive|nicole7735 has 30 seconds left.\n|inactive|nicole7735 has 20 seconds left.\n|inactive|nicole7735 has 15 seconds left.\n|\n|t:|1742034062\n|switch|p1a: Tauros|Tauros|38/100\n|cant|p2a: Tauros|par\n|\n|upkeep\n|turn|95\n|inactive|nicole7735 has 25 seconds left this turn.\n|inactive|nicole7735 has 20 seconds left.\n|\n|t:|1742034067\n|move|p1a: Tauros|Hyper Beam|p2a: Tauros\n|-damage|p2a: Tauros|51/100 par\n|-mustrecharge|p1a: Tauros\n|move|p2a: Tauros|Hyper Beam|p1a: Tauros\n|-damage|p1a: Tauros|0 fnt\n|faint|p1a: Tauros\n|inactive|nicole7735 has 25 seconds left this turn.\n|inactive|nicole7735 has 20 seconds left.\n|\n|t:|1742034073\n|switch|p1a: Snorlax|Snorlax|100/100 slp\n|turn|96\n|inactive|nicole7735 has 30 seconds left this turn.\n|inactive|WarumFelix has 90 seconds left.\n|\n|t:|1742034080\n|switch|p2a: Starmie|Starmie|100/100 slp\n|cant|p1a: Snorlax|slp\n|\n|upkeep\n|turn|97\n|\n|t:|1742034085\n|cant|p2a: Starmie|slp\n|-curestatus|p1a: Snorlax|slp|[msg]\n|\n|upkeep\n|turn|98\n|inactive|nicole7735 has 30 seconds left.\n|inactive|WarumFelix has 90 seconds left.\n|inactive|nicole7735 has 20 seconds left.\n|\n|t:|1742034117\n|switch|p1a: Zapdos|Zapdos|69/100 par\n|-curestatus|p2a: Starmie|slp|[msg]\n|\n|upkeep\n|turn|99\n|inactive|nicole7735 has 30 seconds left this turn.\n|inactive|WarumFelix has 60 seconds left.\n|\n|t:|1742034157\n|switch|p2a: Chansey|Chansey|91/100 par\n|move|p1a: Zapdos|Thunderbolt|p2a: Chansey\n|-damage|p2a: Chansey|74/100 par\n|\n|upkeep\n|turn|100\n|inactive|nicole7735 has 30 seconds left.\n|inactive|nicole7735 has 20 seconds left.\n|inactive|nicole7735 has 15 seconds left.\n|\n|t:|1742034180\n|switch|p1a: Snorlax|Snorlax|100/100\n|cant|p2a: Chansey|par\n|\n|upkeep\n|turn|101\n|inactive|nicole7735 has 25 seconds left this turn.\n|inactive|WarumFelix has 60 seconds left.\n|\n|t:|1742034195\n|move|p1a: Snorlax|Body Slam|p2a: Chansey\n|-damage|p2a: Chansey|33/100 par\n|move|p2a: Chansey|Thunder Wave|p1a: Snorlax\n|-status|p1a: Snorlax|par\n|\n|upkeep\n|turn|102\n|\n|t:|1742034203\n|cant|p2a: Chansey|par\n|cant|p1a: Snorlax|par\n|\n|upkeep\n|turn|103\n|\n|t:|1742034207\n|move|p2a: Chansey|Soft-Boiled|p2a: Chansey\n|-heal|p2a: Chansey|83/100 par\n|cant|p1a: Snorlax|par\n|\n|upkeep\n|turn|104\n|\n|t:|1742034231\n|move|p2a: Chansey|Thunderbolt|p1a: Snorlax\n|-damage|p1a: Snorlax|80/100 par\n|move|p1a: Snorlax|Body Slam|p2a: Chansey\n|-damage|p2a: Chansey|39/100 par\n|\n|upkeep\n|turn|105\n|inactive|nicole7735 has 60 seconds left.\n|\n|t:|1742034239\n|move|p2a: Chansey|Soft-Boiled|p2a: Chansey\n|-heal|p2a: Chansey|89/100 par\n|move|p1a: Snorlax|Body Slam|p2a: Chansey\n|-damage|p2a: Chansey|45/100 par\n|\n|upkeep\n|turn|106\n|inactive|nicole7735 has 60 seconds left.\n|inactive|WarumFelix has 60 seconds left.\n|\n|t:|1742034294\n|move|p2a: Chansey|Ice Beam|p1a: Snorlax\n|-damage|p1a: Snorlax|61/100 par\n|cant|p1a: Snorlax|par\n|\n|upkeep\n|turn|107\n|inactive|WarumFelix has 30 seconds left.\n|\n|t:|1742034311\n|move|p2a: Chansey|Soft-Boiled|p2a: Chansey\n|-heal|p2a: Chansey|95/100 par\n|move|p1a: Snorlax|Body Slam|p2a: Chansey\n|-damage|p2a: Chansey|51/100 par\n|\n|upkeep\n|turn|108\n|\n|t:|1742034317\n|cant|p2a: Chansey|par\n|move|p1a: Snorlax|Body Slam|p2a: Chansey\n|-damage|p2a: Chansey|8/100 par\n|\n|upkeep\n|turn|109\n|\n|t:|1742034324\n|move|p2a: Chansey|Ice Beam|p1a: Snorlax\n|-damage|p1a: Snorlax|40/100 par\n|move|p1a: Snorlax|Earthquake|p2a: Chansey\n|-damage|p2a: Chansey|0 fnt\n|faint|p2a: Chansey\n|\n|t:|1742034325\n|switch|p2a: Tauros|Tauros|51/100 par\n|turn|110\n|inactive|nicole7735 has 60 seconds left.\n|inactive|nicole7735 has 30 seconds left.\n|\n|t:|1742034377\n|move|p2a: Tauros|Hyper Beam|p1a: Snorlax\n|-damage|p1a: Snorlax|0 fnt\n|faint|p1a: Snorlax\n|\n|t:|1742034380\n|switch|p1a: Exeggutor|Exeggutor|20/100\n|turn|111\n|inactive|WarumFelix has 60 seconds left.\n|inactive|nicole7735 has 30 seconds left.\n|inactive|WarumFelix has 30 seconds left.\n|inactive|WarumFelix has 20 seconds left.\n|\n|t:|1742034436\n|move|p1a: Exeggutor|Explosion|p2a: Tauros\n|-damage|p2a: Tauros|0 fnt\n|faint|p2a: Tauros\n|faint|p1a: Exeggutor\n|inactive|WarumFelix has 30 seconds left this turn.\n|\n|t:|1742034438\n|switch|p1a: Zapdos|Zapdos|69/100 par\n|switch|p2a: Starmie|Starmie|100/100\n|turn|112\n|\n|t:|1742034440\n|move|p2a: Starmie|Blizzard|p1a: Zapdos\n|-supereffective|p1a: Zapdos\n|-damage|p1a: Zapdos|27/100 par\n|move|p1a: Zapdos|Thunderbolt|p2a: Starmie\n|-supereffective|p2a: Starmie\n|-damage|p2a: Starmie|14/100\n|\n|upkeep\n|turn|113\n|\n|t:|1742034450\n|move|p2a: Starmie|Blizzard|p1a: Zapdos\n|-supereffective|p1a: Zapdos\n|-damage|p1a: Zapdos|0 fnt\n|faint|p1a: Zapdos\n|\n|win|WarumFelix\n","uploadtime":1742034450,"views":"1965","formatid":"gen1ou","rating":null,"private":0,"password":null}