{"id":"smogtours-gen1ou-902129","format":"[Gen 1] OU","players":["BeeOrSomething","Girls See Ghosts"],"log":"|inactive|Battle timer is ON: inactive players will automatically lose when time's up.\n|t:|1769288432\n|gametype|singles\n|player|p1|BeeOrSomething|#beeorsomething|\n|player|p2|Girls See Ghosts|#rbtt9hoopers|\n|gen|1\n|tier|[Gen 1] OU\n|rule|Desync Clause Mod: Desyncs changed to move failure.\n|rule|Sleep Clause Mod: Limit one foe put to sleep\n|rule|Freeze Clause Mod: Limit one foe frozen\n|rule|Species Clause: Limit one of each Pokémon\n|rule|OHKO Clause: OHKO moves are banned\n|rule|Evasion Moves Clause: Evasion moves are banned\n|rule|Endless Battle Clause: Forcing endless battles is banned\n|rule|HP Percentage Mod: HP is shown in percentages\n|\n|t:|1769288432\n|teamsize|p1|6\n|teamsize|p2|6\n|start\n|switch|p1a: Bubble Blower|Starmie|100/100\n|switch|p2a: Jynx|Jynx|100/100\n|turn|1\n|c|☆BeeOrSomething|glhf\n|c|☆Girls See Ghosts|glhf\n|inactive|BeeOrSomething has 270 seconds left.\n|inactive|Girls See Ghosts has 270 seconds left.\n|\n|t:|1769288471\n|move|p1a: Bubble Blower|Thunder Wave|p2a: Jynx\n|-status|p2a: Jynx|par\n|move|p2a: Jynx|Lovely Kiss|p1a: Bubble Blower\n|-status|p1a: Bubble Blower|slp|[from] move: Lovely Kiss\n|\n|upkeep\n|turn|2\n|\n|t:|1769288478\n|switch|p1a: Friend Maker|Chansey|100/100\n|switch|p2a: Tauros|Tauros|100/100\n|\n|upkeep\n|turn|3\n|\n|t:|1769288494\n|switch|p2a: Jynx|Jynx|100/100 par\n|move|p1a: Friend Maker|Seismic Toss|p2a: Jynx\n|-damage|p2a: Jynx|70/100 par\n|\n|upkeep\n|turn|4\n|\n|t:|1769288507\n|move|p1a: Friend Maker|Seismic Toss|p2a: Jynx\n|-damage|p2a: Jynx|40/100 par\n|move|p2a: Jynx|Rest|p2a: Jynx\n|-status|p2a: Jynx|slp|[from] move: Rest\n|-heal|p2a: Jynx|100/100 slp|[silent]\n|\n|upkeep\n|turn|5\n|\n|t:|1769288512\n|switch|p1a: Sandbox King|Tauros|100/100\n|cant|p2a: Jynx|slp\n|\n|upkeep\n|turn|6\n|rated|Smogon Premier League\n|\n|t:|1769288527\n|switch|p2a: Snorlax|Snorlax|100/100\n|move|p1a: Sandbox King|Body Slam|p2a: Snorlax\n|-damage|p2a: Snorlax|75/100\n|\n|upkeep\n|turn|7\n|inactive|BeeOrSomething has 270 seconds left.\n|inactive|Girls See Ghosts has 270 seconds left.\n|\n|t:|1769288594\n|switch|p1a: Bug Collector|Exeggutor|100/100\n|move|p2a: Snorlax|Body Slam|p1a: Bug Collector\n|-damage|p1a: Bug Collector|70/100\n|\n|upkeep\n|turn|8\n|inactive|BeeOrSomething has 270 seconds left.\n|inactive|Girls See Ghosts has 240 seconds left.\n|inactive|BeeOrSomething has 240 seconds left.\n|inactive|BeeOrSomething has 210 seconds left.\n|\n|t:|1769288671\n|switch|p2a: Jynx|Jynx|100/100 slp\n|move|p1a: Bug Collector|Psychic|p2a: Jynx\n|-resisted|p2a: Jynx\n|-damage|p2a: Jynx|81/100 slp\n|\n|upkeep\n|turn|9\n|\n|t:|1769288680\n|-curestatus|p2a: Jynx|slp|[msg]\n|move|p1a: Bug Collector|Sleep Powder|p2a: Jynx\n|-status|p2a: Jynx|slp|[from] move: Sleep Powder\n|\n|upkeep\n|turn|10\n|inactive|Girls See Ghosts has 240 seconds left.\n|\n|t:|1769288703\n|switch|p2a: Chansey|Chansey|100/100\n|move|p1a: Bug Collector|Stun Spore|p2a: Chansey\n|-status|p2a: Chansey|par\n|\n|upkeep\n|turn|11\n|inactive|BeeOrSomething has 210 seconds left.\n|\n|t:|1769288720\n|switch|p1a: Bubble Blower|Starmie|100/100 slp\n|cant|p2a: Chansey|par\n|\n|upkeep\n|turn|12\n|\n|t:|1769288731\n|switch|p1a: Sandcastle Builder|Snorlax|100/100\n|switch|p2a: Tauros|Tauros|100/100\n|\n|upkeep\n|turn|13\n|\n|t:|1769288746\n|switch|p2a: Snorlax|Snorlax|75/100\n|move|p1a: Sandcastle Builder|Body Slam|p2a: Snorlax\n|-damage|p2a: Snorlax|49/100\n|\n|upkeep\n|turn|14\n|inactive|Girls See Ghosts has 210 seconds left.\n|\n|t:|1769288775\n|switch|p1a: Hopscotch Player|Rhydon|100/100\n|move|p2a: Snorlax|Self-Destruct|p1a: Hopscotch Player\n|-resisted|p1a: Hopscotch Player\n|-damage|p1a: Hopscotch Player|67/100\n|faint|p2a: Snorlax\n|inactive|Girls See Ghosts has 180 seconds left.\n|inactive|Girls See Ghosts has 150 seconds left.\n|inactive|Girls See Ghosts has 120 seconds left.\n|\n|t:|1769288867\n|switch|p2a: Starmie|Starmie|100/100\n|turn|15\n|inactive|BeeOrSomething has 210 seconds left.\n|\n|t:|1769288893\n|switch|p1a: Bubble Blower|Starmie|100/100 slp\n|move|p2a: Starmie|Thunder Wave|p1a: Bubble Blower\n|-fail|p1a: Bubble Blower\n|\n|upkeep\n|turn|16\n|inactive|BeeOrSomething has 210 seconds left.\n|inactive|BeeOrSomething has 180 seconds left.\n|\n|t:|1769288936\n|switch|p1a: Sandcastle Builder|Snorlax|100/100\n|move|p2a: Starmie|Thunder Wave|p1a: Sandcastle Builder\n|-status|p1a: Sandcastle Builder|par\n|\n|upkeep\n|turn|17\n|\n|t:|1769288951\n|switch|p2a: Rhydon|Rhydon|100/100\n|move|p1a: Sandcastle Builder|Body Slam|p2a: Rhydon\n|-resisted|p2a: Rhydon\n|-damage|p2a: Rhydon|90/100\n|-status|p2a: Rhydon|par\n|\n|upkeep\n|turn|18\n|\n|t:|1769288965\n|switch|p1a: Bug Collector|Exeggutor|70/100\n|move|p2a: Rhydon|Rock Slide|p1a: Bug Collector\n|-damage|p1a: Bug Collector|42/100\n|\n|upkeep\n|turn|19\n|inactive|BeeOrSomething has 180 seconds left.\n|\n|t:|1769288981\n|switch|p2a: Jynx|Jynx|81/100 slp\n|move|p1a: Bug Collector|Stun Spore|p2a: Jynx\n|-fail|p2a: Jynx\n|\n|upkeep\n|turn|20\n|\n|t:|1769288988\n|switch|p2a: Chansey|Chansey|100/100 par\n|move|p1a: Bug Collector|Stun Spore|p2a: Chansey\n|-fail|p2a: Chansey|par\n|\n|upkeep\n|turn|21\n|inactive|Girls See Ghosts has 150 seconds left.\n|\n|t:|1769289003\n|move|p1a: Bug Collector|Explosion|p2a: Chansey\n|-damage|p2a: Chansey|0 fnt\n|faint|p2a: Chansey\n|faint|p1a: Bug Collector\n|inactive|Girls See Ghosts has 150 seconds left.\n|inactive|BeeOrSomething has 180 seconds left.\n|\n|t:|1769289025\n|switch|p1a: Friend Maker|Chansey|100/100\n|switch|p2a: Starmie|Starmie|100/100\n|turn|22\n|inactive|Girls See Ghosts has 150 seconds left.\n|\n|t:|1769289035\n|switch|p2a: Rhydon|Rhydon|90/100 par\n|move|p1a: Friend Maker|Thunder Wave|p2a: Rhydon\n|-immune|p2a: Rhydon\n|\n|upkeep\n|turn|23\n|\n|t:|1769289041\n|move|p1a: Friend Maker|Seismic Toss|p2a: Rhydon\n|-damage|p2a: Rhydon|66/100 par\n|move|p2a: Rhydon|Earthquake|p1a: Friend Maker\n|-damage|p1a: Friend Maker|48/100\n|\n|upkeep\n|turn|24\n|\n|t:|1769289055\n|switch|p2a: Starmie|Starmie|100/100\n|move|p1a: Friend Maker|Soft-Boiled|p1a: Friend Maker\n|-heal|p1a: Friend Maker|98/100\n|\n|upkeep\n|turn|25\n|\n|t:|1769289059\n|move|p2a: Starmie|Thunder Wave|p1a: Friend Maker\n|-status|p1a: Friend Maker|par\n|move|p1a: Friend Maker|Thunder Wave|p2a: Starmie\n|-status|p2a: Starmie|par\n|\n|upkeep\n|turn|26\n|\n|t:|1769289065\n|move|p2a: Starmie|Surf|p1a: Friend Maker\n|-damage|p1a: Friend Maker|83/100 par\n|cant|p1a: Friend Maker|par\n|\n|upkeep\n|turn|27\n|\n|t:|1769289071\n|switch|p2a: Jynx|Jynx|81/100 slp\n|move|p1a: Friend Maker|Seismic Toss|p2a: Jynx\n|-damage|p2a: Jynx|51/100 slp\n|\n|upkeep\n|turn|28\n|inactive|BeeOrSomething has 240 seconds left.\n|\n|t:|1769289076\n|cant|p2a: Jynx|slp\n|move|p1a: Friend Maker|Seismic Toss|p2a: Jynx\n|-damage|p2a: Jynx|21/100 slp\n|\n|upkeep\n|turn|29\n|inactive|BeeOrSomething has 240 seconds left.\n|\n|t:|1769289090\n|switch|p1a: Sandbox King|Tauros|100/100\n|cant|p2a: Jynx|slp\n|\n|upkeep\n|turn|30\n|\n|t:|1769289099\n|move|p1a: Sandbox King|Earthquake|p2a: Jynx\n|-damage|p2a: Jynx|0 fnt\n|faint|p2a: Jynx\n|\n|t:|1769289103\n|switch|p2a: Tauros|Tauros|100/100\n|turn|31\n|\n|t:|1769289106\n|move|p2a: Tauros|Body Slam|p1a: Sandbox King\n|-damage|p1a: Sandbox King|74/100\n|move|p1a: Sandbox King|Body Slam|p2a: Tauros\n|-damage|p2a: Tauros|70/100\n|\n|upkeep\n|turn|32\n|\n|t:|1769289110\n|move|p2a: Tauros|Body Slam|p1a: Sandbox King\n|-damage|p1a: Sandbox King|46/100\n|move|p1a: Sandbox King|Body Slam|p2a: Tauros\n|-damage|p2a: Tauros|39/100\n|\n|upkeep\n|turn|33\n|inactive|BeeOrSomething has 270 seconds left.\n|inactive|Girls See Ghosts has 210 seconds left.\n|\n|t:|1769289150\n|switch|p1a: Bubble Blower|Starmie|100/100 slp\n|move|p2a: Tauros|Hyper Beam|p1a: Bubble Blower\n|-damage|p1a: Bubble Blower|39/100 slp\n|-mustrecharge|p2a: Tauros\n|\n|upkeep\n|turn|34\n|\n|t:|1769289155\n|switch|p1a: Sandcastle Builder|Snorlax|100/100 par\n|cant|p2a: Tauros|recharge\n|\n|upkeep\n|turn|35\n|\n|t:|1769289183\n|switch|p1a: Hopscotch Player|Rhydon|67/100\n|move|p2a: Tauros|Body Slam|p1a: Hopscotch Player\n|-resisted|p1a: Hopscotch Player\n|-damage|p1a: Hopscotch Player|58/100\n|-status|p1a: Hopscotch Player|par\n|\n|upkeep\n|turn|36\n|\n|t:|1769289191\n|switch|p1a: Bubble Blower|Starmie|39/100 slp\n|move|p2a: Tauros|Blizzard|p1a: Bubble Blower\n|-resisted|p1a: Bubble Blower\n|-damage|p1a: Bubble Blower|27/100 slp\n|\n|upkeep\n|turn|37\n|\n|t:|1769289195\n|cant|p1a: Bubble Blower|slp\n|move|p2a: Tauros|Body Slam|p1a: Bubble Blower\n|-damage|p1a: Bubble Blower|0 fnt\n|faint|p1a: Bubble Blower\n|\n|t:|1769289197\n|switch|p1a: Sandcastle Builder|Snorlax|100/100 par\n|turn|38\n|\n|t:|1769289204\n|switch|p2a: Rhydon|Rhydon|66/100 par\n|move|p1a: Sandcastle Builder|Reflect|p1a: Sandcastle Builder\n|-start|p1a: Sandcastle Builder|Reflect\n|\n|upkeep\n|turn|39\n|\n|t:|1769289216\n|switch|p2a: Starmie|Starmie|100/100 par\n|move|p1a: Sandcastle Builder|Body Slam|p2a: Starmie\n|-damage|p2a: Starmie|66/100 par\n|\n|upkeep\n|turn|40\n|\n|t:|1769289222\n|cant|p2a: Starmie|par\n|move|p1a: Sandcastle Builder|Body Slam|p2a: Starmie\n|-damage|p2a: Starmie|27/100 par\n|\n|upkeep\n|turn|41\n|\n|t:|1769289226\n|move|p2a: Starmie|Recover|p2a: Starmie\n|-heal|p2a: Starmie|76/100 par\n|move|p1a: Sandcastle Builder|Body Slam|p2a: Starmie\n|-damage|p2a: Starmie|40/100 par\n|\n|upkeep\n|turn|42\n|\n|t:|1769289231\n|move|p2a: Starmie|Recover|p2a: Starmie\n|-heal|p2a: Starmie|89/100 par\n|move|p1a: Sandcastle Builder|Body Slam|p2a: Starmie\n|-damage|p2a: Starmie|49/100 par\n|\n|upkeep\n|turn|43\n|\n|t:|1769289236\n|move|p2a: Starmie|Recover|p2a: Starmie\n|-heal|p2a: Starmie|99/100 par\n|move|p1a: Sandcastle Builder|Body Slam|p2a: Starmie\n|-damage|p2a: Starmie|62/100 par\n|\n|upkeep\n|turn|44\n|\n|t:|1769289240\n|move|p2a: Starmie|Recover|p2a: Starmie\n|-heal|p2a: Starmie|100/100 par\n|move|p1a: Sandcastle Builder|Body Slam|p2a: Starmie\n|-damage|p2a: Starmie|64/100 par\n|\n|upkeep\n|turn|45\n|\n|t:|1769289245\n|cant|p2a: Starmie|par\n|move|p1a: Sandcastle Builder|Body Slam|p2a: Starmie\n|-damage|p2a: Starmie|24/100 par\n|\n|upkeep\n|turn|46\n|\n|t:|1769289248\n|move|p2a: Starmie|Recover|p2a: Starmie\n|-heal|p2a: Starmie|74/100 par\n|move|p1a: Sandcastle Builder|Body Slam|p2a: Starmie\n|-damage|p2a: Starmie|37/100 par\n|\n|upkeep\n|turn|47\n|\n|t:|1769289252\n|move|p2a: Starmie|Recover|p2a: Starmie\n|-heal|p2a: Starmie|87/100 par\n|cant|p1a: Sandcastle Builder|par\n|\n|upkeep\n|turn|48\n|\n|t:|1769289263\n|switch|p1a: Friend Maker|Chansey|83/100 par\n|move|p2a: Starmie|Surf|p1a: Friend Maker\n|-damage|p1a: Friend Maker|69/100 par\n|\n|upkeep\n|turn|49\n|\n|t:|1769289267\n|switch|p2a: Rhydon|Rhydon|66/100 par\n|move|p1a: Friend Maker|Seismic Toss|p2a: Rhydon\n|-damage|p2a: Rhydon|42/100 par\n|\n|upkeep\n|turn|50\n|\n|t:|1769289271\n|move|p1a: Friend Maker|Seismic Toss|p2a: Rhydon\n|-damage|p2a: Rhydon|17/100 par\n|cant|p2a: Rhydon|par\n|\n|upkeep\n|turn|51\n|\n|t:|1769289274\n|move|p1a: Friend Maker|Seismic Toss|p2a: Rhydon\n|-damage|p2a: Rhydon|0 fnt\n|faint|p2a: Rhydon\n|\n|t:|1769289276\n|switch|p2a: Tauros|Tauros|39/100\n|turn|52\n|\n|t:|1769289284\n|switch|p1a: Hopscotch Player|Rhydon|58/100 par\n|move|p2a: Tauros|Earthquake|p1a: Hopscotch Player\n|-supereffective|p1a: Hopscotch Player\n|-damage|p1a: Hopscotch Player|24/100 par\n|\n|upkeep\n|turn|53\n|\n|t:|1769289290\n|move|p2a: Tauros|Earthquake|p1a: Hopscotch Player\n|-supereffective|p1a: Hopscotch Player\n|-damage|p1a: Hopscotch Player|0 fnt\n|faint|p1a: Hopscotch Player\n|\n|t:|1769289291\n|switch|p1a: Sandcastle Builder|Snorlax|100/100 par\n|turn|54\n|\n|t:|1769289295\n|switch|p2a: Starmie|Starmie|87/100 par\n|move|p1a: Sandcastle Builder|Body Slam|p2a: Starmie\n|-damage|p2a: Starmie|51/100 par\n|\n|upkeep\n|turn|55\n|\n|t:|1769289300\n|move|p2a: Starmie|Recover|p2a: Starmie\n|-heal|p2a: Starmie|100/100 par\n|move|p1a: Sandcastle Builder|Body Slam|p2a: Starmie\n|-damage|p2a: Starmie|61/100 par\n|\n|upkeep\n|turn|56\n|\n|t:|1769289305\n|move|p2a: Starmie|Surf|p1a: Sandcastle Builder\n|-damage|p1a: Sandcastle Builder|74/100 par\n|cant|p1a: Sandcastle Builder|par\n|\n|upkeep\n|turn|57\n|\n|t:|1769289312\n|switch|p2a: Tauros|Tauros|39/100\n|switch|p1a: Friend Maker|Chansey|69/100 par\n|\n|upkeep\n|turn|58\n|\n|t:|1769289343\n|move|p2a: Tauros|Hyper Beam|p1a: Friend Maker\n|-crit|p1a: Friend Maker\n|-damage|p1a: Friend Maker|0 fnt\n|faint|p1a: Friend Maker\n|\n|t:|1769289358\n|switch|p1a: Sandcastle Builder|Snorlax|74/100 par\n|turn|59\n|\n|t:|1769289370\n|switch|p2a: Starmie|Starmie|61/100 par\n|move|p1a: Sandcastle Builder|Body Slam|p2a: Starmie\n|-damage|p2a: Starmie|27/100 par\n|\n|upkeep\n|turn|60\n|\n|t:|1769289375\n|move|p2a: Starmie|Recover|p2a: Starmie\n|-heal|p2a: Starmie|77/100 par\n|cant|p1a: Sandcastle Builder|par\n|\n|upkeep\n|turn|61\n|\n|t:|1769289381\n|move|p2a: Starmie|Surf|p1a: Sandcastle Builder\n|-damage|p1a: Sandcastle Builder|47/100 par\n|move|p1a: Sandcastle Builder|Body Slam|p2a: Starmie\n|-damage|p2a: Starmie|39/100 par\n|\n|upkeep\n|turn|62\n|\n|t:|1769289387\n|move|p2a: Starmie|Recover|p2a: Starmie\n|-heal|p2a: Starmie|88/100 par\n|move|p1a: Sandcastle Builder|Body Slam|p2a: Starmie\n|-damage|p2a: Starmie|51/100 par\n|\n|upkeep\n|turn|63\n|\n|t:|1769289393\n|move|p2a: Starmie|Recover|p2a: Starmie\n|-heal|p2a: Starmie|100/100 par\n|move|p1a: Sandcastle Builder|Body Slam|p2a: Starmie\n|-damage|p2a: Starmie|65/100 par\n|\n|upkeep\n|turn|64\n|\n|t:|1769289409\n|move|p2a: Starmie|Surf|p1a: Sandcastle Builder\n|-damage|p1a: Sandcastle Builder|18/100 par\n|move|p1a: Sandcastle Builder|Rest|p1a: Sandcastle Builder\n|-status|p1a: Sandcastle Builder|slp|[from] move: Rest\n|-heal|p1a: Sandcastle Builder|100/100 slp|[silent]\n|\n|upkeep\n|turn|65\n|\n|t:|1769289414\n|cant|p2a: Starmie|par\n|cant|p1a: Sandcastle Builder|slp\n|\n|upkeep\n|turn|66\n|\n|t:|1769289417\n|move|p2a: Starmie|Surf|p1a: Sandcastle Builder\n|-damage|p1a: Sandcastle Builder|74/100 slp\n|-curestatus|p1a: Sandcastle Builder|slp|[msg]\n|\n|upkeep\n|turn|67\n|\n|t:|1769289426\n|move|p2a: Starmie|Thunder Wave|p1a: Sandcastle Builder\n|-status|p1a: Sandcastle Builder|par\n|cant|p1a: Sandcastle Builder|par\n|\n|upkeep\n|turn|68\n|\n|t:|1769289430\n|move|p2a: Starmie|Surf|p1a: Sandcastle Builder\n|-crit|p1a: Sandcastle Builder\n|-damage|p1a: Sandcastle Builder|16/100 par\n|move|p1a: Sandcastle Builder|Body Slam|p2a: Starmie\n|-damage|p2a: Starmie|31/100 par\n|\n|upkeep\n|turn|69\n|\n|t:|1769289435\n|move|p2a: Starmie|Recover|p2a: Starmie\n|-heal|p2a: Starmie|80/100 par\n|move|p1a: Sandcastle Builder|Self-Destruct|p2a: Starmie\n|-damage|p2a: Starmie|0 fnt\n|faint|p2a: Starmie\n|faint|p1a: Sandcastle Builder\n|\n|t:|1769289439\n|switch|p2a: Tauros|Tauros|39/100\n|switch|p1a: Sandbox King|Tauros|46/100\n|turn|70\n|c|☆Girls See Ghosts|glhf\n|\n|t:|1769289446\n|move|p1a: Sandbox King|Hyper Beam|p2a: Tauros\n|-damage|p2a: Tauros|0 fnt\n|faint|p2a: Tauros\n|\n|win|BeeOrSomething\n|c|☆BeeOrSomething|gg\n|c|☆Girls See Ghosts|dammit\n|c|☆Girls See Ghosts|gg\n|player|p2|\n|player|p1|\n|player|p2|Girls See Ghosts|#rbtt9hoopers|\n","uploadtime":1769289446,"views":"1272","formatid":"gen1ou","rating":null,"private":0,"password":null}