{"id":"smogtours-gen1ou-962893","format":"[Gen 1] OU","players":["BeeOrSomething","Girls See Ghosts"],"log":"|inactive|Battle timer is ON: inactive players will automatically lose when time's up.\n|t:|1786324409\n|gametype|singles\n|player|p1|BeeOrSomething|#beeorsomething|\n|player|p2|Girls See Ghosts|#adpl9|\n|gen|1\n|tier|[Gen 1] OU\n|rule|Desync Clause Mod: Desyncs resolve to link battle behavior from the acting player's perspective.\n|rule|HP Percentage Mod: HP is shown in percentages\n|rule|Endless Battle Clause: Forcing endless battles is banned\n|rule|Sleep Clause Mod: Limit one foe put to sleep\n|rule|Freeze Clause Mod: Limit one foe frozen\n|rule|Species Clause: Limit one of each Pokémon\n|rule|OHKO Clause: OHKO moves are banned\n|rule|Evasion Moves Clause: Evasion moves are banned\n|\n|t:|1786324409\n|teamsize|p1|6\n|teamsize|p2|6\n|start\n|switch|p1a: Inevitable|Gengar|100/100\n|switch|p2a: Alakazam|Alakazam|100/100\n|turn|1\n|c|☆BeeOrSomething|glhf\n|c|☆Girls See Ghosts|u2\n|\n|t:|1786324436\n|switch|p1a: Buzz Lightyear|Hypno|100/100\n|move|p2a: Alakazam|Seismic Toss|p1a: Buzz Lightyear\n|-damage|p1a: Buzz Lightyear|74/100\n|\n|upkeep\n|turn|2\n|\n|t:|1786324461\n|move|p2a: Alakazam|Seismic Toss|p1a: Buzz Lightyear\n|-damage|p1a: Buzz Lightyear|47/100\n|move|p1a: Buzz Lightyear|Hypnosis|p2a: Alakazam\n|-status|p2a: Alakazam|slp|[from] move: Hypnosis\n|\n|upkeep\n|turn|3\n|\n|t:|1786324468\n|switch|p2a: Exeggutor|Exeggutor|100/100\n|switch|p1a: Raging Bull|Tauros|100/100\n|\n|upkeep\n|turn|4\n|\n|t:|1786324477\n|switch|p1a: Buzz Lightyear|Hypno|47/100\n|move|p2a: Exeggutor|Sleep Powder|p1a: Buzz Lightyear\n|-status|p1a: Buzz Lightyear|slp|[from] move: Sleep Powder\n|\n|upkeep\n|turn|5\n|\n|t:|1786324484\n|switch|p1a: Eggy|Exeggutor|100/100\n|move|p2a: Exeggutor|Psychic|p1a: Eggy\n|-resisted|p1a: Eggy\n|-damage|p1a: Eggy|87/100\n|\n|upkeep\n|turn|6\n|\n|t:|1786324495\n|move|p2a: Exeggutor|Psychic|p1a: Eggy\n|-resisted|p1a: Eggy\n|-damage|p1a: Eggy|73/100\n|move|p1a: Eggy|Psychic|p2a: Exeggutor\n|-resisted|p2a: Exeggutor\n|-damage|p2a: Exeggutor|86/100\n|\n|upkeep\n|turn|7\n|\n|t:|1786324498\n|move|p2a: Exeggutor|Psychic|p1a: Eggy\n|-resisted|p1a: Eggy\n|-damage|p1a: Eggy|60/100\n|move|p1a: Eggy|Psychic|p2a: Exeggutor\n|-resisted|p2a: Exeggutor\n|-damage|p2a: Exeggutor|74/100\n|\n|upkeep\n|turn|8\n|\n|t:|1786324501\n|move|p1a: Eggy|Psychic|p2a: Exeggutor\n|-resisted|p2a: Exeggutor\n|-damage|p2a: Exeggutor|60/100\n|-unboost|p2a: Exeggutor|spa|1\n|-unboost|p2a: Exeggutor|spd|1\n|move|p2a: Exeggutor|Psychic|p1a: Eggy\n|-resisted|p1a: Eggy\n|-damage|p1a: Eggy|52/100\n|-unboost|p1a: Eggy|spa|1\n|-unboost|p1a: Eggy|spd|1\n|\n|upkeep\n|turn|9\n|\n|t:|1786324508\n|switch|p1a: Buzz Lightyear|Hypno|47/100 slp\n|switch|p2a: Starmie|Starmie|100/100\n|\n|upkeep\n|turn|10\n|\n|t:|1786324517\n|move|p2a: Starmie|Blizzard|p1a: Buzz Lightyear\n|-crit|p1a: Buzz Lightyear\n|-damage|p1a: Buzz Lightyear|2/100 slp\n|cant|p1a: Buzz Lightyear|slp\n|\n|upkeep\n|turn|11\n|\n|t:|1786324529\n|switch|p1a: Eggy|Exeggutor|52/100\n|move|p2a: Starmie|Blizzard|p1a: Eggy\n|-supereffective|p1a: Eggy\n|-damage|p1a: Eggy|14/100\n|\n|upkeep\n|turn|12\n|\n|t:|1786324535\n|move|p2a: Starmie|Blizzard|p1a: Eggy|[miss]\n|-miss|p2a: Starmie\n|move|p1a: Eggy|Mega Drain|p2a: Starmie\n|-supereffective|p2a: Starmie\n|-damage|p2a: Starmie|68/100\n|-heal|p1a: Eggy|27/100|[from] drain|[of] p2a: Starmie\n|\n|upkeep\n|turn|13\n|\n|t:|1786324542\n|move|p2a: Starmie|Blizzard|p1a: Eggy\n|-crit|p1a: Eggy\n|-supereffective|p1a: Eggy\n|-damage|p1a: Eggy|0 fnt\n|faint|p1a: Eggy\n|\n|t:|1786324543\n|switch|p1a: Me On Weekends|Snorlax|100/100\n|turn|14\n|\n|t:|1786324556\n|switch|p2a: Snorlax|Snorlax|100/100\n|move|p1a: Me On Weekends|Body Slam|p2a: Snorlax\n|-damage|p2a: Snorlax|74/100\n|\n|upkeep\n|turn|15\n|\n|t:|1786324561\n|move|p1a: Me On Weekends|Amnesia|p1a: Me On Weekends\n|-boost|p1a: Me On Weekends|spa|2\n|-boost|p1a: Me On Weekends|spd|2\n|move|p2a: Snorlax|Reflect|p2a: Snorlax\n|-start|p2a: Snorlax|Reflect\n|\n|upkeep\n|turn|16\n|\n|t:|1786324570\n|switch|p1a: Inevitable|Gengar|100/100\n|move|p2a: Snorlax|Body Slam|p1a: Inevitable\n|-immune|p1a: Inevitable\n|\n|upkeep\n|turn|17\n|\n|t:|1786324577\n|move|p1a: Inevitable|Thunderbolt|p2a: Snorlax\n|-damage|p2a: Snorlax|50/100\n|move|p2a: Snorlax|Ice Beam|p1a: Inevitable\n|-damage|p1a: Inevitable|85/100\n|\n|upkeep\n|turn|18\n|\n|t:|1786324590\n|switch|p1a: Me On Weekends|Snorlax|100/100\n|move|p2a: Snorlax|Rest|p2a: Snorlax\n|-status|p2a: Snorlax|slp|[from] move: Rest\n|-heal|p2a: Snorlax|100/100 slp|[silent]\n|\n|upkeep\n|turn|19\n|\n|t:|1786324603\n|switch|p2a: Starmie|Starmie|68/100\n|move|p1a: Me On Weekends|Amnesia|p1a: Me On Weekends\n|-boost|p1a: Me On Weekends|spa|2\n|-boost|p1a: Me On Weekends|spd|2\n|\n|upkeep\n|turn|20\n|\n|t:|1786324605\n|move|p2a: Starmie|Thunder Wave|p1a: Me On Weekends\n|-status|p1a: Me On Weekends|par\n|move|p1a: Me On Weekends|Body Slam|p2a: Starmie\n|-damage|p2a: Starmie|32/100\n|\n|upkeep\n|turn|21\n|\n|t:|1786324610\n|move|p2a: Starmie|Recover|p2a: Starmie\n|-heal|p2a: Starmie|82/100\n|move|p1a: Me On Weekends|Body Slam|p2a: Starmie\n|-damage|p2a: Starmie|44/100\n|\n|upkeep\n|turn|22\n|\n|t:|1786324619\n|switch|p2a: Snorlax|Snorlax|100/100 slp\n|cant|p1a: Me On Weekends|par\n|\n|upkeep\n|turn|23\n|\n|t:|1786324625\n|cant|p2a: Snorlax|slp\n|move|p1a: Me On Weekends|Blizzard|p2a: Snorlax\n|-damage|p2a: Snorlax|67/100 slp\n|\n|upkeep\n|turn|24\n|\n|t:|1786324629\n|-curestatus|p2a: Snorlax|slp|[msg]\n|move|p1a: Me On Weekends|Blizzard|p2a: Snorlax\n|-damage|p2a: Snorlax|28/100\n|\n|upkeep\n|turn|25\n|\n|t:|1786324640\n|move|p2a: Snorlax|Rest|p2a: Snorlax\n|-status|p2a: Snorlax|slp|[from] move: Rest\n|-heal|p2a: Snorlax|100/100 slp|[silent]\n|move|p1a: Me On Weekends|Amnesia|p1a: Me On Weekends\n|-boost|p1a: Me On Weekends|spa|2\n|-boost|p1a: Me On Weekends|spd|2\n|\n|upkeep\n|turn|26\n|\n|t:|1786324644\n|cant|p2a: Snorlax|slp\n|move|p1a: Me On Weekends|Blizzard|p2a: Snorlax\n|-damage|p2a: Snorlax|48/100 slp\n|\n|upkeep\n|turn|27\n|\n|t:|1786324650\n|switch|p2a: Starmie|Starmie|44/100\n|move|p1a: Me On Weekends|Blizzard|p2a: Starmie\n|-resisted|p2a: Starmie\n|-damage|p2a: Starmie|13/100\n|\n|upkeep\n|turn|28\n|\n|t:|1786324654\n|move|p2a: Starmie|Recover|p2a: Starmie\n|-heal|p2a: Starmie|62/100\n|cant|p1a: Me On Weekends|par\n|\n|upkeep\n|turn|29\n|\n|t:|1786324673\n|move|p2a: Starmie|Recover|p2a: Starmie\n|-heal|p2a: Starmie|100/100\n|move|p1a: Me On Weekends|Body Slam|p2a: Starmie\n|-damage|p2a: Starmie|61/100\n|-status|p2a: Starmie|par\n|\n|upkeep\n|turn|30\n|\n|t:|1786324678\n|move|p2a: Starmie|Recover|p2a: Starmie\n|-heal|p2a: Starmie|100/100 par\n|move|p1a: Me On Weekends|Body Slam|p2a: Starmie\n|-damage|p2a: Starmie|67/100 par\n|\n|upkeep\n|turn|31\n|\n|t:|1786324684\n|move|p2a: Starmie|Recover|p2a: Starmie\n|-heal|p2a: Starmie|100/100 par\n|move|p1a: Me On Weekends|Amnesia|p1a: Me On Weekends\n|-boost|p1a: Me On Weekends|spa|2\n|-boost|p1a: Me On Weekends|spd|2\n|\n|upkeep\n|turn|32\n|inactive|Girls See Ghosts has 270 seconds left.\n|\n|t:|1786324731\n|switch|p2a: Snorlax|Snorlax|48/100 slp\n|move|p1a: Me On Weekends|Blizzard|p2a: Snorlax\n|-damage|p2a: Snorlax|0 fnt\n|faint|p2a: Snorlax\n|\n|t:|1786324734\n|switch|p2a: Starmie|Starmie|100/100 par\n|turn|33\n|\n|t:|1786324736\n|move|p2a: Starmie|Thunderbolt|p1a: Me On Weekends\n|-damage|p1a: Me On Weekends|95/100 par\n|move|p1a: Me On Weekends|Body Slam|p2a: Starmie\n|-damage|p2a: Starmie|63/100 par\n|\n|upkeep\n|turn|34\n|\n|t:|1786324740\n|move|p2a: Starmie|Recover|p2a: Starmie\n|-heal|p2a: Starmie|100/100 par\n|move|p1a: Me On Weekends|Body Slam|p2a: Starmie\n|-damage|p2a: Starmie|65/100 par\n|\n|upkeep\n|turn|35\n|\n|t:|1786324744\n|cant|p2a: Starmie|par\n|cant|p1a: Me On Weekends|par\n|\n|upkeep\n|turn|36\n|\n|t:|1786324747\n|move|p2a: Starmie|Recover|p2a: Starmie\n|-heal|p2a: Starmie|100/100 par\n|move|p1a: Me On Weekends|Body Slam|p2a: Starmie\n|-damage|p2a: Starmie|66/100 par\n|\n|upkeep\n|turn|37\n|\n|t:|1786324750\n|cant|p2a: Starmie|par\n|cant|p1a: Me On Weekends|par\n|\n|upkeep\n|turn|38\n|\n|t:|1786324753\n|cant|p2a: Starmie|par\n|cant|p1a: Me On Weekends|par\n|\n|upkeep\n|turn|39\n|\n|t:|1786324755\n|move|p2a: Starmie|Recover|p2a: Starmie\n|-heal|p2a: Starmie|100/100 par\n|move|p1a: Me On Weekends|Body Slam|p2a: Starmie\n|-damage|p2a: Starmie|66/100 par\n|\n|upkeep\n|turn|40\n|\n|t:|1786324758\n|cant|p2a: Starmie|par\n|cant|p1a: Me On Weekends|par\n|\n|upkeep\n|turn|41\n|\n|t:|1786324761\n|move|p2a: Starmie|Recover|p2a: Starmie\n|-heal|p2a: Starmie|100/100 par\n|move|p1a: Me On Weekends|Body Slam|p2a: Starmie\n|-damage|p2a: Starmie|61/100 par\n|\n|upkeep\n|turn|42\n|\n|t:|1786324765\n|cant|p2a: Starmie|par\n|move|p1a: Me On Weekends|Body Slam|p2a: Starmie\n|-damage|p2a: Starmie|22/100 par\n|\n|upkeep\n|turn|43\n|\n|t:|1786324768\n|switch|p1a: Inevitable|Gengar|85/100\n|move|p2a: Starmie|Recover|p2a: Starmie\n|-heal|p2a: Starmie|72/100 par\n|\n|upkeep\n|turn|44\n|\n|t:|1786324775\n|switch|p2a: Alakazam|Alakazam|100/100 slp\n|move|p1a: Inevitable|Thunderbolt|p2a: Alakazam\n|-damage|p2a: Alakazam|78/100 slp\n|\n|upkeep\n|turn|45\n|\n|t:|1786324780\n|switch|p2a: Exeggutor|Exeggutor|60/100\n|move|p1a: Inevitable|Night Shade|p2a: Exeggutor\n|-damage|p2a: Exeggutor|35/100\n|\n|upkeep\n|turn|46\n|\n|t:|1786324795\n|switch|p1a: Me On Weekends|Snorlax|95/100 par\n|move|p2a: Exeggutor|Psychic|p1a: Me On Weekends\n|-damage|p1a: Me On Weekends|66/100 par\n|-unboost|p1a: Me On Weekends|spa|1\n|-unboost|p1a: Me On Weekends|spd|1\n|\n|upkeep\n|turn|47\n|inactive|BeeOrSomething has 270 seconds left.\n|\n|t:|1786324826\n|switch|p2a: Starmie|Starmie|72/100 par\n|switch|p1a: Buzz Lightyear|Hypno|2/100 slp\n|\n|upkeep\n|turn|48\n|inactive|BeeOrSomething has 270 seconds left.\n|\n|t:|1786324832\n|switch|p1a: Me On Weekends|Snorlax|66/100 par\n|cant|p2a: Starmie|par\n|\n|upkeep\n|turn|49\n|\n|t:|1786324837\n|move|p2a: Starmie|Blizzard|p1a: Me On Weekends\n|-crit|p1a: Me On Weekends\n|-damage|p1a: Me On Weekends|22/100 par\n|move|p1a: Me On Weekends|Body Slam|p2a: Starmie\n|-damage|p2a: Starmie|36/100 par\n|\n|upkeep\n|turn|50\n|\n|t:|1786324846\n|switch|p1a: Inevitable|Gengar|85/100\n|move|p2a: Starmie|Recover|p2a: Starmie\n|-heal|p2a: Starmie|86/100 par\n|\n|upkeep\n|turn|51\n|\n|t:|1786324862\n|move|p1a: Inevitable|Thunderbolt|p2a: Starmie\n|-supereffective|p2a: Starmie\n|-damage|p2a: Starmie|28/100 par\n|move|p2a: Starmie|Thunder Wave|p1a: Inevitable\n|-status|p1a: Inevitable|par\n|\n|upkeep\n|turn|52\n|inactive|Girls See Ghosts has 270 seconds left.\n|inactive|Girls See Ghosts has 240 seconds left.\n|\n|t:|1786324941\n|move|p2a: Starmie|Blizzard|p1a: Inevitable\n|-damage|p1a: Inevitable|62/100 par\n|move|p1a: Inevitable|Thunderbolt|p2a: Starmie\n|-supereffective|p2a: Starmie\n|-damage|p2a: Starmie|0 fnt\n|faint|p2a: Starmie\n|\n|t:|1786324948\n|switch|p2a: Exeggutor|Exeggutor|35/100\n|turn|53\n|\n|t:|1786324971\n|switch|p1a: Buzz Lightyear|Hypno|2/100 slp\n|move|p2a: Exeggutor|Rest|p2a: Exeggutor\n|-status|p2a: Exeggutor|slp|[from] move: Rest\n|-heal|p2a: Exeggutor|100/100 slp|[silent]\n|\n|upkeep\n|turn|54\n|\n|t:|1786324978\n|switch|p1a: Mozilla|Zapdos|100/100\n|cant|p2a: Exeggutor|slp\n|\n|upkeep\n|turn|55\n|inactive|Girls See Ghosts has 210 seconds left.\n|\n|t:|1786325002\n|switch|p1a: Raging Bull|Tauros|100/100\n|switch|p2a: Alakazam|Alakazam|78/100 slp\n|\n|upkeep\n|turn|56\n|\n|t:|1786325006\n|cant|p2a: Alakazam|slp\n|move|p1a: Raging Bull|Body Slam|p2a: Alakazam\n|-damage|p2a: Alakazam|27/100 slp\n|\n|upkeep\n|turn|57\n|\n|t:|1786325008\n|cant|p2a: Alakazam|slp\n|move|p1a: Raging Bull|Body Slam|p2a: Alakazam\n|-damage|p2a: Alakazam|0 fnt\n|faint|p2a: Alakazam\n|\n|t:|1786325011\n|switch|p2a: Zapdos|Zapdos|100/100\n|turn|58\n|inactive|Girls See Ghosts has 240 seconds left.\n|\n|t:|1786325021\n|move|p1a: Raging Bull|Blizzard|p2a: Zapdos\n|-crit|p2a: Zapdos\n|-supereffective|p2a: Zapdos\n|-damage|p2a: Zapdos|34/100\n|move|p2a: Zapdos|Thunderbolt|p1a: Raging Bull\n|-damage|p1a: Raging Bull|53/100\n|\n|upkeep\n|turn|59\n|inactive|Girls See Ghosts has 240 seconds left.\n|inactive|Girls See Ghosts has 210 seconds left.\n|\n|t:|1786325076\n|switch|p2a: Tauros|Tauros|100/100\n|move|p1a: Raging Bull|Hyper Beam|p2a: Tauros\n|-damage|p2a: Tauros|48/100\n|-mustrecharge|p1a: Raging Bull\n|\n|upkeep\n|turn|60\n|\n|t:|1786325082\n|cant|p1a: Raging Bull|recharge\n|move|p2a: Tauros|Body Slam|p1a: Raging Bull\n|-damage|p1a: Raging Bull|23/100\n|\n|upkeep\n|turn|61\n|\n|t:|1786325097\n|switch|p1a: Me On Weekends|Snorlax|22/100 par\n|move|p2a: Tauros|Body Slam|p1a: Me On Weekends\n|-damage|p1a: Me On Weekends|0 fnt\n|faint|p1a: Me On Weekends\n|\n|t:|1786325103\n|switch|p1a: Mozilla|Zapdos|100/100\n|turn|62\n|inactive|Girls See Ghosts has 210 seconds left.\n|\n|t:|1786325118\n|move|p2a: Tauros|Blizzard|p1a: Mozilla|[miss]\n|-miss|p2a: Tauros\n|move|p1a: Mozilla|Thunderbolt|p2a: Tauros\n|-damage|p2a: Tauros|0 fnt\n|faint|p2a: Tauros\n|\n|t:|1786325123\n|switch|p2a: Zapdos|Zapdos|34/100\n|turn|63\n|\n|t:|1786325131\n|move|p1a: Mozilla|Thunderbolt|p2a: Zapdos\n|-damage|p2a: Zapdos|7/100\n|move|p2a: Zapdos|Thunder Wave|p1a: Mozilla\n|-status|p1a: Mozilla|par\n|\n|upkeep\n|turn|64\n|\n|t:|1786325137\n|move|p2a: Zapdos|Thunderbolt|p1a: Mozilla\n|-damage|p1a: Mozilla|71/100 par\n|move|p1a: Mozilla|Thunderbolt|p2a: Zapdos\n|-crit|p2a: Zapdos\n|-damage|p2a: Zapdos|0 fnt\n|faint|p2a: Zapdos\n|\n|t:|1786325140\n|switch|p2a: Exeggutor|Exeggutor|100/100 slp\n|turn|65\n|\n|t:|1786325143\n|-curestatus|p2a: Exeggutor|slp|[msg]\n|move|p1a: Mozilla|Thunder Wave|p2a: Exeggutor\n|-status|p2a: Exeggutor|par\n|\n|upkeep\n|turn|66\n|\n|t:|1786325146\n|move|p1a: Mozilla|Drill Peck|p2a: Exeggutor\n|-supereffective|p2a: Exeggutor\n|-damage|p2a: Exeggutor|54/100 par\n|move|p2a: Exeggutor|Psychic|p1a: Mozilla\n|-damage|p1a: Mozilla|44/100 par\n|\n|upkeep\n|turn|67\n|\n|t:|1786325150\n|cant|p1a: Mozilla|par\n|move|p2a: Exeggutor|Psychic|p1a: Mozilla\n|-damage|p1a: Mozilla|16/100 par\n|\n|upkeep\n|turn|68\n|\n|t:|1786325153\n|move|p1a: Mozilla|Drill Peck|p2a: Exeggutor\n|-crit|p2a: Exeggutor\n|-supereffective|p2a: Exeggutor\n|-damage|p2a: Exeggutor|0 fnt\n|faint|p2a: Exeggutor\n|\n|win|BeeOrSomething\n|c|☆Girls See Ghosts|gg\n|c|☆BeeOrSomething|gg\n|player|p1|\n","uploadtime":1786325153,"views":"100","formatid":"gen1ou","rating":null,"private":0,"password":null}