{"id":"smogtours-gen1ou-913445","format":"[Gen 1] OU","players":["LNumbers","Girls See Ghosts"],"log":"|inactive|Battle timer is ON: inactive players will automatically lose when time's up.\n|t:|1772379434\n|gametype|singles\n|player|p1|LNumbers|#splxviityrants2|\n|player|p2|Girls See Ghosts|#rbtt9hoopers|\n|gen|1\n|tier|[Gen 1] OU\n|rule|Desync Clause Mod: Desyncs changed to move failure.\n|rule|Sleep Clause Mod: Limit one foe put to sleep\n|rule|Freeze Clause Mod: Limit one foe frozen\n|rule|Species Clause: Limit one of each Pokémon\n|rule|OHKO Clause: OHKO moves are banned\n|rule|Evasion Moves Clause: Evasion moves are banned\n|rule|Endless Battle Clause: Forcing endless battles is banned\n|rule|HP Percentage Mod: HP is shown in percentages\n|\n|t:|1772379434\n|teamsize|p1|6\n|teamsize|p2|6\n|start\n|switch|p1a: Starmie|Starmie|100/100\n|switch|p2a: Starmie|Starmie|100/100\n|turn|1\n|c|☆LNumbers|hf\n|c|☆Girls See Ghosts|glhf\n|inactive|LNumbers has 270 seconds left.\n|inactive|LNumbers has 240 seconds left.\n|\n|t:|1772379496\n|switch|p2a: Jynx|Jynx|100/100\n|switch|p1a: Chansey|Chansey|100/100\n|\n|upkeep\n|turn|2\n|inactive|LNumbers has 270 seconds left.\n|inactive|LNumbers has 240 seconds left.\n|inactive|LNumbers has 210 seconds left.\n|inactive|LNumbers has 180 seconds left.\n|inactive|LNumbers has 150 seconds left.\n|c|☆Girls See Ghosts|test\n|\n|t:|1772379665\n|switch|p1a: Rhydon|Rhydon|100/100\n|move|p2a: Jynx|Lovely Kiss|p1a: Rhydon|[miss]\n|-miss|p2a: Jynx\n|\n|upkeep\n|turn|3\n|\n|t:|1772379688\n|switch|p1a: Starmie|Starmie|100/100\n|move|p2a: Jynx|Lovely Kiss|p1a: Starmie\n|-status|p1a: Starmie|slp|[from] move: Lovely Kiss\n|\n|upkeep\n|turn|4\n|inactive|LNumbers has 120 seconds left.\n|inactive|Girls See Ghosts has 270 seconds left.\n|\n|t:|1772379717\n|switch|p1a: Chansey|Chansey|100/100\n|move|p2a: Jynx|Blizzard|p1a: Chansey\n|-crit|p1a: Chansey\n|-damage|p1a: Chansey|63/100\n|\n|upkeep\n|turn|5\n|inactive|Girls See Ghosts has 270 seconds left.\n|inactive|LNumbers has 120 seconds left.\n|\n|t:|1772379741\n|move|p2a: Jynx|Blizzard|p1a: Chansey\n|-damage|p1a: Chansey|46/100\n|move|p1a: Chansey|Thunder Wave|p2a: Jynx\n|-status|p2a: Jynx|par\n|\n|upkeep\n|turn|6\n|inactive|Girls See Ghosts has 270 seconds left.\n|\n|t:|1772379753\n|move|p1a: Chansey|Seismic Toss|p2a: Jynx\n|-damage|p2a: Jynx|70/100 par\n|cant|p2a: Jynx|par\n|\n|upkeep\n|turn|7\n|\n|t:|1772379757\n|move|p1a: Chansey|Soft-Boiled|p1a: Chansey\n|-heal|p1a: Chansey|96/100\n|move|p2a: Jynx|Blizzard|p1a: Chansey\n|-crit|p1a: Chansey\n|-damage|p1a: Chansey|57/100\n|\n|upkeep\n|turn|8\n|\n|t:|1772379762\n|move|p1a: Chansey|Soft-Boiled|p1a: Chansey\n|-heal|p1a: Chansey|100/100\n|move|p2a: Jynx|Blizzard|p1a: Chansey\n|-damage|p1a: Chansey|81/100\n|\n|upkeep\n|turn|9\n|\n|t:|1772379767\n|move|p1a: Chansey|Seismic Toss|p2a: Jynx\n|-damage|p2a: Jynx|40/100 par\n|cant|p2a: Jynx|par\n|\n|upkeep\n|turn|10\n|\n|t:|1772379771\n|move|p1a: Chansey|Seismic Toss|p2a: Jynx\n|-damage|p2a: Jynx|10/100 par\n|move|p2a: Jynx|Rest|p2a: Jynx\n|-status|p2a: Jynx|slp|[from] move: Rest\n|-heal|p2a: Jynx|100/100 slp|[silent]\n|\n|upkeep\n|turn|11\n|\n|t:|1772379774\n|move|p1a: Chansey|Seismic Toss|p2a: Jynx\n|-damage|p2a: Jynx|70/100 slp\n|cant|p2a: Jynx|slp\n|\n|upkeep\n|turn|12\n|\n|t:|1772379776\n|move|p1a: Chansey|Seismic Toss|p2a: Jynx\n|-damage|p2a: Jynx|40/100 slp\n|-curestatus|p2a: Jynx|slp|[msg]\n|\n|upkeep\n|turn|13\n|\n|t:|1772379778\n|move|p1a: Chansey|Seismic Toss|p2a: Jynx\n|-damage|p2a: Jynx|10/100\n|move|p2a: Jynx|Rest|p2a: Jynx\n|-status|p2a: Jynx|slp|[from] move: Rest\n|-heal|p2a: Jynx|100/100 slp|[silent]\n|\n|upkeep\n|turn|14\n|\n|t:|1772379780\n|move|p1a: Chansey|Seismic Toss|p2a: Jynx\n|-damage|p2a: Jynx|70/100 slp\n|cant|p2a: Jynx|slp\n|\n|upkeep\n|turn|15\n|\n|t:|1772379783\n|move|p1a: Chansey|Seismic Toss|p2a: Jynx\n|-damage|p2a: Jynx|40/100 slp\n|-curestatus|p2a: Jynx|slp|[msg]\n|\n|upkeep\n|turn|16\n|\n|t:|1772379789\n|move|p1a: Chansey|Seismic Toss|p2a: Jynx\n|-damage|p2a: Jynx|10/100\n|move|p2a: Jynx|Rest|p2a: Jynx\n|-status|p2a: Jynx|slp|[from] move: Rest\n|-heal|p2a: Jynx|100/100 slp|[silent]\n|\n|upkeep\n|turn|17\n|\n|t:|1772379792\n|move|p1a: Chansey|Seismic Toss|p2a: Jynx\n|-damage|p2a: Jynx|70/100 slp\n|cant|p2a: Jynx|slp\n|\n|upkeep\n|turn|18\n|\n|t:|1772379794\n|move|p1a: Chansey|Seismic Toss|p2a: Jynx\n|-damage|p2a: Jynx|40/100 slp\n|-curestatus|p2a: Jynx|slp|[msg]\n|\n|upkeep\n|turn|19\n|\n|t:|1772379795\n|switch|p1a: Tauros|Tauros|100/100\n|move|p2a: Jynx|Rest|p2a: Jynx\n|-status|p2a: Jynx|slp|[from] move: Rest\n|-heal|p2a: Jynx|100/100 slp|[silent]\n|\n|upkeep\n|turn|20\n|\n|t:|1772379800\n|switch|p2a: Snorlax|Snorlax|100/100\n|move|p1a: Tauros|Body Slam|p2a: Snorlax\n|-crit|p2a: Snorlax\n|-damage|p2a: Snorlax|52/100\n|\n|upkeep\n|turn|21\n|\n|t:|1772379810\n|move|p1a: Tauros|Body Slam|p2a: Snorlax\n|-damage|p2a: Snorlax|29/100\n|move|p2a: Snorlax|Body Slam|p1a: Tauros\n|-damage|p1a: Tauros|67/100\n|\n|upkeep\n|turn|22\n|inactive|LNumbers has 240 seconds left.\n|inactive|LNumbers has 210 seconds left.\n|\n|t:|1772379875\n|switch|p2a: Starmie|Starmie|100/100\n|move|p1a: Tauros|Body Slam|p2a: Starmie\n|-damage|p2a: Starmie|67/100\n|\n|upkeep\n|turn|23\n|\n|t:|1772379883\n|switch|p1a: Starmie|Starmie|100/100 slp\n|move|p2a: Starmie|Thunder Wave|p1a: Starmie\n|-fail|p1a: Starmie\n|\n|upkeep\n|turn|24\n|\n|t:|1772379891\n|switch|p1a: Chansey|Chansey|81/100\n|move|p2a: Starmie|Thunderbolt|p1a: Chansey\n|-damage|p1a: Chansey|69/100\n|\n|upkeep\n|turn|25\n|\n|t:|1772379907\n|move|p2a: Starmie|Thunder Wave|p1a: Chansey\n|-status|p1a: Chansey|par\n|move|p1a: Chansey|Sing|p2a: Starmie\n|-status|p2a: Starmie|slp|[from] move: Sing\n|\n|upkeep\n|turn|26\n|inactive|LNumbers has 210 seconds left.\n|inactive|LNumbers has 180 seconds left.\n|\n|t:|1772379964\n|switch|p2a: Chansey|Chansey|100/100\n|move|p1a: Chansey|Thunder Wave|p2a: Chansey\n|-status|p2a: Chansey|par\n|\n|upkeep\n|turn|27\n|inactive|LNumbers has 180 seconds left.\n|inactive|LNumbers has 150 seconds left.\n|\n|t:|1772380011\n|switch|p2a: Rhydon|Rhydon|100/100\n|move|p1a: Chansey|Seismic Toss|p2a: Rhydon\n|-damage|p2a: Rhydon|76/100\n|\n|upkeep\n|turn|28\n|inactive|LNumbers has 150 seconds left.\n|\n|t:|1772380023\n|switch|p1a: Exeggutor|Exeggutor|100/100\n|move|p2a: Rhydon|Rock Slide|p1a: Exeggutor\n|-damage|p1a: Exeggutor|70/100\n|\n|upkeep\n|turn|29\n|inactive|LNumbers has 150 seconds left.\n|\n|t:|1772380030\n|switch|p1a: Snorlax|Snorlax|100/100\n|switch|p2a: Chansey|Chansey|100/100 par\n|\n|upkeep\n|turn|30\n|inactive|LNumbers has 150 seconds left.\n|\n|t:|1772380045\n|move|p1a: Snorlax|Body Slam|p2a: Chansey\n|-damage|p2a: Chansey|61/100 par\n|cant|p2a: Chansey|par\n|\n|upkeep\n|turn|31\n|rated|Smogon Premier League\n|inactive|LNumbers has 150 seconds left.\n|\n|t:|1772380062\n|move|p1a: Snorlax|Body Slam|p2a: Chansey\n|-damage|p2a: Chansey|18/100 par\n|cant|p2a: Chansey|par\n|\n|upkeep\n|turn|32\n|inactive|LNumbers has 150 seconds left.\n|inactive|Girls See Ghosts has 270 seconds left.\n|\n|t:|1772380093\n|switch|p2a: Rhydon|Rhydon|76/100\n|move|p1a: Snorlax|Body Slam|p2a: Rhydon\n|-resisted|p2a: Rhydon\n|-damage|p2a: Rhydon|64/100\n|\n|upkeep\n|turn|33\n|inactive|LNumbers has 150 seconds left.\n|inactive|Girls See Ghosts has 270 seconds left.\n|inactive|LNumbers has 120 seconds left.\n|\n|t:|1772380153\n|move|p2a: Rhydon|Earthquake|p1a: Snorlax\n|-damage|p1a: Snorlax|67/100\n|move|p1a: Snorlax|Ice Beam|p2a: Rhydon\n|-supereffective|p2a: Rhydon\n|-damage|p2a: Rhydon|21/100\n|\n|upkeep\n|turn|34\n|inactive|LNumbers has 90 seconds left.\n|inactive|Girls See Ghosts has 240 seconds left.\n|inactive|LNumbers has 60 seconds left.\n|\n|t:|1772380224\n|switch|p1a: Exeggutor|Exeggutor|70/100\n|move|p2a: Rhydon|Earthquake|p1a: Exeggutor\n|-resisted|p1a: Exeggutor\n|-damage|p1a: Exeggutor|52/100\n|\n|upkeep\n|turn|35\n|inactive|Girls See Ghosts has 240 seconds left.\n|\n|t:|1772380235\n|switch|p2a: Jynx|Jynx|100/100 slp\n|move|p1a: Exeggutor|Psychic|p2a: Jynx\n|-resisted|p2a: Jynx\n|-damage|p2a: Jynx|82/100 slp\n|\n|upkeep\n|turn|36\n|inactive|Girls See Ghosts has 240 seconds left.\n|\n|t:|1772380256\n|switch|p2a: Tauros|Tauros|100/100\n|switch|p1a: Rhydon|Rhydon|100/100\n|\n|upkeep\n|turn|37\n|inactive|Girls See Ghosts has 240 seconds left.\n|inactive|LNumbers has 30 seconds left.\n|\n|t:|1772380282\n|move|p2a: Tauros|Blizzard|p1a: Rhydon|[miss]\n|-miss|p2a: Tauros\n|move|p1a: Rhydon|Earthquake|p2a: Tauros\n|-damage|p2a: Tauros|60/100\n|\n|upkeep\n|turn|38\n|\n|t:|1772380287\n|switch|p1a: Starmie|Starmie|100/100 slp\n|move|p2a: Tauros|Blizzard|p1a: Starmie\n|-resisted|p1a: Starmie\n|-damage|p1a: Starmie|89/100 slp\n|\n|upkeep\n|turn|39\n|\n|t:|1772380293\n|cant|p1a: Starmie|slp\n|move|p2a: Tauros|Body Slam|p1a: Starmie\n|-damage|p1a: Starmie|57/100 slp\n|\n|upkeep\n|turn|40\n|\n|t:|1772380297\n|cant|p1a: Starmie|slp\n|move|p2a: Tauros|Body Slam|p1a: Starmie\n|-damage|p1a: Starmie|24/100 slp\n|\n|upkeep\n|turn|41\n|inactive|Girls See Ghosts has 270 seconds left.\n|inactive|Girls See Ghosts has 240 seconds left.\n|\n|t:|1772380339\n|switch|p2a: Chansey|Chansey|18/100 par\n|cant|p1a: Starmie|slp\n|\n|upkeep\n|turn|42\n|inactive|LNumbers has 60 seconds left.\n|\n|t:|1772380354\n|switch|p1a: Rhydon|Rhydon|100/100\n|move|p2a: Chansey|Soft-Boiled|p2a: Chansey\n|-heal|p2a: Chansey|68/100 par\n|\n|upkeep\n|turn|43\n|\n|t:|1772380363\n|switch|p2a: Snorlax|Snorlax|29/100\n|move|p1a: Rhydon|Earthquake|p2a: Snorlax\n|-damage|p2a: Snorlax|0 fnt\n|faint|p2a: Snorlax\n|\n|t:|1772380374\n|switch|p2a: Tauros|Tauros|60/100\n|turn|44\n|\n|t:|1772380399\n|switch|p1a: Starmie|Starmie|24/100 slp\n|move|p2a: Tauros|Blizzard|p1a: Starmie\n|-resisted|p1a: Starmie\n|-damage|p1a: Starmie|12/100 slp\n|\n|upkeep\n|turn|45\n|\n|t:|1772380406\n|cant|p1a: Starmie|slp\n|move|p2a: Tauros|Body Slam|p1a: Starmie\n|-damage|p1a: Starmie|0 fnt\n|faint|p1a: Starmie\n|inactive|LNumbers has 60 seconds left.\n|\n|t:|1772380447\n|switch|p1a: Snorlax|Snorlax|67/100\n|turn|46\n|inactive|Girls See Ghosts has 270 seconds left.\n|inactive|Girls See Ghosts has 240 seconds left.\n|\n|t:|1772380488\n|switch|p2a: Starmie|Starmie|67/100 slp\n|move|p1a: Snorlax|Body Slam|p2a: Starmie\n|-damage|p2a: Starmie|34/100 slp\n|\n|upkeep\n|turn|47\n|inactive|Girls See Ghosts has 240 seconds left.\n|\n|t:|1772380494\n|switch|p2a: Rhydon|Rhydon|21/100\n|move|p1a: Snorlax|Body Slam|p2a: Rhydon\n|-resisted|p2a: Rhydon\n|-damage|p2a: Rhydon|9/100\n|\n|upkeep\n|turn|48\n|inactive|LNumbers has 60 seconds left.\n|inactive|Girls See Ghosts has 240 seconds left.\n|\n|t:|1772380524\n|switch|p1a: Exeggutor|Exeggutor|52/100\n|move|p2a: Rhydon|Earthquake|p1a: Exeggutor\n|-resisted|p1a: Exeggutor\n|-damage|p1a: Exeggutor|32/100\n|\n|upkeep\n|turn|49\n|inactive|LNumbers has 30 seconds left.\n|\n|t:|1772380552\n|switch|p2a: Jynx|Jynx|82/100 slp\n|move|p1a: Exeggutor|Psychic|p2a: Jynx\n|-resisted|p2a: Jynx\n|-damage|p2a: Jynx|62/100 slp\n|-unboost|p2a: Jynx|spa|1\n|-unboost|p2a: Jynx|spd|1\n|\n|upkeep\n|turn|50\n|inactive|LNumbers has 30 seconds left.\n|\n|t:|1772380572\n|switch|p1a: Tauros|Tauros|67/100\n|cant|p2a: Jynx|slp\n|\n|upkeep\n|turn|51\n|\n|t:|1772380576\n|move|p1a: Tauros|Body Slam|p2a: Jynx\n|-damage|p2a: Jynx|12/100 slp\n|-curestatus|p2a: Jynx|slp|[msg]\n|\n|upkeep\n|turn|52\n|inactive|Girls See Ghosts has 240 seconds left.\n|\n|t:|1772380589\n|switch|p2a: Starmie|Starmie|34/100 slp\n|move|p1a: Tauros|Body Slam|p2a: Starmie\n|-crit|p2a: Starmie\n|-damage|p2a: Starmie|0 fnt\n|faint|p2a: Starmie\n|\n|t:|1772380593\n|switch|p2a: Tauros|Tauros|60/100\n|turn|53\n|inactive|LNumbers has 30 seconds left.\n|inactive|LNumbers has 20 seconds left.\n|inactive|LNumbers has 15 seconds left.\n|inactive|LNumbers has 10 seconds left.\n|inactive|LNumbers has 5 seconds left.\n|\n|t:|1772380641\n|switch|p1a: Rhydon|Rhydon|100/100\n|move|p2a: Tauros|Blizzard|p1a: Rhydon\n|-supereffective|p1a: Rhydon\n|-damage|p1a: Rhydon|47/100\n|\n|upkeep\n|turn|54\n|inactive|LNumbers has 15 seconds left this turn.\n|inactive|LNumbers has 10 seconds left.\n|\n|t:|1772380650\n|switch|p1a: Snorlax|Snorlax|67/100\n|move|p2a: Tauros|Blizzard|p1a: Snorlax\n|-damage|p1a: Snorlax|48/100\n|\n|upkeep\n|turn|55\n|inactive|LNumbers has 20 seconds left this turn.\n|inactive|LNumbers has 15 seconds left.\n|\n|t:|1772380671\n|switch|p2a: Jynx|Jynx|12/100\n|move|p1a: Snorlax|Body Slam|p2a: Jynx\n|-damage|p2a: Jynx|0 fnt\n|faint|p2a: Jynx\n|\n|t:|1772380674\n|switch|p2a: Rhydon|Rhydon|9/100\n|turn|56\n|inactive|LNumbers has 30 seconds left this turn.\n|inactive|LNumbers has 20 seconds left.\n|inactive|LNumbers has 15 seconds left.\n|\n|t:|1772380693\n|switch|p1a: Exeggutor|Exeggutor|32/100\n|move|p2a: Rhydon|Body Slam|p1a: Exeggutor\n|-damage|p1a: Exeggutor|11/100\n|\n|upkeep\n|turn|57\n|inactive|LNumbers has 25 seconds left this turn.\n|inactive|LNumbers has 20 seconds left.\n|inactive|Girls See Ghosts has 270 seconds left.\n|inactive|LNumbers has 15 seconds left.\n|\n|t:|1772380706\n|switch|p2a: Chansey|Chansey|68/100 par\n|move|p1a: Exeggutor|Psychic|p2a: Chansey\n|-damage|p2a: Chansey|51/100 par\n|\n|upkeep\n|turn|58\n|inactive|LNumbers has 25 seconds left this turn.\n|\n|t:|1772380711\n|move|p1a: Exeggutor|Explosion|p2a: Chansey\n|-damage|p2a: Chansey|0 fnt\n|faint|p2a: Chansey\n|faint|p1a: Exeggutor\n|inactive|LNumbers has 30 seconds left this turn.\n|inactive|LNumbers has 20 seconds left.\n|inactive|LNumbers has 15 seconds left.\n|inactive|Girls See Ghosts has 270 seconds left.\n|inactive|LNumbers has 10 seconds left.\n|inactive|LNumbers has 5 seconds left.\n|\n|t:|1772380737\n|switch|p1a: Snorlax|Snorlax|48/100\n|switch|p2a: Rhydon|Rhydon|9/100\n|turn|59\n|inactive|LNumbers has 15 seconds left this turn.\n|inactive|LNumbers has 10 seconds left.\n|\n|t:|1772380746\n|switch|p1a: Rhydon|Rhydon|47/100\n|move|p2a: Rhydon|Earthquake|p1a: Rhydon\n|-supereffective|p1a: Rhydon\n|-damage|p1a: Rhydon|0 fnt\n|faint|p1a: Rhydon\n|inactive|LNumbers has 15 seconds left this turn.\n|\n|t:|1772380747\n|switch|p1a: Tauros|Tauros|67/100\n|turn|60\n|inactive|LNumbers has 25 seconds left this turn.\n|\n|t:|1772380753\n|move|p1a: Tauros|Earthquake|p2a: Rhydon\n|-supereffective|p2a: Rhydon\n|-damage|p2a: Rhydon|0 fnt\n|faint|p2a: Rhydon\n|\n|t:|1772380755\n|switch|p2a: Tauros|Tauros|60/100\n|turn|61\n|inactive|LNumbers has 30 seconds left.\n|\n|t:|1772380773\n|move|p2a: Tauros|Blizzard|p1a: Tauros\n|-damage|p1a: Tauros|40/100\n|move|p1a: Tauros|Hyper Beam|p2a: Tauros\n|-damage|p2a: Tauros|13/100\n|-mustrecharge|p1a: Tauros\n|\n|upkeep\n|turn|62\n|\n|t:|1772380779\n|move|p2a: Tauros|Hyper Beam|p1a: Tauros\n|-damage|p1a: Tauros|0 fnt\n|faint|p1a: Tauros\n|inactive|LNumbers has 30 seconds left.\n|\n|t:|1772380789\n|switch|p1a: Snorlax|Snorlax|48/100\n|turn|63\n|inactive|Girls See Ghosts has 270 seconds left.\n|\n|t:|1772380820\n|move|p2a: Tauros|Hyper Beam|p1a: Snorlax\n|-damage|p1a: Snorlax|8/100\n|-mustrecharge|p2a: Tauros\n|move|p1a: Snorlax|Body Slam|p2a: Tauros\n|-damage|p2a: Tauros|0 fnt\n|faint|p2a: Tauros\n|\n|win|LNumbers\n|c|☆Girls See Ghosts|gg\n|c|☆LNumbers|gg\n|player|p2|\n|player|p1|\n|player|p2|Girls See Ghosts|#rbtt9hoopers|\n","uploadtime":1772380820,"views":"847","formatid":"gen1ou","rating":null,"private":0,"password":null}