{"id":"smogtours-gen1ou-944938","format":"[Gen 1] OU","players":["big will 2024","A Real Jester"],"log":"|inactive|Battle timer is ON: inactive players will automatically lose when time's up.\n|t:|1780950791\n|gametype|singles\n|player|p1|big will 2024|morty-gen2|\n|player|p2|A Real Jester|red-gen1rb|\n|gen|1\n|tier|[Gen 1] OU\n|rule|Desync Clause Mod: Desyncs changed to move failure.\n|rule|HP Percentage Mod: HP is shown in percentages\n|rule|Endless Battle Clause: Forcing endless battles is banned\n|rule|Sleep Clause Mod: Limit one foe put to sleep\n|rule|Freeze Clause Mod: Limit one foe frozen\n|rule|Species Clause: Limit one of each Pokémon\n|rule|OHKO Clause: OHKO moves are banned\n|rule|Evasion Moves Clause: Evasion moves are banned\n|\n|t:|1780950791\n|teamsize|p1|6\n|teamsize|p2|6\n|start\n|switch|p1a: Space Needle|Zapdos|100/100\n|switch|p2a: Zoo Talk|Jolteon|100/100\n|turn|1\n|inactive|big will 2024 also wants the timer to be on.\n|c|☆A Real Jester|gl hf \n|inactive|big will 2024 has 270 seconds left.\n|inactive|A Real Jester has 270 seconds left.\n|c|☆big will 2024|u2 bro\n|inactive|big will 2024 has 240 seconds left.\n|c|☆A Real Jester|we're so #insync \n|c|☆A Real Jester|you'll see \n|\n|t:|1780950874\n|switch|p2a: Bed|Rhydon|100/100\n|move|p1a: Space Needle|Thunder Wave|p2a: Bed\n|-immune|p2a: Bed\n|\n|upkeep\n|turn|2\n|c|☆big will 2024|LMAO\n|c|☆big will 2024|now show me desk bro\n|c|☆A Real Jester|later bro \n|inactive|big will 2024 has 270 seconds left.\n|inactive|big will 2024 has 240 seconds left.\n|inactive|A Real Jester has 270 seconds left.\n|\n|t:|1780950933\n|switch|p2a: Zoo Talk|Jolteon|100/100\n|move|p1a: Space Needle|Thunderbolt|p2a: Zoo Talk\n|-resisted|p2a: Zoo Talk\n|-damage|p2a: Zoo Talk|83/100\n|\n|upkeep\n|turn|3\n|inactive|big will 2024 has 240 seconds left.\n|inactive|A Real Jester has 270 seconds left.\n|\n|t:|1780950947\n|move|p2a: Zoo Talk|Thunder Wave|p1a: Space Needle\n|-status|p1a: Space Needle|par\n|move|p1a: Space Needle|Thunder Wave|p2a: Zoo Talk\n|-status|p2a: Zoo Talk|par\n|\n|upkeep\n|turn|4\n|inactive|big will 2024 has 240 seconds left.\n|\n|t:|1780950958\n|switch|p1a: RoAPL 2025|Exeggutor|100/100\n|move|p2a: Zoo Talk|Thunderbolt|p1a: RoAPL 2025\n|-resisted|p1a: RoAPL 2025\n|-damage|p1a: RoAPL 2025|88/100\n|\n|upkeep\n|turn|5\n|\n|t:|1780950976\n|move|p1a: RoAPL 2025|Psychic|p2a: Zoo Talk\n|-damage|p2a: Zoo Talk|49/100 par\n|move|p2a: Zoo Talk|Thunder Wave|p1a: RoAPL 2025\n|-status|p1a: RoAPL 2025|par\n|\n|upkeep\n|turn|6\n|\n|t:|1780950984\n|move|p2a: Zoo Talk|Pin Missile|p1a: RoAPL 2025\n|-supereffective|p1a: RoAPL 2025\n|-damage|p1a: RoAPL 2025|77/100 par\n|-damage|p1a: RoAPL 2025|67/100 par\n|-hitcount|p1a: RoAPL 2025|2\n|cant|p1a: RoAPL 2025|par\n|\n|upkeep\n|turn|7\n|\n|t:|1780950989\n|switch|p1a: Pittsburgh|Golem|100/100\n|move|p2a: Zoo Talk|Pin Missile|p1a: Pittsburgh\n|-damage|p1a: Pittsburgh|98/100\n|-damage|p1a: Pittsburgh|96/100\n|-hitcount|p1a: Pittsburgh|2\n|\n|upkeep\n|turn|8\n|inactive|big will 2024 has 270 seconds left.\n|c|☆A Real Jester|oh neat\n|c|☆big will 2024|you like?\n|c|☆A Real Jester|i think so\n|c|☆A Real Jester|have to think about it more\n|\n|t:|1780951021\n|switch|p1a: Space Needle|Zapdos|100/100 par\n|switch|p2a: Fridge Chair|Exeggutor|100/100\n|\n|upkeep\n|turn|9\n|c|☆big will 2024|not the fucking cuck chair bro\n|c|☆big will 2024|LOL\n|inactive|A Real Jester has 270 seconds left.\n|c|☆A Real Jester|i just need to take it all in\n|inactive|big will 2024 has 240 seconds left.\n|inactive|A Real Jester has 240 seconds left.\n|\n|t:|1780951085\n|switch|p2a: Zoo Talk|Jolteon|49/100 par\n|switch|p1a: RoAPL 2025|Exeggutor|67/100 par\n|\n|upkeep\n|turn|10\n|\n|t:|1780951089\n|move|p2a: Zoo Talk|Pin Missile|p1a: RoAPL 2025\n|-crit|p1a: RoAPL 2025\n|-supereffective|p1a: RoAPL 2025\n|-damage|p1a: RoAPL 2025|47/100 par\n|-damage|p1a: RoAPL 2025|27/100 par\n|-damage|p1a: RoAPL 2025|7/100 par\n|-damage|p1a: RoAPL 2025|0 fnt\n|-hitcount|p1a: RoAPL 2025|4\n|faint|p1a: RoAPL 2025\n|\n|t:|1780951098\n|switch|p1a: Pittsburgh|Golem|96/100\n|turn|11\n|inactive|A Real Jester has 240 seconds left.\n|\n|t:|1780951119\n|move|p1a: Pittsburgh|Earthquake|p2a: Zoo Talk\n|-supereffective|p2a: Zoo Talk\n|-damage|p2a: Zoo Talk|0 fnt\n|faint|p2a: Zoo Talk\n|\n|t:|1780951121\n|switch|p2a: Fridge Chair|Exeggutor|100/100\n|turn|12\n|\n|t:|1780951137\n|switch|p1a: Space Needle|Zapdos|100/100 par\n|move|p2a: Fridge Chair|Psychic|p1a: Space Needle\n|-damage|p1a: Space Needle|72/100 par\n|\n|upkeep\n|turn|13\n|\n|t:|1780951143\n|switch|p2a: Aladdin's Gyros|Chansey|100/100\n|move|p1a: Space Needle|Drill Peck|p2a: Aladdin's Gyros\n|-damage|p2a: Aladdin's Gyros|67/100\n|\n|upkeep\n|turn|14\n|c|☆big will 2024|so true\n|\n|t:|1780951151\n|switch|p2a: Bed|Rhydon|100/100\n|cant|p1a: Space Needle|par\n|\n|upkeep\n|turn|15\n|inactive|big will 2024 has 240 seconds left.\n|\n|t:|1780951164\n|switch|p1a: PBnJ Mead|Cloyster|100/100\n|move|p2a: Bed|Substitute|p2a: Bed\n|-start|p2a: Bed|Substitute\n|-damage|p2a: Bed|76/100\n|\n|upkeep\n|turn|16\n|inactive|big will 2024 has 240 seconds left.\n|inactive|A Real Jester has 270 seconds left.\n|\n|t:|1780951195\n|switch|p2a: Space Needle|Starmie|100/100\n|move|p1a: PBnJ Mead|Blizzard|p2a: Space Needle\n|-resisted|p2a: Space Needle\n|-damage|p2a: Space Needle|81/100\n|-status|p2a: Space Needle|frz\n|\n|upkeep\n|turn|17\n|c|☆big will 2024|oh wow\n|c|☆big will 2024|we are #insync\n|inactive|big will 2024 has 240 seconds left.\n|c|☆A Real Jester|i told you bro\n|c|☆big will 2024|mine likes me more though\n|c|☆big will 2024|it seems\n|c|☆A Real Jester|fear so\n|\n|t:|1780951225\n|switch|p2a: Aladdin's Gyros|Chansey|67/100\n|move|p1a: PBnJ Mead|Clamp|p2a: Aladdin's Gyros\n|-damage|p2a: Aladdin's Gyros|62/100\n|\n|upkeep\n|turn|18\n|\n|t:|1780951228\n|switch|p1a: ThankU4BeingU|Tauros|100/100\n|switch|p2a: Space Needle|Starmie|81/100 frz\n|\n|upkeep\n|turn|19\n|inactive|big will 2024 has 240 seconds left.\n|\n|t:|1780951234\n|switch|p2a: Bed|Rhydon|76/100\n|move|p1a: ThankU4BeingU|Body Slam|p2a: Bed\n|-crit|p2a: Bed\n|-resisted|p2a: Bed\n|-damage|p2a: Bed|54/100\n|\n|upkeep\n|turn|20\n|\n|t:|1780951244\n|switch|p2a: Space Needle|Starmie|81/100 frz\n|move|p1a: ThankU4BeingU|Blizzard|p2a: Space Needle\n|-resisted|p2a: Space Needle\n|-damage|p2a: Space Needle|69/100 frz\n|\n|upkeep\n|turn|21\n|\n|t:|1780951248\n|switch|p2a: Fridge Chair|Exeggutor|100/100\n|move|p1a: ThankU4BeingU|Body Slam|p2a: Fridge Chair\n|-crit|p2a: Fridge Chair\n|-damage|p2a: Fridge Chair|41/100\n|-status|p2a: Fridge Chair|par\n|\n|upkeep\n|turn|22\n|c|☆big will 2024|wow\n|c|☆big will 2024|my guys REALLY love me\n|c|☆A Real Jester|they do\n|\n|t:|1780951277\n|move|p1a: ThankU4BeingU|Hyper Beam|p2a: Fridge Chair\n|-damage|p2a: Fridge Chair|0 fnt\n|faint|p2a: Fridge Chair\n|\n|t:|1780951280\n|switch|p2a: Desk|Tauros|100/100\n|turn|23\n|inactive|big will 2024 has 240 seconds left.\n|inactive|big will 2024 has 210 seconds left.\n|\n|t:|1780951334\n|switch|p1a: PBnJ Mead|Cloyster|100/100\n|move|p2a: Desk|Body Slam|p1a: PBnJ Mead\n|-crit|p1a: PBnJ Mead\n|-damage|p1a: PBnJ Mead|57/100\n|\n|upkeep\n|turn|24\n|\n|t:|1780951345\n|switch|p2a: Aladdin's Gyros|Chansey|62/100\n|move|p1a: PBnJ Mead|Blizzard|p2a: Aladdin's Gyros\n|-damage|p2a: Aladdin's Gyros|44/100\n|-message|Freeze Clause activated.\n|\n|upkeep\n|turn|25\n|\n|t:|1780951349\n|move|p1a: PBnJ Mead|Clamp|p2a: Aladdin's Gyros\n|-damage|p2a: Aladdin's Gyros|39/100\n|cant|p2a: Aladdin's Gyros|partiallytrapped\n|\n|upkeep\n|turn|26\n|\n|t:|1780951357\n|switch|p1a: ThankU4BeingU|Tauros|100/100\n|switch|p2a: Desk|Tauros|100/100\n|\n|upkeep\n|turn|27\n|\n|t:|1780951369\n|move|p1a: ThankU4BeingU|Body Slam|p2a: Desk\n|-damage|p2a: Desk|72/100\n|move|p2a: Desk|Body Slam|p1a: ThankU4BeingU\n|-damage|p1a: ThankU4BeingU|73/100\n|\n|upkeep\n|turn|28\n|\n|t:|1780951373\n|move|p1a: ThankU4BeingU|Body Slam|p2a: Desk\n|-damage|p2a: Desk|42/100\n|move|p2a: Desk|Body Slam|p1a: ThankU4BeingU\n|-damage|p1a: ThankU4BeingU|44/100\n|\n|upkeep\n|turn|29\n|inactive|big will 2024 has 240 seconds left.\n|inactive|A Real Jester has 270 seconds left.\n|\n|t:|1780951405\n|switch|p2a: Bed|Rhydon|54/100\n|move|p1a: ThankU4BeingU|Body Slam|p2a: Bed\n|-resisted|p2a: Bed\n|-damage|p2a: Bed|43/100\n|\n|upkeep\n|turn|30\n|inactive|A Real Jester has 270 seconds left.\n|\n|t:|1780951416\n|switch|p2a: Desk|Tauros|42/100\n|move|p1a: ThankU4BeingU|Blizzard|p2a: Desk\n|-damage|p2a: Desk|14/100\n|\n|upkeep\n|turn|31\n|\n|t:|1780951427\n|switch|p1a: Space Needle|Zapdos|72/100 par\n|move|p2a: Desk|Earthquake|p1a: Space Needle\n|-immune|p1a: Space Needle\n|\n|upkeep\n|turn|32\n|\n|t:|1780951435\n|switch|p1a: Final Fantasy 9|Starmie|100/100\n|move|p2a: Desk|Rest|p2a: Desk\n|-status|p2a: Desk|slp|[from] move: Rest\n|-heal|p2a: Desk|100/100 slp|[silent]\n|\n|upkeep\n|turn|33\n|\n|t:|1780951442\n|move|p1a: Final Fantasy 9|Thunderbolt|p2a: Desk\n|-damage|p2a: Desk|72/100 slp\n|cant|p2a: Desk|slp\n|\n|upkeep\n|turn|34\n|\n|t:|1780951449\n|switch|p1a: PBnJ Mead|Cloyster|57/100\n|-curestatus|p2a: Desk|slp|[msg]\n|\n|upkeep\n|turn|35\n|inactive|big will 2024 has 240 seconds left.\n|\n|t:|1780951458\n|switch|p2a: Space Needle|Starmie|69/100 frz\n|move|p1a: PBnJ Mead|Blizzard|p2a: Space Needle\n|-resisted|p2a: Space Needle\n|-damage|p2a: Space Needle|50/100 frz\n|\n|upkeep\n|turn|36\n|\n|t:|1780951467\n|switch|p1a: Final Fantasy 9|Starmie|100/100\n|cant|p2a: Space Needle|frz\n|\n|upkeep\n|turn|37\n|\n|t:|1780951474\n|switch|p1a: Pittsburgh|Golem|96/100\n|switch|p2a: Desk|Tauros|72/100\n|\n|upkeep\n|turn|38\n|inactive|big will 2024 has 240 seconds left.\n|inactive|A Real Jester has 270 seconds left.\n|inactive|big will 2024 has 210 seconds left.\n|\n|t:|1780951545\n|move|p2a: Desk|Body Slam|p1a: Pittsburgh\n|-resisted|p1a: Pittsburgh\n|-damage|p1a: Pittsburgh|85/100\n|move|p1a: Pittsburgh|Explosion|p2a: Desk\n|-damage|p2a: Desk|0 fnt\n|faint|p2a: Desk\n|faint|p1a: Pittsburgh\n|\n|t:|1780951554\n|switch|p2a: Bed|Rhydon|43/100\n|switch|p1a: PBnJ Mead|Cloyster|57/100\n|turn|39\n|\n|t:|1780951557\n|switch|p2a: Space Needle|Starmie|50/100 frz\n|move|p1a: PBnJ Mead|Blizzard|p2a: Space Needle\n|-resisted|p2a: Space Needle\n|-damage|p2a: Space Needle|31/100 frz\n|\n|upkeep\n|turn|40\n|\n|t:|1780951561\n|switch|p2a: Bed|Rhydon|43/100\n|move|p1a: PBnJ Mead|Clamp|p2a: Bed|[miss]\n|-miss|p1a: PBnJ Mead\n|\n|upkeep\n|turn|41\n|\n|t:|1780951564\n|switch|p2a: Space Needle|Starmie|31/100 frz\n|move|p1a: PBnJ Mead|Clamp|p2a: Space Needle|[miss]\n|-miss|p1a: PBnJ Mead\n|\n|upkeep\n|turn|42\n|\n|t:|1780951566\n|switch|p2a: Aladdin's Gyros|Chansey|39/100\n|move|p1a: PBnJ Mead|Clamp|p2a: Aladdin's Gyros|[miss]\n|-miss|p1a: PBnJ Mead\n|\n|upkeep\n|turn|43\n|\n|t:|1780951569\n|switch|p2a: Space Needle|Starmie|31/100 frz\n|move|p1a: PBnJ Mead|Clamp|p2a: Space Needle\n|-resisted|p2a: Space Needle\n|-damage|p2a: Space Needle|26/100 frz\n|\n|upkeep\n|turn|44\n|\n|t:|1780951573\n|switch|p2a: Aladdin's Gyros|Chansey|39/100\n|switch|p1a: ThankU4BeingU|Tauros|44/100\n|\n|upkeep\n|turn|45\n|inactive|A Real Jester has 270 seconds left.\n|\n|t:|1780951608\n|move|p1a: ThankU4BeingU|Hyper Beam|p2a: Aladdin's Gyros\n|-damage|p2a: Aladdin's Gyros|0 fnt\n|faint|p2a: Aladdin's Gyros\n|\n|t:|1780951609\n|switch|p2a: Bed|Rhydon|43/100\n|turn|46\n|\n|t:|1780951611\n|move|p1a: ThankU4BeingU|Blizzard|p2a: Bed\n|-supereffective|p2a: Bed\n|-damage|p2a: Bed|0 fnt\n|faint|p2a: Bed\n|\n|t:|1780951613\n|switch|p2a: Space Needle|Starmie|26/100 frz\n|turn|47\n|c|☆A Real Jester|gg\n|c|☆big will 2024|gg\n|\n|t:|1780951616\n|cant|p2a: Space Needle|frz\n|move|p1a: ThankU4BeingU|Body Slam|p2a: Space Needle\n|-damage|p2a: Space Needle|0 fnt\n|faint|p2a: Space Needle\n|\n|win|big will 2024\n","uploadtime":1780951616,"views":"103","formatid":"gen1ou","rating":null,"private":0,"password":null}