{"id":"smogtours-gen1ou-965291","format":"[Gen 1] OU","players":["Kaz","LNumbers"],"log":"|inactive|Battle timer is ON: inactive players will automatically lose when time's up.\n|t:|1787345725\n|gametype|singles\n|player|p1|Kaz|#kaz|\n|player|p2|LNumbers|#rbywc2026|\n|gen|1\n|tier|[Gen 1] OU\n|rule|Desync Clause Mod: Desyncs resolve to link battle behavior from the acting player's perspective.\n|rule|HP Percentage Mod: HP is shown in percentages\n|rule|Endless Battle Clause: Forcing endless battles is banned\n|rule|Sleep Clause Mod: Limit one foe put to sleep\n|rule|Freeze Clause Mod: Limit one foe frozen\n|rule|Species Clause: Limit one of each Pokémon\n|rule|OHKO Clause: OHKO moves are banned\n|rule|Evasion Moves Clause: Evasion moves are banned\n|\n|t:|1787345725\n|teamsize|p1|6\n|teamsize|p2|6\n|start\n|switch|p1a: Gengar|Gengar|100/100\n|switch|p2a: Tauros|Tauros|100/100\n|turn|1\n|c|☆LNumbers|hf\n|c|☆Kaz|hf\n|inactive|LNumbers has 270 seconds left.\n|inactive|LNumbers has 240 seconds left.\n|\n|t:|1787345805\n|switch|p2a: Exeggutor|Exeggutor|100/100\n|move|p1a: Gengar|Hypnosis|p2a: Exeggutor\n|-status|p2a: Exeggutor|slp|[from] move: Hypnosis\n|\n|upkeep\n|turn|2\n|\n|t:|1787345813\n|switch|p2a: Alakazam|Alakazam|100/100\n|move|p1a: Gengar|Night Shade|p2a: Alakazam\n|-damage|p2a: Alakazam|69/100\n|\n|upkeep\n|turn|3\n|\n|t:|1787345833\n|switch|p1a: Chansey|Chansey|100/100\n|move|p2a: Alakazam|Psychic|p1a: Chansey\n|-crit|p1a: Chansey\n|-damage|p1a: Chansey|67/100\n|-unboost|p1a: Chansey|spa|1\n|-unboost|p1a: Chansey|spd|1\n|\n|upkeep\n|turn|4\n|\n|t:|1787345847\n|move|p2a: Alakazam|Thunder Wave|p1a: Chansey\n|-status|p1a: Chansey|par\n|move|p1a: Chansey|Soft-Boiled|p1a: Chansey\n|-heal|p1a: Chansey|100/100 par\n|\n|upkeep\n|turn|5\n|\n|t:|1787345862\n|switch|p2a: Exeggutor|Exeggutor|100/100 slp\n|move|p1a: Chansey|Ice Beam|p2a: Exeggutor\n|-supereffective|p2a: Exeggutor\n|-damage|p2a: Exeggutor|80/100 slp\n|\n|upkeep\n|turn|6\n|\n|t:|1787345866\n|switch|p2a: Tauros|Tauros|100/100\n|cant|p1a: Chansey|par\n|\n|upkeep\n|turn|7\n|\n|t:|1787345881\n|move|p2a: Tauros|Body Slam|p1a: Chansey\n|-crit|p1a: Chansey\n|-damage|p1a: Chansey|22/100 par\n|move|p1a: Chansey|Thunder Wave|p2a: Tauros\n|-status|p2a: Tauros|par\n|\n|upkeep\n|turn|8\n|inactive|Kaz has 270 seconds left.\n|inactive|LNumbers has 270 seconds left.\n|inactive|Kaz has 240 seconds left.\n|inactive|LNumbers has 240 seconds left.\n|inactive|LNumbers has 210 seconds left.\n|\n|t:|1787345977\n|switch|p1a: Gengar|Gengar|100/100\n|move|p2a: Tauros|Body Slam|p1a: Gengar\n|-immune|p1a: Gengar\n|\n|upkeep\n|turn|9\n|inactive|LNumbers has 210 seconds left.\n|inactive|Kaz has 210 seconds left.\n|\n|t:|1787345996\n|switch|p1a: Starmie|Starmie|100/100\n|move|p2a: Tauros|Earthquake|p1a: Starmie\n|-damage|p1a: Starmie|72/100\n|\n|upkeep\n|turn|10\n|inactive|LNumbers has 210 seconds left.\n|\n|t:|1787346016\n|switch|p2a: Alakazam|Alakazam|69/100\n|move|p1a: Starmie|Surf|p2a: Alakazam\n|-damage|p2a: Alakazam|38/100\n|\n|upkeep\n|turn|11\n|inactive|LNumbers has 180 seconds left.\n|inactive|Kaz has 210 seconds left.\n|inactive|LNumbers has 150 seconds left.\n|\n|t:|1787346078\n|move|p2a: Alakazam|Recover|p2a: Alakazam\n|-heal|p2a: Alakazam|88/100\n|move|p1a: Starmie|Thunder Wave|p2a: Alakazam\n|-status|p2a: Alakazam|par\n|\n|upkeep\n|turn|12\n|inactive|LNumbers has 150 seconds left.\n|\n|t:|1787346095\n|move|p1a: Starmie|Surf|p2a: Alakazam\n|-crit|p2a: Alakazam\n|-damage|p2a: Alakazam|34/100 par\n|cant|p2a: Alakazam|par\n|\n|upkeep\n|turn|13\n|inactive|LNumbers has 150 seconds left.\n|\n|t:|1787346117\n|move|p1a: Starmie|Surf|p2a: Alakazam\n|-damage|p2a: Alakazam|5/100 par\n|move|p2a: Alakazam|Thunder Wave|p1a: Starmie\n|-status|p1a: Starmie|par\n|\n|upkeep\n|turn|14\n|\n|t:|1787346129\n|move|p2a: Alakazam|Recover|p2a: Alakazam\n|-heal|p2a: Alakazam|54/100 par\n|cant|p1a: Starmie|par\n|\n|upkeep\n|turn|15\n|\n|t:|1787346135\n|move|p2a: Alakazam|Recover|p2a: Alakazam\n|-heal|p2a: Alakazam|100/100 par\n|cant|p1a: Starmie|par\n|\n|upkeep\n|turn|16\n|inactive|Kaz has 210 seconds left.\n|inactive|LNumbers has 120 seconds left.\n|\n|t:|1787346171\n|cant|p2a: Alakazam|par\n|move|p1a: Starmie|Recover|p1a: Starmie\n|-heal|p1a: Starmie|100/100 par\n|\n|upkeep\n|turn|17\n|inactive|LNumbers has 120 seconds left.\n|\n|t:|1787346178\n|move|p2a: Alakazam|Seismic Toss|p1a: Starmie\n|-damage|p1a: Starmie|70/100 par\n|move|p1a: Starmie|Surf|p2a: Alakazam\n|-damage|p2a: Alakazam|73/100 par\n|\n|upkeep\n|turn|18\n|\n|t:|1787346182\n|cant|p2a: Alakazam|par\n|move|p1a: Starmie|Recover|p1a: Starmie\n|-heal|p1a: Starmie|100/100 par\n|\n|upkeep\n|turn|19\n|\n|t:|1787346186\n|move|p2a: Alakazam|Recover|p2a: Alakazam\n|-heal|p2a: Alakazam|100/100 par\n|move|p1a: Starmie|Surf|p2a: Alakazam\n|-crit|p2a: Alakazam\n|-damage|p2a: Alakazam|48/100 par\n|\n|upkeep\n|turn|20\n|\n|t:|1787346198\n|cant|p2a: Alakazam|par\n|cant|p1a: Starmie|par\n|\n|upkeep\n|turn|21\n|\n|t:|1787346203\n|move|p2a: Alakazam|Recover|p2a: Alakazam\n|-heal|p2a: Alakazam|98/100 par\n|move|p1a: Starmie|Surf|p2a: Alakazam\n|-crit|p2a: Alakazam\n|-damage|p2a: Alakazam|38/100 par\n|\n|upkeep\n|turn|22\n|\n|t:|1787346208\n|switch|p1a: Snorlax|Snorlax|100/100\n|move|p2a: Alakazam|Recover|p2a: Alakazam\n|-heal|p2a: Alakazam|87/100 par\n|\n|upkeep\n|turn|23\n|inactive|Kaz has 270 seconds left.\n|\n|t:|1787346216\n|switch|p2a: Snorlax|Snorlax|100/100\n|move|p1a: Snorlax|Body Slam|p2a: Snorlax\n|-damage|p2a: Snorlax|74/100\n|\n|upkeep\n|turn|24\n|\n|t:|1787346225\n|move|p2a: Snorlax|Reflect|p2a: Snorlax\n|-start|p2a: Snorlax|Reflect\n|move|p1a: Snorlax|Body Slam|p2a: Snorlax\n|-damage|p2a: Snorlax|61/100\n|\n|upkeep\n|turn|25\n|inactive|LNumbers has 180 seconds left.\n|\n|t:|1787346232\n|switch|p1a: Gengar|Gengar|100/100\n|move|p2a: Snorlax|Body Slam|p1a: Gengar\n|-immune|p1a: Gengar\n|\n|upkeep\n|turn|26\n|\n|t:|1787346243\n|move|p1a: Gengar|Psychic|p2a: Snorlax\n|-damage|p2a: Snorlax|41/100\n|move|p2a: Snorlax|Rest|p2a: Snorlax\n|-status|p2a: Snorlax|slp|[from] move: Rest\n|-heal|p2a: Snorlax|100/100 slp|[silent]\n|\n|upkeep\n|turn|27\n|\n|t:|1787346249\n|move|p1a: Gengar|Psychic|p2a: Snorlax\n|-crit|p2a: Snorlax\n|-damage|p2a: Snorlax|58/100 slp\n|-unboost|p2a: Snorlax|spa|1\n|-unboost|p2a: Snorlax|spd|1\n|cant|p2a: Snorlax|slp\n|\n|upkeep\n|turn|28\n|\n|t:|1787346276\n|switch|p1a: Snorlax|Snorlax|100/100\n|-curestatus|p2a: Snorlax|slp|[msg]\n|\n|upkeep\n|turn|29\n|\n|t:|1787346285\n|switch|p1a: Gengar|Gengar|100/100\n|move|p2a: Snorlax|Body Slam|p1a: Gengar\n|-immune|p1a: Gengar\n|\n|upkeep\n|turn|30\n|\n|t:|1787346297\n|switch|p2a: Alakazam|Alakazam|87/100 par\n|move|p1a: Gengar|Psychic|p2a: Alakazam\n|-crit|p2a: Alakazam\n|-resisted|p2a: Alakazam\n|-damage|p2a: Alakazam|68/100 par\n|\n|upkeep\n|turn|31\n|\n|t:|1787346302\n|switch|p1a: Starmie|Starmie|100/100 par\n|cant|p2a: Alakazam|par\n|\n|upkeep\n|turn|32\n|\n|t:|1787346305\n|move|p2a: Alakazam|Recover|p2a: Alakazam\n|-heal|p2a: Alakazam|100/100 par\n|move|p1a: Starmie|Surf|p2a: Alakazam\n|-damage|p2a: Alakazam|70/100 par\n|\n|upkeep\n|turn|33\n|\n|t:|1787346308\n|move|p2a: Alakazam|Seismic Toss|p1a: Starmie\n|-damage|p1a: Starmie|70/100 par\n|move|p1a: Starmie|Surf|p2a: Alakazam\n|-damage|p2a: Alakazam|38/100 par\n|\n|upkeep\n|turn|34\n|\n|t:|1787346320\n|move|p2a: Alakazam|Recover|p2a: Alakazam\n|-heal|p2a: Alakazam|88/100 par\n|move|p1a: Starmie|Recover|p1a: Starmie\n|-heal|p1a: Starmie|100/100 par\n|\n|upkeep\n|turn|35\n|\n|t:|1787346325\n|move|p2a: Alakazam|Seismic Toss|p1a: Starmie\n|-damage|p1a: Starmie|70/100 par\n|move|p1a: Starmie|Surf|p2a: Alakazam\n|-damage|p2a: Alakazam|61/100 par\n|\n|upkeep\n|turn|36\n|\n|t:|1787346337\n|move|p2a: Alakazam|Recover|p2a: Alakazam\n|-heal|p2a: Alakazam|100/100 par\n|move|p1a: Starmie|Recover|p1a: Starmie\n|-heal|p1a: Starmie|100/100 par\n|\n|upkeep\n|turn|37\n|\n|t:|1787346340\n|move|p2a: Alakazam|Seismic Toss|p1a: Starmie\n|-damage|p1a: Starmie|70/100 par\n|move|p1a: Starmie|Surf|p2a: Alakazam\n|-damage|p2a: Alakazam|72/100 par\n|\n|upkeep\n|turn|38\n|inactive|LNumbers has 240 seconds left.\n|\n|t:|1787346348\n|cant|p2a: Alakazam|par\n|cant|p1a: Starmie|par\n|\n|upkeep\n|turn|39\n|\n|t:|1787346361\n|move|p2a: Alakazam|Recover|p2a: Alakazam\n|-heal|p2a: Alakazam|100/100 par\n|move|p1a: Starmie|Recover|p1a: Starmie\n|-heal|p1a: Starmie|100/100 par\n|\n|upkeep\n|turn|40\n|\n|t:|1787346365\n|move|p2a: Alakazam|Seismic Toss|p1a: Starmie\n|-damage|p1a: Starmie|70/100 par\n|move|p1a: Starmie|Surf|p2a: Alakazam\n|-damage|p2a: Alakazam|70/100 par\n|\n|upkeep\n|turn|41\n|\n|t:|1787346381\n|move|p2a: Alakazam|Recover|p2a: Alakazam\n|-heal|p2a: Alakazam|100/100 par\n|move|p1a: Starmie|Recover|p1a: Starmie\n|-heal|p1a: Starmie|100/100 par\n|\n|upkeep\n|turn|42\n|\n|t:|1787346387\n|move|p2a: Alakazam|Seismic Toss|p1a: Starmie\n|-damage|p1a: Starmie|70/100 par\n|move|p1a: Starmie|Surf|p2a: Alakazam\n|-damage|p2a: Alakazam|71/100 par\n|\n|upkeep\n|turn|43\n|\n|t:|1787346399\n|move|p2a: Alakazam|Recover|p2a: Alakazam\n|-heal|p2a: Alakazam|100/100 par\n|cant|p1a: Starmie|par\n|\n|upkeep\n|turn|44\n|\n|t:|1787346406\n|switch|p2a: Zapdos|Zapdos|100/100\n|move|p1a: Starmie|Recover|p1a: Starmie\n|-heal|p1a: Starmie|100/100 par\n|\n|upkeep\n|turn|45\n|\n|t:|1787346431\n|switch|p1a: Chansey|Chansey|22/100 par\n|move|p2a: Zapdos|Thunderbolt|p1a: Chansey\n|-damage|p1a: Chansey|4/100 par\n|\n|upkeep\n|turn|46\n|\n|t:|1787346435\n|move|p2a: Zapdos|Drill Peck|p1a: Chansey\n|-damage|p1a: Chansey|0 fnt\n|faint|p1a: Chansey\n|\n|t:|1787346439\n|switch|p1a: Snorlax|Snorlax|100/100\n|turn|47\n|inactive|LNumbers has 270 seconds left.\n|inactive|LNumbers has 240 seconds left.\n|inactive|LNumbers has 210 seconds left.\n|\n|t:|1787346518\n|move|p2a: Zapdos|Thunder Wave|p1a: Snorlax\n|-status|p1a: Snorlax|par\n|move|p1a: Snorlax|Body Slam|p2a: Zapdos\n|-damage|p2a: Zapdos|68/100\n|\n|upkeep\n|turn|48\n|\n|t:|1787346534\n|switch|p2a: Snorlax|Snorlax|58/100\n|move|p1a: Snorlax|Body Slam|p2a: Snorlax\n|-damage|p2a: Snorlax|33/100\n|\n|upkeep\n|turn|49\n|inactive|Kaz has 270 seconds left.\n|\n|t:|1787346560\n|switch|p1a: Tauros|Tauros|100/100\n|move|p2a: Snorlax|Rest|p2a: Snorlax\n|-status|p2a: Snorlax|slp|[from] move: Rest\n|-heal|p2a: Snorlax|100/100 slp|[silent]\n|\n|upkeep\n|turn|50\n|\n|t:|1787346563\n|move|p1a: Tauros|Body Slam|p2a: Snorlax\n|-damage|p2a: Snorlax|74/100 slp\n|cant|p2a: Snorlax|slp\n|\n|upkeep\n|turn|51\n|\n|t:|1787346565\n|move|p1a: Tauros|Body Slam|p2a: Snorlax\n|-crit|p2a: Snorlax\n|-damage|p2a: Snorlax|29/100 slp\n|-curestatus|p2a: Snorlax|slp|[msg]\n|\n|upkeep\n|turn|52\n|inactive|LNumbers has 210 seconds left.\n|\n|t:|1787346583\n|switch|p1a: Gengar|Gengar|100/100\n|switch|p2a: Lapras|Lapras|100/100\n|\n|upkeep\n|turn|53\n|inactive|LNumbers has 180 seconds left.\n|inactive|Kaz has 270 seconds left.\n|inactive|Kaz has 240 seconds left.\n|inactive|LNumbers has 150 seconds left.\n|inactive|LNumbers has 120 seconds left.\n|inactive|LNumbers has 90 seconds left.\n|inactive|LNumbers has 60 seconds left.\n|\n|t:|1787346753\n|switch|p2a: Alakazam|Alakazam|100/100 par\n|move|p1a: Gengar|Night Shade|p2a: Alakazam\n|-damage|p2a: Alakazam|69/100 par\n|\n|upkeep\n|turn|54\n|inactive|LNumbers has 60 seconds left.\n|inactive|Kaz has 210 seconds left.\n|\n|t:|1787346793\n|move|p1a: Gengar|Night Shade|p2a: Alakazam\n|-damage|p2a: Alakazam|37/100 par\n|move|p2a: Alakazam|Psychic|p1a: Gengar\n|-crit|p1a: Gengar\n|-supereffective|p1a: Gengar\n|-damage|p1a: Gengar|0 fnt\n|faint|p1a: Gengar\n|\n|t:|1787346796\n|switch|p1a: Tauros|Tauros|100/100\n|turn|55\n|inactive|LNumbers has 60 seconds left.\n|inactive|LNumbers has 30 seconds left.\n|inactive|LNumbers has 20 seconds left.\n|inactive|LNumbers has 15 seconds left.\n|inactive|LNumbers has 10 seconds left.\n|inactive|LNumbers has 5 seconds left.\n|\n|t:|1787346862\n|move|p1a: Tauros|Body Slam|p2a: Alakazam\n|-damage|p2a: Alakazam|0 fnt\n|faint|p2a: Alakazam\n|inactive|LNumbers has 10 seconds left this turn.\n|\n|t:|1787346864\n|switch|p2a: Lapras|Lapras|100/100\n|turn|56\n|inactive|LNumbers has 20 seconds left this turn.\n|inactive|LNumbers has 15 seconds left.\n|inactive|LNumbers has 10 seconds left.\n|inactive|LNumbers has 5 seconds left.\n|\n|t:|1787346882\n|switch|p1a: Starmie|Starmie|100/100 par\n|move|p2a: Lapras|Blizzard|p1a: Starmie\n|-resisted|p1a: Starmie\n|-damage|p1a: Starmie|80/100 par\n|\n|upkeep\n|turn|57\n|inactive|LNumbers has 15 seconds left this turn.\n|inactive|LNumbers has 10 seconds left.\n|inactive|LNumbers has 5 seconds left.\n|\n|t:|1787346894\n|switch|p2a: Exeggutor|Exeggutor|80/100 slp\n|move|p1a: Starmie|Thunder Wave|p2a: Exeggutor\n|-fail|p2a: Exeggutor\n|\n|upkeep\n|turn|58\n|inactive|LNumbers has 15 seconds left this turn.\n|inactive|LNumbers has 10 seconds left.\n|inactive|Kaz has 240 seconds left.\n|inactive|LNumbers has 5 seconds left.\n|\n|t:|1787346913\n|switch|p2a: Lapras|Lapras|100/100\n|move|p1a: Starmie|Recover|p1a: Starmie\n|-heal|p1a: Starmie|100/100 par\n|\n|upkeep\n|turn|59\n|inactive|LNumbers has 15 seconds left this turn.\n|inactive|Kaz has 240 seconds left.\n|inactive|LNumbers has 10 seconds left.\n|\n|t:|1787346922\n|switch|p2a: Exeggutor|Exeggutor|80/100 slp\n|move|p1a: Starmie|Thunder Wave|p2a: Exeggutor\n|-fail|p2a: Exeggutor\n|\n|upkeep\n|turn|60\n|inactive|LNumbers has 20 seconds left this turn.\n|inactive|LNumbers has 15 seconds left.\n|inactive|LNumbers has 10 seconds left.\n|inactive|Kaz has 240 seconds left.\n|inactive|LNumbers has 5 seconds left.\n|\n|t:|1787346940\n|cant|p2a: Exeggutor|slp\n|cant|p1a: Starmie|par\n|\n|upkeep\n|turn|61\n|inactive|LNumbers has 15 seconds left this turn.\n|inactive|LNumbers has 10 seconds left.\n|inactive|LNumbers has 5 seconds left.\n|\n|t:|1787346953\n|cant|p2a: Exeggutor|slp\n|move|p1a: Starmie|Blizzard|p2a: Exeggutor\n|-supereffective|p2a: Exeggutor\n|-damage|p2a: Exeggutor|41/100 slp\n|\n|upkeep\n|turn|62\n|inactive|LNumbers has 15 seconds left this turn.\n|inactive|LNumbers has 10 seconds left.\n|inactive|LNumbers has 5 seconds left.\n|inactive|Kaz has 240 seconds left.\n|\n|t:|1787346993\n|cant|p2a: Exeggutor|slp\n|move|p1a: Starmie|Blizzard|p2a: Exeggutor\n|-supereffective|p2a: Exeggutor\n|-damage|p2a: Exeggutor|4/100 slp\n|\n|upkeep\n|turn|63\n|inactive|LNumbers has 15 seconds left this turn.\n|inactive|Kaz has 210 seconds left.\n|\n|t:|1787347015\n|switch|p2a: Lapras|Lapras|100/100\n|move|p1a: Starmie|Surf|p2a: Lapras\n|-resisted|p2a: Lapras\n|-damage|p2a: Lapras|88/100\n|\n|upkeep\n|turn|64\n|inactive|LNumbers has 25 seconds left this turn.\n|\n|t:|1787347024\n|move|p2a: Lapras|Thunderbolt|p1a: Starmie\n|-supereffective|p1a: Starmie\n|-damage|p1a: Starmie|53/100 par\n|move|p1a: Starmie|Thunder Wave|p2a: Lapras\n|-status|p2a: Lapras|par\n|\n|upkeep\n|turn|65\n|inactive|LNumbers has 30 seconds left.\n|inactive|Kaz has 210 seconds left.\n|\n|t:|1787347056\n|move|p1a: Starmie|Recover|p1a: Starmie\n|-heal|p1a: Starmie|100/100 par\n|move|p2a: Lapras|Thunderbolt|p1a: Starmie\n|-supereffective|p1a: Starmie\n|-damage|p1a: Starmie|58/100 par\n|\n|upkeep\n|turn|66\n|inactive|Kaz has 180 seconds left.\n|\n|t:|1787347094\n|move|p1a: Starmie|Recover|p1a: Starmie\n|-heal|p1a: Starmie|100/100 par\n|move|p2a: Lapras|Thunderbolt|p1a: Starmie\n|-supereffective|p1a: Starmie\n|-damage|p1a: Starmie|52/100 par\n|\n|upkeep\n|turn|67\n|\n|t:|1787347107\n|switch|p1a: Snorlax|Snorlax|100/100 par\n|move|p2a: Lapras|Thunderbolt|p1a: Snorlax\n|-damage|p1a: Snorlax|84/100 par\n|\n|upkeep\n|turn|68\n|inactive|LNumbers has 30 seconds left.\n|inactive|LNumbers has 20 seconds left.\n|inactive|LNumbers has 15 seconds left.\n|inactive|LNumbers has 10 seconds left.\n|inactive|LNumbers has 5 seconds left.\n|\n|t:|1787347159\n|switch|p2a: Exeggutor|Exeggutor|4/100 slp\n|cant|p1a: Snorlax|par\n|\n|upkeep\n|turn|69\n|inactive|LNumbers has 15 seconds left this turn.\n|\n|t:|1787347165\n|switch|p1a: Tauros|Tauros|100/100\n|cant|p2a: Exeggutor|slp\n|\n|upkeep\n|turn|70\n|inactive|LNumbers has 25 seconds left this turn.\n|\n|t:|1787347169\n|move|p1a: Tauros|Body Slam|p2a: Exeggutor\n|-damage|p2a: Exeggutor|0 fnt\n|faint|p2a: Exeggutor\n|inactive|LNumbers has 30 seconds left this turn.\n|inactive|LNumbers has 20 seconds left.\n|inactive|LNumbers has 15 seconds left.\n|inactive|LNumbers has 10 seconds left.\n|inactive|LNumbers has 5 seconds left.\n|\n|t:|1787347199\n|switch|p2a: Tauros|Tauros|100/100 par\n|turn|71\n|inactive|LNumbers has 15 seconds left this turn.\n|\n|t:|1787347203\n|switch|p1a: Starmie|Starmie|52/100 par\n|move|p2a: Tauros|Body Slam|p1a: Starmie\n|-damage|p1a: Starmie|19/100 par\n|\n|upkeep\n|turn|72\n|inactive|LNumbers has 25 seconds left this turn.\n|inactive|LNumbers has 20 seconds left.\n|inactive|LNumbers has 15 seconds left.\n|inactive|LNumbers has 10 seconds left.\n|\n|t:|1787347226\n|switch|p2a: Lapras|Lapras|88/100 par\n|move|p1a: Starmie|Surf|p2a: Lapras\n|-resisted|p2a: Lapras\n|-damage|p2a: Lapras|75/100 par\n|\n|upkeep\n|turn|73\n|inactive|LNumbers has 20 seconds left this turn.\n|inactive|LNumbers has 15 seconds left.\n|\n|t:|1787347235\n|cant|p1a: Starmie|par\n|cant|p2a: Lapras|par\n|\n|upkeep\n|turn|74\n|inactive|LNumbers has 25 seconds left this turn.\n|inactive|Kaz has 180 seconds left.\n|\n|t:|1787347290\n|move|p1a: Starmie|Surf|p2a: Lapras\n|-resisted|p2a: Lapras\n|-damage|p2a: Lapras|62/100 par\n|move|p2a: Lapras|Thunderbolt|p1a: Starmie\n|-supereffective|p1a: Starmie\n|-damage|p1a: Starmie|0 fnt\n|faint|p1a: Starmie\n|inactive|Kaz has 150 seconds left.\n|\n|t:|1787347303\n|switch|p1a: Snorlax|Snorlax|84/100 par\n|turn|75\n|inactive|Kaz has 150 seconds left.\n|inactive|LNumbers has 30 seconds left.\n|\n|t:|1787347318\n|switch|p2a: Snorlax|Snorlax|29/100\n|move|p1a: Snorlax|Body Slam|p2a: Snorlax\n|-damage|p2a: Snorlax|1/100\n|\n|upkeep\n|turn|76\n|inactive|Kaz has 150 seconds left.\n|inactive|LNumbers has 30 seconds left.\n|\n|t:|1787347334\n|move|p2a: Snorlax|Self-Destruct|p1a: Snorlax\n|-damage|p1a: Snorlax|6/100 par\n|faint|p2a: Snorlax\n|inactive|LNumbers has 30 seconds left.\n|\n|t:|1787347347\n|switch|p2a: Zapdos|Zapdos|68/100\n|turn|77\n|inactive|LNumbers has 30 seconds left.\n|\n|t:|1787347357\n|move|p2a: Zapdos|Drill Peck|p1a: Snorlax\n|-damage|p1a: Snorlax|0 fnt\n|faint|p1a: Snorlax\n|\n|t:|1787347360\n|switch|p1a: Tauros|Tauros|100/100\n|turn|78\n|inactive|LNumbers has 30 seconds left.\n|inactive|LNumbers has 20 seconds left.\n|inactive|LNumbers has 15 seconds left.\n|inactive|LNumbers has 10 seconds left.\n|inactive|LNumbers has 5 seconds left.\n|\n|t:|1787347404\n|move|p1a: Tauros|Body Slam|p2a: Zapdos\n|-damage|p2a: Zapdos|38/100\n|move|p2a: Zapdos|Thunder Wave|p1a: Tauros\n|-status|p1a: Tauros|par\n|\n|upkeep\n|turn|79\n|inactive|LNumbers has 15 seconds left this turn.\n|inactive|LNumbers has 10 seconds left.\n|\n|t:|1787347418\n|switch|p2a: Tauros|Tauros|100/100 par\n|move|p1a: Tauros|Hyper Beam|p2a: Tauros\n|-damage|p2a: Tauros|50/100 par\n|-mustrecharge|p1a: Tauros\n|\n|upkeep\n|turn|80\n|inactive|LNumbers has 20 seconds left this turn.\n|inactive|LNumbers has 15 seconds left.\n|inactive|LNumbers has 10 seconds left.\n|inactive|LNumbers has 5 seconds left.\n|\n|t:|1787347435\n|cant|p1a: Tauros|recharge\n|move|p2a: Tauros|Body Slam|p1a: Tauros\n|-crit|p1a: Tauros\n|-damage|p1a: Tauros|40/100 par\n|\n|upkeep\n|turn|81\n|inactive|LNumbers has 15 seconds left this turn.\n|\n|t:|1787347450\n|move|p2a: Tauros|Hyper Beam|p1a: Tauros\n|-crit|p1a: Tauros\n|-damage|p1a: Tauros|0 fnt\n|faint|p1a: Tauros\n|inactive|Kaz has 180 seconds left.\n|\n|t:|1787347485\n|switch|p1a: Venusaur|Venusaur|100/100\n|turn|82\n|inactive|LNumbers has 30 seconds left this turn.\n|inactive|LNumbers has 20 seconds left.\n|inactive|LNumbers has 15 seconds left.\n|inactive|LNumbers has 10 seconds left.\n|inactive|LNumbers has 5 seconds left.\n|\n|t:|1787347512\n|move|p1a: Venusaur|Swords Dance|p1a: Venusaur\n|-boost|p1a: Venusaur|atk|2\n|move|p2a: Tauros|Hyper Beam|p1a: Venusaur\n|-damage|p1a: Venusaur|49/100\n|-mustrecharge|p2a: Tauros\n|\n|upkeep\n|turn|83\n|inactive|LNumbers has 15 seconds left this turn.\n|\n|t:|1787347535\n|move|p1a: Venusaur|Hyper Beam|p2a: Tauros\n|-damage|p2a: Tauros|0 fnt\n|faint|p2a: Tauros\n|inactive|LNumbers has 20 seconds left this turn.\n|\n|t:|1787347540\n|switch|p2a: Zapdos|Zapdos|38/100\n|turn|84\n|inactive|LNumbers has 30 seconds left this turn.\n|\n|t:|1787347543\n|move|p2a: Zapdos|Drill Peck|p1a: Venusaur\n|-supereffective|p1a: Venusaur\n|-damage|p1a: Venusaur|0 fnt\n|faint|p1a: Venusaur\n|\n|win|LNumbers\n|c|☆Kaz|gg\n|c|☆LNumbers|gg\n|player|p1|\n|c|☆LNumbers|/log LNumbers made the replay of this battle unlisted.\n|player|p2|\n","uploadtime":1787347543,"views":"83","formatid":"gen1ou","rating":null,"private":2,"password":null}