{"id":"smogtours-gen1ou-815856","format":"[Gen 1] OU","players":["chuva de perereca","Prinz"],"log":"|inactive|Battle timer is ON: inactive players will automatically lose when time's up.\n|t:|1737818217\n|gametype|singles\n|player|p1|chuva de perereca|lyra|\n|player|p2|Prinz|baker|\n|teamsize|p1|6\n|teamsize|p2|6\n|gen|1\n|tier|[Gen 1] OU\n|rule|Desync Clause Mod: Desyncs changed to move failure.\n|rule|Sleep Clause Mod: Limit one foe put to sleep\n|rule|Freeze Clause Mod: Limit one foe frozen\n|rule|Species Clause: Limit one of each Pokémon\n|rule|OHKO Clause: OHKO moves are banned\n|rule|Evasion Moves Clause: Evasion moves are banned\n|rule|Endless Battle Clause: Forcing endless battles is banned\n|rule|HP Percentage Mod: HP is shown in percentages\n|\n|t:|1737818217\n|start\n|switch|p1a: Jynx|Jynx|100/100\n|switch|p2a: Starmie|Starmie|100/100\n|turn|1\n|c|☆chuva de perereca|hf\n|c|☆Prinz|u2\n|\n|t:|1737818241\n|switch|p1a: Chansey|Chansey|100/100\n|move|p2a: Starmie|Thunder Wave|p1a: Chansey\n|-status|p1a: Chansey|par\n|\n|upkeep\n|turn|2\n|rated|Smogon Premier League\n|\n|t:|1737818258\n|move|p2a: Starmie|Psychic|p1a: Chansey\n|-damage|p1a: Chansey|87/100 par\n|-unboost|p1a: Chansey|spa|1\n|-unboost|p1a: Chansey|spd|1\n|move|p1a: Chansey|Sing|p2a: Starmie|[miss]\n|-miss|p1a: Chansey\n|\n|upkeep\n|turn|3\n|\n|t:|1737818266\n|move|p2a: Starmie|Psychic|p1a: Chansey\n|-damage|p1a: Chansey|65/100 par\n|move|p1a: Chansey|Soft-Boiled|p1a: Chansey\n|-heal|p1a: Chansey|100/100 par\n|\n|upkeep\n|turn|4\n|\n|t:|1737818273\n|move|p2a: Starmie|Psychic|p1a: Chansey\n|-damage|p1a: Chansey|80/100 par\n|cant|p1a: Chansey|par\n|\n|upkeep\n|turn|5\n|\n|t:|1737818278\n|move|p2a: Starmie|Psychic|p1a: Chansey\n|-crit|p1a: Chansey\n|-damage|p1a: Chansey|53/100 par\n|move|p1a: Chansey|Soft-Boiled|p1a: Chansey\n|-heal|p1a: Chansey|100/100 par\n|\n|upkeep\n|turn|6\n|\n|t:|1737818282\n|move|p2a: Starmie|Psychic|p1a: Chansey\n|-damage|p1a: Chansey|79/100 par\n|move|p1a: Chansey|Sing|p2a: Starmie\n|-status|p2a: Starmie|slp|[from] move: Sing\n|\n|upkeep\n|turn|7\n|c|+RADU|GO PRINZ\n|\n|t:|1737818292\n|switch|p2a: Snorlax|Snorlax|100/100\n|cant|p1a: Chansey|par\n|\n|upkeep\n|turn|8\n|\n|t:|1737818298\n|switch|p1a: Snorlax|Snorlax|100/100\n|move|p2a: Snorlax|Earthquake|p1a: Snorlax\n|-damage|p1a: Snorlax|79/100\n|\n|upkeep\n|turn|9\n|raw|<div class=\"broadcast-red\"><strong>Moderated chat was set to ☆!</strong><br />Only users of rank ☆ and higher can talk.</div>\n|\n|t:|1737818304\n|move|p2a: Snorlax|Reflect|p2a: Snorlax\n|-start|p2a: Snorlax|Reflect\n|move|p1a: Snorlax|Reflect|p1a: Snorlax\n|-start|p1a: Snorlax|Reflect\n|\n|upkeep\n|turn|10\n|\n|t:|1737818308\n|move|p2a: Snorlax|Body Slam|p1a: Snorlax\n|-damage|p1a: Snorlax|66/100\n|move|p1a: Snorlax|Body Slam|p2a: Snorlax\n|-damage|p2a: Snorlax|87/100\n|\n|upkeep\n|turn|11\n|\n|t:|1737818313\n|move|p1a: Snorlax|Body Slam|p2a: Snorlax\n|-damage|p2a: Snorlax|73/100\n|move|p2a: Snorlax|Body Slam|p1a: Snorlax\n|-damage|p1a: Snorlax|52/100\n|\n|upkeep\n|turn|12\n|\n|t:|1737818339\n|switch|p2a: Gengar|Gengar|100/100\n|move|p1a: Snorlax|Body Slam|p2a: Gengar\n|-immune|p2a: Gengar\n|\n|upkeep\n|turn|13\n|\n|t:|1737818349\n|switch|p1a: Chansey|Chansey|79/100 par\n|move|p2a: Gengar|Thunderbolt|p1a: Chansey\n|-damage|p1a: Chansey|67/100 par\n|\n|upkeep\n|turn|14\n|\n|t:|1737818360\n|switch|p2a: Snorlax|Snorlax|73/100\n|move|p1a: Chansey|Thunder Wave|p2a: Snorlax\n|-status|p2a: Snorlax|par\n|\n|upkeep\n|turn|15\n|\n|t:|1737818364\n|switch|p1a: Snorlax|Snorlax|52/100\n|move|p2a: Snorlax|Body Slam|p1a: Snorlax\n|-damage|p1a: Snorlax|24/100\n|\n|upkeep\n|turn|16\n|\n|t:|1737818370\n|switch|p2a: Tauros|Tauros|100/100\n|move|p1a: Snorlax|Rest|p1a: Snorlax\n|-status|p1a: Snorlax|slp|[from] move: Rest\n|-heal|p1a: Snorlax|100/100 slp|[silent]\n|\n|upkeep\n|turn|17\n|\n|t:|1737818373\n|move|p2a: Tauros|Body Slam|p1a: Snorlax\n|-crit|p1a: Snorlax\n|-damage|p1a: Snorlax|53/100 slp\n|cant|p1a: Snorlax|slp\n|\n|upkeep\n|turn|18\n|\n|t:|1737818375\n|move|p2a: Tauros|Body Slam|p1a: Snorlax\n|-damage|p1a: Snorlax|30/100 slp\n|-curestatus|p1a: Snorlax|slp|[msg]\n|\n|upkeep\n|turn|19\n|\n|t:|1737818383\n|move|p2a: Tauros|Body Slam|p1a: Snorlax\n|-crit|p1a: Snorlax\n|-damage|p1a: Snorlax|0 fnt\n|faint|p1a: Snorlax\n|\n|t:|1737818389\n|switch|p1a: Tauros|Tauros|100/100\n|turn|20\n|\n|t:|1737818395\n|move|p1a: Tauros|Body Slam|p2a: Tauros\n|-damage|p2a: Tauros|74/100\n|move|p2a: Tauros|Body Slam|p1a: Tauros\n|-damage|p1a: Tauros|70/100\n|\n|upkeep\n|turn|21\n|\n|t:|1737818399\n|move|p2a: Tauros|Body Slam|p1a: Tauros\n|-damage|p1a: Tauros|40/100\n|move|p1a: Tauros|Body Slam|p2a: Tauros\n|-damage|p2a: Tauros|45/100\n|\n|upkeep\n|turn|22\n|\n|t:|1737818428\n|switch|p1a: Exeggutor|Exeggutor|100/100\n|switch|p2a: Exeggutor|Exeggutor|100/100\n|\n|upkeep\n|turn|23\n|\n|t:|1737818441\n|switch|p1a: Chansey|Chansey|67/100 par\n|move|p2a: Exeggutor|Psychic|p1a: Chansey\n|-crit|p1a: Chansey\n|-damage|p1a: Chansey|35/100 par\n|-unboost|p1a: Chansey|spa|1\n|-unboost|p1a: Chansey|spd|1\n|\n|upkeep\n|turn|24\n|\n|t:|1737818452\n|switch|p2a: Snorlax|Snorlax|73/100 par\n|move|p1a: Chansey|Soft-Boiled|p1a: Chansey\n|-heal|p1a: Chansey|85/100 par\n|\n|upkeep\n|turn|25\n|\n|t:|1737818457\n|switch|p1a: Exeggutor|Exeggutor|100/100\n|move|p2a: Snorlax|Body Slam|p1a: Exeggutor\n|-damage|p1a: Exeggutor|68/100\n|-status|p1a: Exeggutor|par\n|\n|upkeep\n|turn|26\n|\n|t:|1737818470\n|cant|p1a: Exeggutor|par\n|move|p2a: Snorlax|Body Slam|p1a: Exeggutor\n|-damage|p1a: Exeggutor|39/100 par\n|\n|upkeep\n|turn|27\n|\n|t:|1737818476\n|move|p1a: Exeggutor|Psychic|p2a: Snorlax\n|-damage|p2a: Snorlax|40/100 par\n|move|p2a: Snorlax|Body Slam|p1a: Exeggutor\n|-damage|p1a: Exeggutor|11/100 par\n|\n|upkeep\n|turn|28\n|\n|t:|1737818496\n|move|p1a: Exeggutor|Explosion|p2a: Snorlax\n|-damage|p2a: Snorlax|0 fnt\n|faint|p2a: Snorlax\n|faint|p1a: Exeggutor\n|\n|t:|1737818516\n|switch|p1a: Tauros|Tauros|40/100\n|switch|p2a: Gengar|Gengar|100/100\n|turn|29\n|\n|t:|1737818526\n|move|p2a: Gengar|Thunderbolt|p1a: Tauros\n|-damage|p1a: Tauros|9/100\n|move|p1a: Tauros|Earthquake|p2a: Gengar\n|-supereffective|p2a: Gengar\n|-damage|p2a: Gengar|31/100\n|\n|upkeep\n|turn|30\n|\n|t:|1737818542\n|switch|p2a: Exeggutor|Exeggutor|100/100\n|move|p1a: Tauros|Earthquake|p2a: Exeggutor\n|-resisted|p2a: Exeggutor\n|-damage|p2a: Exeggutor|89/100\n|\n|upkeep\n|turn|31\n|inactive|Prinz has 270 seconds left.\n|\n|t:|1737818571\n|switch|p1a: Jynx|Jynx|100/100\n|move|p2a: Exeggutor|Explosion|p1a: Jynx\n|-damage|p1a: Jynx|0 fnt\n|faint|p1a: Jynx\n|faint|p2a: Exeggutor\n|inactive|Prinz has 270 seconds left.\n|inactive|chuva de perereca has 270 seconds left.\n|\n|t:|1737818611\n|switch|p1a: Tauros|Tauros|9/100\n|switch|p2a: Chansey|Chansey|100/100\n|turn|32\n|\n|t:|1737818630\n|switch|p1a: Chansey|Chansey|85/100 par\n|move|p2a: Chansey|Ice Beam|p1a: Chansey\n|-damage|p1a: Chansey|75/100 par\n|\n|upkeep\n|turn|33\n|\n|t:|1737818647\n|switch|p2a: Tauros|Tauros|45/100\n|move|p1a: Chansey|Thunder Wave|p2a: Tauros\n|-status|p2a: Tauros|par\n|\n|upkeep\n|turn|34\n|inactive|chuva de perereca has 270 seconds left.\n|\n|t:|1737818661\n|switch|p1a: Zapdos|Zapdos|100/100\n|move|p2a: Tauros|Body Slam|p1a: Zapdos\n|-crit|p1a: Zapdos\n|-damage|p1a: Zapdos|45/100\n|\n|upkeep\n|turn|35\n|inactive|chuva de perereca has 270 seconds left.\n|inactive|Prinz has 270 seconds left.\n|\n|t:|1737818696\n|switch|p2a: Chansey|Chansey|100/100\n|move|p1a: Zapdos|Drill Peck|p2a: Chansey\n|-damage|p2a: Chansey|67/100\n|\n|upkeep\n|turn|36\n|\n|t:|1737818709\n|move|p1a: Zapdos|Drill Peck|p2a: Chansey\n|-damage|p2a: Chansey|32/100\n|move|p2a: Chansey|Thunder Wave|p1a: Zapdos\n|-status|p1a: Zapdos|par\n|\n|upkeep\n|turn|37\n|\n|t:|1737818715\n|move|p2a: Chansey|Soft-Boiled|p2a: Chansey\n|-heal|p2a: Chansey|81/100\n|move|p1a: Zapdos|Thunder Wave|p2a: Chansey\n|-status|p2a: Chansey|par\n|\n|upkeep\n|turn|38\n|\n|t:|1737818726\n|move|p1a: Zapdos|Drill Peck|p2a: Chansey\n|-damage|p2a: Chansey|48/100 par\n|move|p2a: Chansey|Soft-Boiled|p2a: Chansey\n|-heal|p2a: Chansey|98/100 par\n|\n|upkeep\n|turn|39\n|\n|t:|1737818731\n|move|p1a: Zapdos|Drill Peck|p2a: Chansey\n|-damage|p2a: Chansey|67/100 par\n|cant|p2a: Chansey|par\n|\n|upkeep\n|turn|40\n|\n|t:|1737818734\n|move|p1a: Zapdos|Drill Peck|p2a: Chansey\n|-crit|p2a: Chansey\n|-damage|p2a: Chansey|0 fnt\n|faint|p2a: Chansey\n|\n|t:|1737818742\n|switch|p2a: Tauros|Tauros|45/100 par\n|turn|41\n|inactive|chuva de perereca has 270 seconds left.\n|inactive|chuva de perereca has 240 seconds left.\n|inactive|chuva de perereca has 210 seconds left.\n|inactive|chuva de perereca has 180 seconds left.\n|\n|t:|1737818877\n|switch|p1a: Chansey|Chansey|75/100 par\n|cant|p2a: Tauros|par\n|\n|upkeep\n|turn|42\n|\n|t:|1737818886\n|move|p2a: Tauros|Body Slam|p1a: Chansey\n|-damage|p1a: Chansey|38/100 par\n|move|p1a: Chansey|Seismic Toss|p2a: Tauros\n|-damage|p2a: Tauros|17/100 par\n|\n|upkeep\n|turn|43\n|inactive|Prinz has 270 seconds left.\n|\n|t:|1737818910\n|move|p2a: Tauros|Hyper Beam|p1a: Chansey|[miss]\n|-miss|p2a: Tauros\n|move|p1a: Chansey|Seismic Toss|p2a: Tauros\n|-damage|p2a: Tauros|0 fnt\n|faint|p2a: Tauros\n|inactive|Prinz has 270 seconds left.\n|\n|t:|1737818926\n|switch|p2a: Gengar|Gengar|31/100\n|turn|44\n|inactive|chuva de perereca has 180 seconds left.\n|\n|t:|1737818947\n|move|p2a: Gengar|Psychic|p1a: Chansey\n|-damage|p1a: Chansey|26/100 par\n|move|p1a: Chansey|Soft-Boiled|p1a: Chansey\n|-heal|p1a: Chansey|76/100 par\n|\n|upkeep\n|turn|45\n|\n|t:|1737818954\n|move|p2a: Gengar|Explosion|p1a: Chansey\n|-damage|p1a: Chansey|3/100 par\n|faint|p2a: Gengar\n|\n|t:|1737818956\n|switch|p2a: Starmie|Starmie|100/100 slp\n|turn|46\n|\n|t:|1737818958\n|cant|p2a: Starmie|slp\n|move|p1a: Chansey|Soft-Boiled|p1a: Chansey\n|-heal|p1a: Chansey|53/100 par\n|\n|upkeep\n|turn|47\n|\n|t:|1737818961\n|cant|p2a: Starmie|slp\n|move|p1a: Chansey|Soft-Boiled|p1a: Chansey\n|-heal|p1a: Chansey|100/100 par\n|\n|upkeep\n|turn|48\n|\n|t:|1737818964\n|cant|p2a: Starmie|slp\n|move|p1a: Chansey|Seismic Toss|p2a: Starmie\n|-damage|p2a: Starmie|70/100 slp\n|\n|upkeep\n|turn|49\n|\n|t:|1737818966\n|cant|p2a: Starmie|slp\n|move|p1a: Chansey|Seismic Toss|p2a: Starmie\n|-damage|p2a: Starmie|39/100 slp\n|\n|upkeep\n|turn|50\n|\n|t:|1737818968\n|cant|p2a: Starmie|slp\n|move|p1a: Chansey|Seismic Toss|p2a: Starmie\n|-damage|p2a: Starmie|8/100 slp\n|\n|upkeep\n|turn|51\n|\n|t:|1737818970\n|-curestatus|p2a: Starmie|slp|[msg]\n|move|p1a: Chansey|Seismic Toss|p2a: Starmie\n|-damage|p2a: Starmie|0 fnt\n|faint|p2a: Starmie\n|\n|win|chuva de perereca\n|c|☆Prinz|Gg\n|c|☆chuva de perereca|gg\n|player|p1|\n","uploadtime":1737818970,"views":"2287","formatid":"gen1ou","rating":null,"private":0,"password":null}