{"id":"smogtours-gen1ou-902682","format":"[Gen 1] OU","players":["LNumbers","Ct0wn"],"log":"|inactive|Battle timer is ON: inactive players will automatically lose when time's up.\n|t:|1769372539\n|gametype|singles\n|player|p1|LNumbers|#splxviityrants|\n|player|p2|Ct0wn|#splxviiclassiest2|\n|gen|1\n|tier|[Gen 1] OU\n|rule|Desync Clause Mod: Desyncs changed to move failure.\n|rule|Sleep Clause Mod: Limit one foe put to sleep\n|rule|Freeze Clause Mod: Limit one foe frozen\n|rule|Species Clause: Limit one of each Pokémon\n|rule|OHKO Clause: OHKO moves are banned\n|rule|Evasion Moves Clause: Evasion moves are banned\n|rule|Endless Battle Clause: Forcing endless battles is banned\n|rule|HP Percentage Mod: HP is shown in percentages\n|\n|t:|1769372539\n|teamsize|p1|6\n|teamsize|p2|6\n|start\n|switch|p1a: Jolteon|Jolteon|100/100\n|switch|p2a: Starmie|Starmie|100/100\n|turn|1\n|c|☆Ct0wn|Hf\n|c|☆LNumbers|hf\n|\n|t:|1769372560\n|switch|p1a: Jynx|Jynx|100/100\n|switch|p2a: Exeggutor|Exeggutor|100/100\n|\n|upkeep\n|turn|2\n|\n|t:|1769372583\n|switch|p2a: Starmie|Starmie|100/100\n|move|p1a: Jynx|Lovely Kiss|p2a: Starmie\n|-status|p2a: Starmie|slp|[from] move: Lovely Kiss\n|\n|upkeep\n|turn|3\n|rated|Smogon Premier League\n|inactive|LNumbers has 270 seconds left.\n|\n|t:|1769372636\n|cant|p2a: Starmie|slp\n|move|p1a: Jynx|Ice Beam|p2a: Starmie\n|-resisted|p2a: Starmie\n|-damage|p2a: Starmie|85/100 slp\n|\n|upkeep\n|turn|4\n|inactive|LNumbers has 240 seconds left.\n|inactive|LNumbers has 210 seconds left.\n|\n|t:|1769372693\n|cant|p2a: Starmie|slp\n|move|p1a: Jynx|Body Slam|p2a: Starmie\n|-damage|p2a: Starmie|70/100 slp\n|\n|upkeep\n|turn|5\n|inactive|LNumbers has 210 seconds left.\n|\n|t:|1769372705\n|cant|p2a: Starmie|slp\n|move|p1a: Jynx|Body Slam|p2a: Starmie\n|-crit|p2a: Starmie\n|-damage|p2a: Starmie|41/100 slp\n|\n|upkeep\n|turn|6\n|inactive|LNumbers has 210 seconds left.\n|\n|t:|1769372712\n|switch|p2a: Gengar|Gengar|100/100\n|move|p1a: Jynx|Body Slam|p2a: Gengar\n|-immune|p2a: Gengar\n|\n|upkeep\n|turn|7\n|\n|t:|1769372721\n|move|p2a: Gengar|Hypnosis|p1a: Jynx\n|-status|p1a: Jynx|slp|[from] move: Hypnosis\n|cant|p1a: Jynx|slp\n|\n|upkeep\n|turn|8\n|inactive|LNumbers has 210 seconds left.\n|inactive|LNumbers has 180 seconds left.\n|\n|t:|1769372777\n|switch|p1a: Exeggutor|Exeggutor|100/100\n|move|p2a: Gengar|Night Shade|p1a: Exeggutor\n|-damage|p1a: Exeggutor|75/100\n|\n|upkeep\n|turn|9\n|\n|t:|1769372795\n|switch|p2a: Starmie|Starmie|41/100 slp\n|switch|p1a: Starmie|Starmie|100/100\n|\n|upkeep\n|turn|10\n|\n|t:|1769372810\n|switch|p2a: Exeggutor|Exeggutor|100/100\n|move|p1a: Starmie|Thunder Wave|p2a: Exeggutor\n|-status|p2a: Exeggutor|par\n|\n|upkeep\n|turn|11\n|\n|t:|1769372823\n|move|p1a: Starmie|Blizzard|p2a: Exeggutor\n|-crit|p2a: Exeggutor\n|-supereffective|p2a: Exeggutor\n|-damage|p2a: Exeggutor|23/100 par\n|move|p2a: Exeggutor|Stun Spore|p1a: Starmie\n|-status|p1a: Starmie|par\n|\n|upkeep\n|turn|12\n|\n|t:|1769372845\n|switch|p2a: Starmie|Starmie|41/100 slp\n|move|p1a: Starmie|Blizzard|p2a: Starmie\n|-resisted|p2a: Starmie\n|-damage|p2a: Starmie|26/100 slp\n|\n|upkeep\n|turn|13\n|\n|t:|1769372854\n|switch|p2a: Snorlax|Snorlax|100/100\n|switch|p1a: Snorlax|Snorlax|100/100\n|\n|upkeep\n|turn|14\n|inactive|LNumbers has 150 seconds left.\n|\n|t:|1769372877\n|move|p2a: Snorlax|Body Slam|p1a: Snorlax\n|-damage|p1a: Snorlax|76/100\n|move|p1a: Snorlax|Body Slam|p2a: Snorlax\n|-damage|p2a: Snorlax|73/100\n|\n|upkeep\n|turn|15\n|\n|t:|1769372884\n|switch|p2a: Gengar|Gengar|100/100\n|move|p1a: Snorlax|Earthquake|p2a: Gengar\n|-crit|p2a: Gengar\n|-supereffective|p2a: Gengar\n|-damage|p2a: Gengar|0 fnt\n|faint|p2a: Gengar\n|\n|t:|1769372892\n|switch|p2a: Snorlax|Snorlax|73/100\n|turn|16\n|\n|t:|1769372900\n|move|p2a: Snorlax|Body Slam|p1a: Snorlax\n|-damage|p1a: Snorlax|51/100\n|move|p1a: Snorlax|Counter|p2a: Snorlax\n|-damage|p2a: Snorlax|24/100\n|\n|upkeep\n|turn|17\n|\n|t:|1769372915\n|switch|p1a: Jynx|Jynx|100/100 slp\n|move|p2a: Snorlax|Self-Destruct|p1a: Jynx\n|-damage|p1a: Jynx|0 fnt\n|faint|p1a: Jynx\n|faint|p2a: Snorlax\n|inactive|LNumbers has 150 seconds left.\n|\n|t:|1769372934\n|switch|p1a: Starmie|Starmie|100/100 par\n|switch|p2a: Tauros|Tauros|100/100\n|turn|18\n|\n|t:|1769372943\n|switch|p2a: Starmie|Starmie|26/100 slp\n|move|p1a: Starmie|Thunder Wave|p2a: Starmie\n|-fail|p2a: Starmie\n|\n|upkeep\n|turn|19\n|\n|t:|1769372955\n|switch|p1a: Jolteon|Jolteon|100/100\n|cant|p2a: Starmie|slp\n|\n|upkeep\n|turn|20\n|\n|t:|1769372963\n|move|p1a: Jolteon|Thunderbolt|p2a: Starmie\n|-supereffective|p2a: Starmie\n|-damage|p2a: Starmie|0 fnt\n|faint|p2a: Starmie\n|\n|t:|1769372964\n|switch|p2a: Tauros|Tauros|100/100\n|turn|21\n|\n|t:|1769372985\n|move|p1a: Jolteon|Thunder Wave|p2a: Tauros\n|-status|p2a: Tauros|par\n|cant|p2a: Tauros|par\n|\n|upkeep\n|turn|22\n|\n|t:|1769372990\n|switch|p1a: Starmie|Starmie|100/100 par\n|move|p2a: Tauros|Body Slam|p1a: Starmie\n|-damage|p1a: Starmie|66/100 par\n|\n|upkeep\n|turn|23\n|\n|t:|1769372996\n|switch|p2a: Exeggutor|Exeggutor|23/100 par\n|move|p1a: Starmie|Surf|p2a: Exeggutor\n|-resisted|p2a: Exeggutor\n|-damage|p2a: Exeggutor|11/100 par\n|\n|upkeep\n|turn|24\n|inactive|LNumbers has 150 seconds left.\n|\n|t:|1769373025\n|cant|p1a: Starmie|par\n|move|p2a: Exeggutor|Explosion|p1a: Starmie\n|-crit|p1a: Starmie\n|-damage|p1a: Starmie|0 fnt\n|faint|p1a: Starmie\n|faint|p2a: Exeggutor\n|inactive|LNumbers has 150 seconds left.\n|inactive|LNumbers has 120 seconds left.\n|\n|t:|1769373088\n|switch|p1a: Snorlax|Snorlax|51/100\n|switch|p2a: Zapdos|Zapdos|100/100\n|turn|25\n|\n|t:|1769373100\n|move|p2a: Zapdos|Thunderbolt|p1a: Snorlax\n|-damage|p1a: Snorlax|21/100\n|move|p1a: Snorlax|Self-Destruct|p2a: Zapdos\n|-damage|p2a: Zapdos|5/100\n|faint|p1a: Snorlax\n|inactive|LNumbers has 90 seconds left.\n|\n|t:|1769373123\n|switch|p1a: Jolteon|Jolteon|100/100\n|turn|26\n|\n|t:|1769373127\n|move|p1a: Jolteon|Thunderbolt|p2a: Zapdos\n|-crit|p2a: Zapdos\n|-damage|p2a: Zapdos|0 fnt\n|faint|p2a: Zapdos\n|\n|t:|1769373128\n|switch|p2a: Tauros|Tauros|100/100 par\n|turn|27\n|\n|t:|1769373130\n|move|p1a: Jolteon|Thunderbolt|p2a: Tauros\n|-damage|p2a: Tauros|61/100 par\n|cant|p2a: Tauros|par\n|\n|upkeep\n|turn|28\n|\n|t:|1769373133\n|move|p1a: Jolteon|Thunderbolt|p2a: Tauros\n|-damage|p2a: Tauros|19/100 par\n|move|p2a: Tauros|Earthquake|p1a: Jolteon\n|-supereffective|p1a: Jolteon\n|-damage|p1a: Jolteon|36/100\n|\n|upkeep\n|turn|29\n|\n|t:|1769373135\n|move|p1a: Jolteon|Thunderbolt|p2a: Tauros\n|-damage|p2a: Tauros|0 fnt\n|faint|p2a: Tauros\n|\n|win|LNumbers\n|c|☆Ct0wn|Gg\n|c|☆LNumbers|gg\n|player|p2|\n","uploadtime":1769373135,"views":"1101","formatid":"gen1ou","rating":null,"private":0,"password":null}