{"id":"smogtours-gen1ou-959383","format":"[Gen 1] OU","players":["Peasounay","stunner047"],"log":"|inactive|Battle timer is ON: inactive players will automatically lose when time's up.\n|t:|1785094211\n|gametype|singles\n|player|p1|Peasounay|red-gen1title|\n|player|p2|stunner047|#rbypliiidingdangdewgongs|\n|gen|1\n|tier|[Gen 1] OU\n|rule|Desync Clause Mod: Desyncs resolve to link battle behavior from the acting player's perspective.\n|rule|HP Percentage Mod: HP is shown in percentages\n|rule|Endless Battle Clause: Forcing endless battles is banned\n|rule|Sleep Clause Mod: Limit one foe put to sleep\n|rule|Freeze Clause Mod: Limit one foe frozen\n|rule|Species Clause: Limit one of each Pokémon\n|rule|OHKO Clause: OHKO moves are banned\n|rule|Evasion Moves Clause: Evasion moves are banned\n|\n|t:|1785094211\n|teamsize|p1|6\n|teamsize|p2|6\n|start\n|switch|p1a: Zapdos|Zapdos|100/100\n|switch|p2a: Gengar|Gengar|100/100\n|turn|1\n|c|☆stunner047|gl hf\n|\n|t:|1785094218\n|move|p2a: Gengar|Hypnosis|p1a: Zapdos\n|-status|p1a: Zapdos|slp|[from] move: Hypnosis\n|cant|p1a: Zapdos|slp\n|\n|upkeep\n|turn|2\n|c|☆Peasounay|u2\n|c|+bohrier|What is this for\n|c|☆stunner047|invitational \n|c|+bohrier|Goated gl guys\n|\n|t:|1785094240\n|switch|p1a: Alakazam|Alakazam|100/100\n|move|p2a: Gengar|Psychic|p1a: Alakazam\n|-resisted|p1a: Alakazam\n|-damage|p1a: Alakazam|90/100\n|-unboost|p1a: Alakazam|spa|1\n|-unboost|p1a: Alakazam|spd|1\n|\n|upkeep\n|turn|3\n|\n|t:|1785094247\n|switch|p1a: Exeggutor|Exeggutor|100/100\n|switch|p2a: Exeggutor|Exeggutor|100/100\n|\n|upkeep\n|turn|4\n|\n|t:|1785094252\n|switch|p2a: Gengar|Gengar|100/100\n|move|p1a: Exeggutor|Sleep Powder|p2a: Gengar\n|-status|p2a: Gengar|slp|[from] move: Sleep Powder\n|\n|upkeep\n|turn|5\n|\n|t:|1785094263\n|switch|p2a: Exeggutor|Exeggutor|100/100\n|switch|p1a: Alakazam|Alakazam|90/100\n|\n|upkeep\n|turn|6\n|\n|t:|1785094267\n|move|p1a: Alakazam|Thunder Wave|p2a: Exeggutor\n|-status|p2a: Exeggutor|par\n|move|p2a: Exeggutor|Stun Spore|p1a: Alakazam\n|-status|p1a: Alakazam|par\n|\n|upkeep\n|turn|7\n|\n|t:|1785094273\n|cant|p1a: Alakazam|par\n|move|p2a: Exeggutor|Psychic|p1a: Alakazam\n|-resisted|p1a: Alakazam\n|-damage|p1a: Alakazam|75/100 par\n|\n|upkeep\n|turn|8\n|\n|t:|1785094281\n|cant|p1a: Alakazam|par\n|move|p2a: Exeggutor|Psychic|p1a: Alakazam\n|-resisted|p1a: Alakazam\n|-damage|p1a: Alakazam|59/100 par\n|-unboost|p1a: Alakazam|spa|1\n|-unboost|p1a: Alakazam|spd|1\n|\n|upkeep\n|turn|9\n|\n|t:|1785094286\n|switch|p2a: Snorlax|Snorlax|100/100\n|switch|p1a: Starmie|Starmie|100/100\n|\n|upkeep\n|turn|10\n|\n|t:|1785094291\n|move|p1a: Starmie|Thunder Wave|p2a: Snorlax\n|-status|p2a: Snorlax|par\n|cant|p2a: Snorlax|par\n|\n|upkeep\n|turn|11\n|\n|t:|1785094300\n|move|p1a: Starmie|Psychic|p2a: Snorlax\n|-damage|p2a: Snorlax|76/100 par\n|move|p2a: Snorlax|Body Slam|p1a: Starmie\n|-damage|p1a: Starmie|62/100\n|-status|p1a: Starmie|par\n|\n|upkeep\n|turn|12\n|\n|t:|1785094308\n|move|p1a: Starmie|Recover|p1a: Starmie\n|-heal|p1a: Starmie|100/100 par\n|move|p2a: Snorlax|Hyper Beam|p1a: Starmie\n|-crit|p1a: Starmie\n|-damage|p1a: Starmie|0 fnt\n|faint|p1a: Starmie\n|\n|t:|1785094318\n|switch|p1a: Snorlax|Snorlax|100/100\n|turn|13\n|\n|t:|1785094324\n|switch|p2a: Cloyster|Cloyster|100/100\n|move|p1a: Snorlax|Body Slam|p2a: Cloyster\n|-damage|p2a: Cloyster|77/100\n|-status|p2a: Cloyster|par\n|\n|upkeep\n|turn|14\n|\n|t:|1785094332\n|switch|p1a: Alakazam|Alakazam|59/100 par\n|move|p2a: Cloyster|Blizzard|p1a: Alakazam\n|-damage|p1a: Alakazam|24/100 par\n|\n|upkeep\n|turn|15\n|\n|t:|1785094341\n|move|p1a: Alakazam|Recover|p1a: Alakazam\n|-heal|p1a: Alakazam|74/100 par\n|move|p2a: Cloyster|Blizzard|p1a: Alakazam\n|-damage|p1a: Alakazam|41/100 par\n|\n|upkeep\n|turn|16\n|\n|t:|1785094346\n|switch|p2a: Snorlax|Snorlax|76/100 par\n|move|p1a: Alakazam|Recover|p1a: Alakazam\n|-heal|p1a: Alakazam|91/100 par\n|\n|upkeep\n|turn|17\n|\n|t:|1785094351\n|switch|p1a: Snorlax|Snorlax|100/100\n|move|p2a: Snorlax|Hyper Beam|p1a: Snorlax\n|-damage|p1a: Snorlax|53/100\n|-mustrecharge|p2a: Snorlax\n|\n|upkeep\n|turn|18\n|\n|t:|1785094356\n|move|p1a: Snorlax|Body Slam|p2a: Snorlax\n|-damage|p2a: Snorlax|49/100 par\n|cant|p2a: Snorlax|recharge\n|\n|upkeep\n|turn|19\n|\n|t:|1785094361\n|move|p1a: Snorlax|Reflect|p1a: Snorlax\n|-start|p1a: Snorlax|Reflect\n|move|p2a: Snorlax|Self-Destruct|p1a: Snorlax\n|-damage|p1a: Snorlax|10/100\n|faint|p2a: Snorlax\n|\n|t:|1785094364\n|switch|p2a: Tauros|Tauros|100/100\n|turn|20\n|inactive|Peasounay has 270 seconds left.\n|\n|t:|1785094418\n|move|p2a: Tauros|Body Slam|p1a: Snorlax\n|-damage|p1a: Snorlax|0 fnt\n|faint|p1a: Snorlax\n|\n|t:|1785094420\n|switch|p1a: Tauros|Tauros|100/100\n|turn|21\n|\n|t:|1785094425\n|move|p1a: Tauros|Body Slam|p2a: Tauros\n|-damage|p2a: Tauros|71/100\n|move|p2a: Tauros|Blizzard|p1a: Tauros\n|-damage|p1a: Tauros|74/100\n|\n|upkeep\n|turn|22\n|inactive|Peasounay has 270 seconds left.\n|\n|t:|1785094431\n|move|p2a: Tauros|Blizzard|p1a: Tauros\n|-damage|p1a: Tauros|48/100\n|move|p1a: Tauros|Body Slam|p2a: Tauros\n|-damage|p2a: Tauros|41/100\n|\n|upkeep\n|turn|23\n|\n|t:|1785094437\n|switch|p2a: Cloyster|Cloyster|77/100 par\n|move|p1a: Tauros|Hyper Beam|p2a: Cloyster\n|-damage|p2a: Cloyster|42/100 par\n|-mustrecharge|p1a: Tauros\n|\n|upkeep\n|turn|24\n|\n|t:|1785094452\n|cant|p1a: Tauros|recharge\n|move|p2a: Cloyster|Explosion|p1a: Tauros\n|-damage|p1a: Tauros|0 fnt\n|faint|p1a: Tauros\n|faint|p2a: Cloyster\n|inactive|stunner047 disconnected and has 300 seconds to reconnect!\n|player|p2|\n|inactive|Peasounay has 270 seconds left.\n|inactive|stunner047 has 270 seconds to reconnect!\n|inactiveoff|Battle timer is now OFF.\n|c|☆Peasounay|thanks\n|player|p2|stunner047|#rbypliiidingdangdewgongs|\n|c|☆stunner047|thanks\n|\n|t:|1785094539\n|switch|p1a: Alakazam|Alakazam|91/100 par\n|switch|p2a: Exeggutor|Exeggutor|100/100 par\n|turn|25\n|\n|t:|1785094545\n|cant|p1a: Alakazam|par\n|cant|p2a: Exeggutor|par\n|\n|upkeep\n|turn|26\n|\n|t:|1785094549\n|move|p1a: Alakazam|Seismic Toss|p2a: Exeggutor\n|-damage|p2a: Exeggutor|75/100 par\n|cant|p2a: Exeggutor|par\n|\n|upkeep\n|turn|27\n|inactive|Battle timer is ON: inactive players will automatically lose when time's up. (requested by calaaa!!!)\n|\n|t:|1785094553\n|move|p1a: Alakazam|Seismic Toss|p2a: Exeggutor\n|-damage|p2a: Exeggutor|50/100 par\n|move|p2a: Exeggutor|Explosion|p1a: Alakazam\n|-crit|p1a: Alakazam\n|-damage|p1a: Alakazam|0 fnt\n|faint|p1a: Alakazam\n|faint|p2a: Exeggutor\n|\n|t:|1785094560\n|switch|p1a: Exeggutor|Exeggutor|100/100\n|switch|p2a: Alakazam|Alakazam|100/100\n|turn|28\n|\n|t:|1785094573\n|switch|p1a: Zapdos|Zapdos|100/100 slp\n|move|p2a: Alakazam|Thunder Wave|p1a: Zapdos\n|-fail|p1a: Zapdos\n|\n|upkeep\n|turn|29\n|\n|t:|1785094578\n|move|p2a: Alakazam|Psychic|p1a: Zapdos\n|-damage|p1a: Zapdos|72/100 slp\n|cant|p1a: Zapdos|slp\n|\n|upkeep\n|turn|30\n|\n|t:|1785094579\n|move|p2a: Alakazam|Psychic|p1a: Zapdos\n|-damage|p1a: Zapdos|43/100 slp\n|cant|p1a: Zapdos|slp\n|\n|upkeep\n|turn|31\n|\n|t:|1785094582\n|move|p2a: Alakazam|Psychic|p1a: Zapdos\n|-damage|p1a: Zapdos|15/100 slp\n|cant|p1a: Zapdos|slp\n|\n|upkeep\n|turn|32\n|\n|t:|1785094584\n|move|p2a: Alakazam|Psychic|p1a: Zapdos\n|-crit|p1a: Zapdos\n|-damage|p1a: Zapdos|0 fnt\n|faint|p1a: Zapdos\n|\n|t:|1785094585\n|switch|p1a: Exeggutor|Exeggutor|100/100\n|turn|33\n|\n|t:|1785094596\n|move|p2a: Alakazam|Thunder Wave|p1a: Exeggutor\n|-status|p1a: Exeggutor|par\n|move|p1a: Exeggutor|Hyper Beam|p2a: Alakazam\n|-damage|p2a: Alakazam|39/100\n|-mustrecharge|p1a: Exeggutor\n|\n|upkeep\n|turn|34\n|\n|t:|1785094601\n|move|p2a: Alakazam|Recover|p2a: Alakazam\n|-heal|p2a: Alakazam|89/100\n|cant|p1a: Exeggutor|recharge\n|\n|upkeep\n|turn|35\n|\n|t:|1785094606\n|move|p2a: Alakazam|Psychic|p1a: Exeggutor\n|-resisted|p1a: Exeggutor\n|-damage|p1a: Exeggutor|85/100 par\n|-unboost|p1a: Exeggutor|spa|1\n|-unboost|p1a: Exeggutor|spd|1\n|move|p1a: Exeggutor|Hyper Beam|p2a: Alakazam\n|-damage|p2a: Alakazam|36/100\n|-mustrecharge|p1a: Exeggutor\n|\n|upkeep\n|turn|36\n|\n|t:|1785094612\n|move|p2a: Alakazam|Psychic|p1a: Exeggutor\n|-resisted|p1a: Exeggutor\n|-damage|p1a: Exeggutor|63/100 par\n|-unboost|p1a: Exeggutor|spa|1\n|-unboost|p1a: Exeggutor|spd|1\n|cant|p1a: Exeggutor|recharge\n|\n|upkeep\n|turn|37\n|\n|t:|1785094617\n|move|p2a: Alakazam|Recover|p2a: Alakazam\n|-heal|p2a: Alakazam|86/100\n|move|p1a: Exeggutor|Hyper Beam|p2a: Alakazam\n|-damage|p2a: Alakazam|29/100\n|-mustrecharge|p1a: Exeggutor\n|\n|upkeep\n|turn|38\n|\n|t:|1785094622\n|move|p2a: Alakazam|Psychic|p1a: Exeggutor\n|-resisted|p1a: Exeggutor\n|-damage|p1a: Exeggutor|33/100 par\n|-unboost|p1a: Exeggutor|spa|1\n|-unboost|p1a: Exeggutor|spd|1\n|cant|p1a: Exeggutor|recharge\n|\n|upkeep\n|turn|39\n|\n|t:|1785094625\n|move|p2a: Alakazam|Psychic|p1a: Exeggutor\n|-resisted|p1a: Exeggutor\n|-damage|p1a: Exeggutor|0 fnt\n|faint|p1a: Exeggutor\n|\n|win|stunner047\n|c|☆Peasounay|ggs\n|c|☆stunner047|ggs\n|c|☆stunner047|/log stunner047 made the replay of this battle unlisted.\n","uploadtime":1785094625,"views":"53","formatid":"gen1ou","rating":null,"private":2,"password":null}