{"id":"smogtours-gen1ou-914867","format":"[Gen 1] OU","players":["sadisticnarwhal","Isza"],"log":"|inactive|Battle timer is ON: inactive players will automatically lose when time's up.\n|t:|1772899858\n|gametype|singles\n|player|p1|sadisticnarwhal|#rcop2023useast|\n|player|p2|Isza|#scl5foxes|\n|gen|1\n|tier|[Gen 1] OU\n|rule|Desync Clause Mod: Desyncs changed to move failure.\n|rule|Sleep Clause Mod: Limit one foe put to sleep\n|rule|Freeze Clause Mod: Limit one foe frozen\n|rule|Species Clause: Limit one of each Pokémon\n|rule|OHKO Clause: OHKO moves are banned\n|rule|Evasion Moves Clause: Evasion moves are banned\n|rule|Endless Battle Clause: Forcing endless battles is banned\n|rule|HP Percentage Mod: HP is shown in percentages\n|\n|t:|1772899858\n|teamsize|p1|6\n|teamsize|p2|6\n|start\n|switch|p1a: Alakazam|Alakazam|100/100\n|switch|p2a: YOU AIN'T NO TOJI|Tauros|100/100\n|turn|1\n|c|☆Isza|hf\n|c|☆sadisticnarwhal|u2\n|inactive|sadisticnarwhal has 270 seconds left.\n|inactive|Isza has 270 seconds left.\n|c|☆Isza|d4 disaster has struck\n|inactive|Isza has 240 seconds left.\n|inactive|sadisticnarwhal has 240 seconds left.\n|inactive|Isza has 210 seconds left.\n|\n|t:|1772899954\n|switch|p2a: Exeggutor|Exeggutor|100/100\n|move|p1a: Alakazam|Psychic|p2a: Exeggutor\n|-crit|p2a: Exeggutor\n|-resisted|p2a: Exeggutor\n|-damage|p2a: Exeggutor|74/100\n|\n|upkeep\n|turn|2\n|\n|t:|1772899960\n|move|p1a: Alakazam|Seismic Toss|p2a: Exeggutor\n|-damage|p2a: Exeggutor|49/100\n|move|p2a: Exeggutor|Sleep Powder|p1a: Alakazam\n|-status|p1a: Alakazam|slp|[from] move: Sleep Powder\n|\n|upkeep\n|turn|3\n|\n|t:|1772899968\n|switch|p1a: Chansey|Chansey|100/100\n|move|p2a: Exeggutor|Psychic|p1a: Chansey\n|-damage|p1a: Chansey|83/100\n|\n|upkeep\n|turn|4\n|\n|t:|1772899973\n|switch|p1a: Alakazam|Alakazam|100/100 slp\n|move|p2a: Exeggutor|Explosion|p1a: Alakazam\n|-damage|p1a: Alakazam|0 fnt\n|faint|p1a: Alakazam\n|faint|p2a: Exeggutor\n|inactive|Isza has 270 seconds left.\n|inactive|sadisticnarwhal has 270 seconds left.\n|\n|t:|1772900020\n|switch|p1a: Jynx|Jynx|100/100\n|switch|p2a: Starmie|Starmie|100/100\n|turn|5\n|inactive|sadisticnarwhal has 270 seconds left.\n|\n|t:|1772900030\n|switch|p1a: Chansey|Chansey|83/100\n|move|p2a: Starmie|Thunder Wave|p1a: Chansey\n|-status|p1a: Chansey|par\n|\n|upkeep\n|turn|6\n|inactive|sadisticnarwhal has 270 seconds left.\n|\n|t:|1772900049\n|switch|p2a: Rhydon|Rhydon|100/100\n|move|p1a: Chansey|Soft-Boiled|p1a: Chansey\n|-heal|p1a: Chansey|100/100 par\n|\n|upkeep\n|turn|7\n|\n|t:|1772900054\n|switch|p1a: Starmie|Starmie|100/100\n|move|p2a: Rhydon|Earthquake|p1a: Starmie\n|-damage|p1a: Starmie|53/100\n|\n|upkeep\n|turn|8\n|\n|t:|1772900059\n|switch|p2a: Chansey|Chansey|100/100\n|move|p1a: Starmie|Recover|p1a: Starmie\n|-heal|p1a: Starmie|100/100\n|\n|upkeep\n|turn|9\n|\n|t:|1772900069\n|switch|p1a: Chansey|Chansey|100/100 par\n|move|p2a: Chansey|Thunderbolt|p1a: Chansey\n|-damage|p1a: Chansey|90/100 par\n|\n|upkeep\n|turn|10\n|\n|t:|1772900074\n|move|p2a: Chansey|Thunderbolt|p1a: Chansey\n|-damage|p1a: Chansey|80/100 par\n|move|p1a: Chansey|Ice Beam|p2a: Chansey\n|-damage|p2a: Chansey|90/100\n|\n|upkeep\n|turn|11\n|\n|t:|1772900079\n|move|p2a: Chansey|Thunderbolt|p1a: Chansey\n|-damage|p1a: Chansey|70/100 par\n|move|p1a: Chansey|Ice Beam|p2a: Chansey\n|-damage|p2a: Chansey|80/100\n|\n|upkeep\n|turn|12\n|\n|t:|1772900083\n|switch|p2a: YOU AIN'T NO TOJI|Tauros|100/100\n|switch|p1a: Jynx|Jynx|100/100\n|\n|upkeep\n|turn|13\n|\n|t:|1772900088\n|move|p2a: YOU AIN'T NO TOJI|Body Slam|p1a: Jynx\n|-crit|p1a: Jynx\n|-damage|p1a: Jynx|3/100\n|move|p1a: Jynx|Lovely Kiss|p2a: YOU AIN'T NO TOJI|[miss]\n|-miss|p1a: Jynx\n|\n|upkeep\n|turn|14\n|\n|t:|1772900101\n|switch|p1a: Snorlax|Snorlax|100/100\n|move|p2a: YOU AIN'T NO TOJI|Body Slam|p1a: Snorlax\n|-crit|p1a: Snorlax\n|-damage|p1a: Snorlax|49/100\n|\n|upkeep\n|turn|15\n|inactive|sadisticnarwhal has 270 seconds left.\n|inactive|Isza has 270 seconds left.\n|inactive|sadisticnarwhal has 240 seconds left.\n|inactive|Isza has 240 seconds left.\n|inactive|Isza has 210 seconds left.\n|\n|t:|1772900200\n|move|p2a: YOU AIN'T NO TOJI|Body Slam|p1a: Snorlax\n|-damage|p1a: Snorlax|25/100\n|move|p1a: Snorlax|Self-Destruct|p2a: YOU AIN'T NO TOJI\n|-damage|p2a: YOU AIN'T NO TOJI|0 fnt\n|faint|p2a: YOU AIN'T NO TOJI\n|faint|p1a: Snorlax\n|inactive|Isza has 210 seconds left.\n|\n|t:|1772900212\n|switch|p2a: Rhydon|Rhydon|100/100\n|switch|p1a: Chansey|Chansey|70/100 par\n|turn|16\n|inactive|Isza has 210 seconds left.\n|\n|t:|1772900219\n|switch|p1a: Starmie|Starmie|100/100\n|move|p2a: Rhydon|Earthquake|p1a: Starmie\n|-damage|p1a: Starmie|50/100\n|\n|upkeep\n|turn|17\n|\n|t:|1772900224\n|move|p1a: Starmie|Recover|p1a: Starmie\n|-heal|p1a: Starmie|99/100\n|move|p2a: Rhydon|Body Slam|p1a: Starmie\n|-damage|p1a: Starmie|73/100\n|-status|p1a: Starmie|par\n|\n|upkeep\n|turn|18\n|c|☆sadisticnarwhal|please\n|inactive|sadisticnarwhal has 240 seconds left.\n|\n|t:|1772900232\n|switch|p2a: Chansey|Chansey|80/100\n|move|p1a: Starmie|Surf|p2a: Chansey\n|-damage|p2a: Chansey|65/100\n|\n|upkeep\n|turn|19\n|\n|t:|1772900239\n|switch|p2a: Rhydon|Rhydon|100/100\n|switch|p1a: Jynx|Jynx|3/100\n|\n|upkeep\n|turn|20\n|\n|t:|1772900244\n|switch|p2a: Cloyster|Cloyster|100/100\n|move|p1a: Jynx|Lovely Kiss|p2a: Cloyster\n|-status|p2a: Cloyster|slp|[from] move: Lovely Kiss\n|\n|upkeep\n|turn|21\n|\n|t:|1772900258\n|switch|p1a: Chansey|Chansey|70/100 par\n|switch|p2a: Starmie|Starmie|100/100\n|\n|upkeep\n|turn|22\n|\n|t:|1772900267\n|switch|p2a: Rhydon|Rhydon|100/100\n|move|p1a: Chansey|Soft-Boiled|p1a: Chansey\n|-heal|p1a: Chansey|100/100 par\n|\n|upkeep\n|turn|23\n|\n|t:|1772900271\n|switch|p1a: Tauros|Tauros|100/100\n|move|p2a: Rhydon|Earthquake|p1a: Tauros\n|-damage|p1a: Tauros|61/100\n|\n|upkeep\n|turn|24\n|\n|t:|1772900278\n|move|p1a: Tauros|Body Slam|p2a: Rhydon\n|-resisted|p2a: Rhydon\n|-damage|p2a: Rhydon|90/100\n|move|p2a: Rhydon|Earthquake|p1a: Tauros\n|-damage|p1a: Tauros|21/100\n|\n|upkeep\n|turn|25\n|inactive|Isza has 270 seconds left.\n|\n|t:|1772900287\n|move|p1a: Tauros|Blizzard|p2a: Rhydon\n|-supereffective|p2a: Rhydon\n|-damage|p2a: Rhydon|32/100\n|-status|p2a: Rhydon|frz\n|cant|p2a: Rhydon|frz\n|\n|upkeep\n|turn|26\n|\n|t:|1772900293\n|switch|p2a: Starmie|Starmie|100/100\n|move|p1a: Tauros|Body Slam|p2a: Starmie\n|-damage|p2a: Starmie|67/100\n|\n|upkeep\n|turn|27\n|\n|t:|1772900301\n|switch|p1a: Chansey|Chansey|100/100 par\n|move|p2a: Starmie|Recover|p2a: Starmie\n|-heal|p2a: Starmie|100/100\n|\n|upkeep\n|turn|28\n|\n|t:|1772900310\n|switch|p2a: Chansey|Chansey|65/100\n|move|p1a: Chansey|Thunderbolt|p2a: Chansey\n|-damage|p2a: Chansey|54/100\n|\n|upkeep\n|turn|29\n|\n|t:|1772900315\n|move|p2a: Chansey|Soft-Boiled|p2a: Chansey\n|-heal|p2a: Chansey|100/100\n|move|p1a: Chansey|Thunderbolt|p2a: Chansey\n|-damage|p2a: Chansey|89/100\n|\n|upkeep\n|turn|30\n|\n|t:|1772900319\n|move|p2a: Chansey|Thunder Wave|p1a: Chansey\n|-fail|p1a: Chansey|par\n|move|p1a: Chansey|Thunderbolt|p2a: Chansey\n|-damage|p2a: Chansey|79/100\n|\n|upkeep\n|turn|31\n|\n|t:|1772900323\n|move|p2a: Chansey|Thunder Wave|p1a: Chansey\n|-fail|p1a: Chansey|par\n|move|p1a: Chansey|Thunderbolt|p2a: Chansey\n|-damage|p2a: Chansey|69/100\n|\n|upkeep\n|turn|32\n|\n|t:|1772900326\n|move|p2a: Chansey|Soft-Boiled|p2a: Chansey\n|-heal|p2a: Chansey|100/100\n|move|p1a: Chansey|Thunderbolt|p2a: Chansey\n|-damage|p2a: Chansey|90/100\n|\n|upkeep\n|turn|33\n|\n|t:|1772900332\n|move|p2a: Chansey|Thunder Wave|p1a: Chansey\n|-fail|p1a: Chansey|par\n|move|p1a: Chansey|Thunderbolt|p2a: Chansey\n|-damage|p2a: Chansey|79/100\n|\n|upkeep\n|turn|34\n|\n|t:|1772900335\n|move|p2a: Chansey|Thunderbolt|p1a: Chansey\n|-damage|p1a: Chansey|90/100 par\n|move|p1a: Chansey|Thunderbolt|p2a: Chansey\n|-damage|p2a: Chansey|68/100\n|\n|upkeep\n|turn|35\n|\n|t:|1772900338\n|move|p2a: Chansey|Soft-Boiled|p2a: Chansey\n|-heal|p2a: Chansey|100/100\n|move|p1a: Chansey|Thunderbolt|p2a: Chansey\n|-crit|p2a: Chansey\n|-damage|p2a: Chansey|79/100\n|\n|upkeep\n|turn|36\n|\n|t:|1772900343\n|move|p2a: Chansey|Thunderbolt|p1a: Chansey\n|-damage|p1a: Chansey|80/100 par\n|move|p1a: Chansey|Thunderbolt|p2a: Chansey\n|-damage|p2a: Chansey|68/100\n|\n|upkeep\n|turn|37\n|\n|t:|1772900347\n|move|p2a: Chansey|Thunderbolt|p1a: Chansey\n|-damage|p1a: Chansey|70/100 par\n|move|p1a: Chansey|Thunderbolt|p2a: Chansey\n|-crit|p2a: Chansey\n|-damage|p2a: Chansey|49/100\n|\n|upkeep\n|turn|38\n|\n|t:|1772900350\n|move|p2a: Chansey|Soft-Boiled|p2a: Chansey\n|-heal|p2a: Chansey|99/100\n|move|p1a: Chansey|Thunderbolt|p2a: Chansey\n|-damage|p2a: Chansey|88/100\n|\n|upkeep\n|turn|39\n|\n|t:|1772900355\n|move|p2a: Chansey|Ice Beam|p1a: Chansey\n|-damage|p1a: Chansey|60/100 par\n|cant|p1a: Chansey|par\n|\n|upkeep\n|turn|40\n|\n|t:|1772900359\n|move|p2a: Chansey|Thunder Wave|p1a: Chansey\n|-fail|p1a: Chansey|par\n|cant|p1a: Chansey|par\n|\n|upkeep\n|turn|41\n|\n|t:|1772900361\n|move|p2a: Chansey|Thunder Wave|p1a: Chansey\n|-fail|p1a: Chansey|par\n|move|p1a: Chansey|Thunderbolt|p2a: Chansey\n|-damage|p2a: Chansey|77/100\n|-status|p2a: Chansey|par\n|\n|upkeep\n|turn|42\n|\n|t:|1772900366\n|move|p2a: Chansey|Thunder Wave|p1a: Chansey\n|-fail|p1a: Chansey|par\n|cant|p1a: Chansey|par\n|\n|upkeep\n|turn|43\n|\n|t:|1772900369\n|move|p1a: Chansey|Soft-Boiled|p1a: Chansey\n|-heal|p1a: Chansey|100/100 par\n|cant|p2a: Chansey|par\n|\n|upkeep\n|turn|44\n|\n|t:|1772900377\n|move|p2a: Chansey|Soft-Boiled|p2a: Chansey\n|-heal|p2a: Chansey|100/100 par\n|move|p1a: Chansey|Counter|p2a: Chansey\n|-fail|p1a: Chansey\n|\n|upkeep\n|turn|45\n|\n|t:|1772900390\n|move|p2a: Chansey|Thunder Wave|p1a: Chansey\n|-fail|p1a: Chansey|par\n|move|p1a: Chansey|Counter|p2a: Chansey\n|-fail|p1a: Chansey\n|\n|upkeep\n|turn|46\n|\n|t:|1772900395\n|move|p2a: Chansey|Ice Beam|p1a: Chansey\n|-damage|p1a: Chansey|90/100 par\n|move|p1a: Chansey|Thunderbolt|p2a: Chansey\n|-crit|p2a: Chansey\n|-damage|p2a: Chansey|81/100 par\n|\n|upkeep\n|turn|47\n|\n|t:|1772900406\n|cant|p2a: Chansey|par\n|move|p1a: Chansey|Counter|p2a: Chansey\n|-fail|p1a: Chansey\n|\n|upkeep\n|turn|48\n|\n|t:|1772900412\n|move|p1a: Chansey|Ice Beam|p2a: Chansey\n|-crit|p2a: Chansey\n|-damage|p2a: Chansey|61/100 par\n|cant|p2a: Chansey|par\n|\n|upkeep\n|turn|49\n|inactive|sadisticnarwhal has 270 seconds left.\n|\n|t:|1772900465\n|move|p2a: Chansey|Soft-Boiled|p2a: Chansey\n|-heal|p2a: Chansey|100/100 par\n|move|p1a: Chansey|Ice Beam|p2a: Chansey\n|-damage|p2a: Chansey|90/100 par\n|\n|upkeep\n|turn|50\n|\n|t:|1772900470\n|move|p1a: Chansey|Ice Beam|p2a: Chansey\n|-crit|p2a: Chansey\n|-damage|p2a: Chansey|70/100 par\n|move|p2a: Chansey|Thunder Wave|p1a: Chansey\n|-fail|p1a: Chansey|par\n|\n|upkeep\n|turn|51\n|\n|t:|1772900480\n|move|p1a: Chansey|Thunderbolt|p2a: Chansey\n|-damage|p2a: Chansey|59/100 par\n|move|p2a: Chansey|Ice Beam|p1a: Chansey\n|-damage|p1a: Chansey|78/100 par\n|\n|upkeep\n|turn|52\n|\n|t:|1772900507\n|move|p2a: Chansey|Soft-Boiled|p2a: Chansey\n|-heal|p2a: Chansey|100/100 par\n|move|p1a: Chansey|Ice Beam|p2a: Chansey\n|-damage|p2a: Chansey|89/100 par\n|\n|upkeep\n|turn|53\n|\n|t:|1772900517\n|move|p2a: Chansey|Ice Beam|p1a: Chansey\n|-damage|p1a: Chansey|68/100 par\n|move|p1a: Chansey|Counter|p2a: Chansey\n|-fail|p1a: Chansey\n|\n|upkeep\n|turn|54\n|\n|t:|1772900521\n|switch|p2a: Cloyster|Cloyster|100/100 slp\n|cant|p1a: Chansey|par\n|\n|upkeep\n|turn|55\n|\n|t:|1772900524\n|switch|p2a: Chansey|Chansey|89/100 par\n|move|p1a: Chansey|Thunderbolt|p2a: Chansey\n|-damage|p2a: Chansey|78/100 par\n|\n|upkeep\n|turn|56\n|\n|t:|1772900530\n|move|p2a: Chansey|Ice Beam|p1a: Chansey\n|-damage|p1a: Chansey|57/100 par\n|move|p1a: Chansey|Counter|p2a: Chansey\n|-fail|p1a: Chansey\n|\n|upkeep\n|turn|57\n|\n|t:|1772900542\n|switch|p2a: Starmie|Starmie|100/100\n|move|p1a: Chansey|Soft-Boiled|p1a: Chansey\n|-heal|p1a: Chansey|100/100 par\n|\n|upkeep\n|turn|58\n|\n|t:|1772900547\n|switch|p2a: Chansey|Chansey|78/100 par\n|move|p1a: Chansey|Ice Beam|p2a: Chansey\n|-crit|p2a: Chansey\n|-damage|p2a: Chansey|58/100 par\n|\n|upkeep\n|turn|59\n|\n|t:|1772900551\n|switch|p1a: Jynx|Jynx|3/100\n|move|p2a: Chansey|Soft-Boiled|p2a: Chansey\n|-heal|p2a: Chansey|100/100 par\n|\n|upkeep\n|turn|60\n|\n|t:|1772900555\n|switch|p2a: Starmie|Starmie|100/100\n|move|p1a: Jynx|Rest|p1a: Jynx\n|-status|p1a: Jynx|slp|[from] move: Rest\n|-heal|p1a: Jynx|100/100 slp|[silent]\n|\n|upkeep\n|turn|61\n|\n|t:|1772900558\n|switch|p1a: Chansey|Chansey|100/100 par\n|move|p2a: Starmie|Surf|p1a: Chansey\n|-damage|p1a: Chansey|84/100 par\n|\n|upkeep\n|turn|62\n|\n|t:|1772900562\n|move|p2a: Starmie|Surf|p1a: Chansey\n|-damage|p1a: Chansey|69/100 par\n|move|p1a: Chansey|Counter|p2a: Starmie\n|-fail|p1a: Chansey\n|\n|upkeep\n|turn|63\n|\n|t:|1772900567\n|move|p2a: Starmie|Thunderbolt|p1a: Chansey\n|-damage|p1a: Chansey|58/100 par\n|move|p1a: Chansey|Counter|p2a: Starmie\n|-fail|p1a: Chansey\n|\n|upkeep\n|turn|64\n|\n|t:|1772900570\n|switch|p2a: Chansey|Chansey|100/100 par\n|move|p1a: Chansey|Soft-Boiled|p1a: Chansey\n|-heal|p1a: Chansey|100/100 par\n|\n|upkeep\n|turn|65\n|\n|t:|1772900576\n|switch|p2a: Cloyster|Cloyster|100/100 slp\n|switch|p1a: Jynx|Jynx|100/100 slp\n|\n|upkeep\n|turn|66\n|\n|t:|1772900581\n|cant|p1a: Jynx|slp\n|cant|p2a: Cloyster|slp\n|\n|upkeep\n|turn|67\n|\n|t:|1772900583\n|-curestatus|p1a: Jynx|slp|[msg]\n|cant|p2a: Cloyster|slp\n|\n|upkeep\n|turn|68\n|\n|t:|1772900587\n|switch|p2a: Starmie|Starmie|100/100\n|move|p1a: Jynx|Psychic|p2a: Starmie\n|-resisted|p2a: Starmie\n|-damage|p2a: Starmie|84/100\n|\n|upkeep\n|turn|69\n|\n|t:|1772900595\n|switch|p1a: Chansey|Chansey|100/100 par\n|move|p2a: Starmie|Recover|p2a: Starmie\n|-heal|p2a: Starmie|100/100\n|\n|upkeep\n|turn|70\n|\n|t:|1772900602\n|switch|p2a: Chansey|Chansey|100/100 par\n|cant|p1a: Chansey|par\n|\n|upkeep\n|turn|71\n|\n|t:|1772900613\n|cant|p1a: Chansey|par\n|cant|p2a: Chansey|par\n|\n|upkeep\n|turn|72\n|\n|t:|1772900616\n|move|p2a: Chansey|Thunderbolt|p1a: Chansey\n|-damage|p1a: Chansey|90/100 par\n|cant|p1a: Chansey|par\n|\n|upkeep\n|turn|73\n|\n|t:|1772900620\n|switch|p2a: Starmie|Starmie|100/100\n|move|p1a: Chansey|Counter|p2a: Starmie\n|-fail|p1a: Chansey\n|\n|upkeep\n|turn|74\n|\n|t:|1772900625\n|switch|p2a: Chansey|Chansey|100/100 par\n|move|p1a: Chansey|Counter|p2a: Chansey\n|-fail|p1a: Chansey\n|\n|upkeep\n|turn|75\n|\n|t:|1772900630\n|move|p2a: Chansey|Ice Beam|p1a: Chansey\n|-damage|p1a: Chansey|80/100 par\n|move|p1a: Chansey|Counter|p2a: Chansey\n|-fail|p1a: Chansey\n|\n|upkeep\n|turn|76\n|\n|t:|1772900633\n|move|p1a: Chansey|Thunderbolt|p2a: Chansey\n|-damage|p2a: Chansey|91/100 par\n|move|p2a: Chansey|Thunder Wave|p1a: Chansey\n|-fail|p1a: Chansey|par\n|\n|upkeep\n|turn|77\n|\n|t:|1772900637\n|move|p2a: Chansey|Thunder Wave|p1a: Chansey\n|-fail|p1a: Chansey|par\n|move|p1a: Chansey|Counter|p2a: Chansey\n|-fail|p1a: Chansey\n|\n|upkeep\n|turn|78\n|\n|t:|1772900640\n|move|p2a: Chansey|Thunder Wave|p1a: Chansey\n|-fail|p1a: Chansey|par\n|move|p1a: Chansey|Counter|p2a: Chansey\n|-fail|p1a: Chansey\n|\n|upkeep\n|turn|79\n|\n|t:|1772900643\n|switch|p1a: Starmie|Starmie|73/100 par\n|move|p2a: Chansey|Thunder Wave|p1a: Starmie\n|-fail|p1a: Starmie|par\n|\n|upkeep\n|turn|80\n|\n|t:|1772900646\n|switch|p1a: Chansey|Chansey|80/100 par\n|move|p2a: Chansey|Thunderbolt|p1a: Chansey\n|-damage|p1a: Chansey|70/100 par\n|\n|upkeep\n|turn|81\n|\n|t:|1772900650\n|switch|p2a: Starmie|Starmie|100/100\n|move|p1a: Chansey|Counter|p2a: Starmie\n|-fail|p1a: Chansey\n|\n|upkeep\n|turn|82\n|\n|t:|1772900654\n|switch|p2a: Chansey|Chansey|91/100 par\n|move|p1a: Chansey|Counter|p2a: Chansey\n|-fail|p1a: Chansey\n|\n|upkeep\n|turn|83\n|\n|t:|1772900658\n|move|p2a: Chansey|Thunderbolt|p1a: Chansey\n|-damage|p1a: Chansey|60/100 par\n|cant|p1a: Chansey|par\n|\n|upkeep\n|turn|84\n|\n|t:|1772900661\n|switch|p2a: Starmie|Starmie|100/100\n|move|p1a: Chansey|Soft-Boiled|p1a: Chansey\n|-heal|p1a: Chansey|100/100 par\n|\n|upkeep\n|turn|85\n|\n|t:|1772900667\n|switch|p2a: Chansey|Chansey|91/100 par\n|switch|p1a: Jynx|Jynx|100/100\n|\n|upkeep\n|turn|86\n|\n|t:|1772900671\n|switch|p1a: Chansey|Chansey|100/100 par\n|switch|p2a: Starmie|Starmie|100/100\n|\n|upkeep\n|turn|87\n|\n|t:|1772900678\n|switch|p1a: Jynx|Jynx|100/100\n|move|p2a: Starmie|Thunder Wave|p1a: Jynx\n|-status|p1a: Jynx|par\n|\n|upkeep\n|turn|88\n|\n|t:|1772900683\n|move|p2a: Starmie|Surf|p1a: Jynx\n|-damage|p1a: Jynx|67/100 par\n|move|p1a: Jynx|Rest|p1a: Jynx\n|-status|p1a: Jynx|slp|[from] move: Rest\n|-heal|p1a: Jynx|100/100 slp|[silent]\n|\n|upkeep\n|turn|89\n|\n|t:|1772900686\n|switch|p1a: Chansey|Chansey|100/100 par\n|move|p2a: Starmie|Surf|p1a: Chansey\n|-damage|p1a: Chansey|85/100 par\n|\n|upkeep\n|turn|90\n|\n|t:|1772900690\n|switch|p2a: Chansey|Chansey|91/100 par\n|switch|p1a: Jynx|Jynx|100/100 slp\n|\n|upkeep\n|turn|91\n|\n|t:|1772900693\n|switch|p2a: Cloyster|Cloyster|100/100 slp\n|cant|p1a: Jynx|slp\n|\n|upkeep\n|turn|92\n|\n|t:|1772900695\n|-curestatus|p1a: Jynx|slp|[msg]\n|cant|p2a: Cloyster|slp\n|\n|upkeep\n|turn|93\n|\n|t:|1772900698\n|switch|p2a: Starmie|Starmie|100/100\n|move|p1a: Jynx|Psychic|p2a: Starmie\n|-resisted|p2a: Starmie\n|-damage|p2a: Starmie|83/100\n|-unboost|p2a: Starmie|spa|1\n|-unboost|p2a: Starmie|spd|1\n|\n|upkeep\n|turn|94\n|\n|t:|1772900705\n|switch|p1a: Starmie|Starmie|73/100 par\n|move|p2a: Starmie|Recover|p2a: Starmie\n|-heal|p2a: Starmie|100/100\n|\n|upkeep\n|turn|95\n|\n|t:|1772900713\n|switch|p2a: Chansey|Chansey|91/100 par\n|cant|p1a: Starmie|par\n|\n|upkeep\n|turn|96\n|\n|t:|1772900717\n|switch|p1a: Chansey|Chansey|85/100 par\n|cant|p2a: Chansey|par\n|\n|upkeep\n|turn|97\n|\n|t:|1772900725\n|move|p2a: Chansey|Thunder Wave|p1a: Chansey\n|-fail|p1a: Chansey|par\n|move|p1a: Chansey|Ice Beam|p2a: Chansey\n|-damage|p2a: Chansey|80/100 par\n|\n|upkeep\n|turn|98\n|\n|t:|1772900733\n|cant|p2a: Chansey|par\n|move|p1a: Chansey|Counter|p2a: Chansey\n|-fail|p1a: Chansey\n|\n|upkeep\n|turn|99\n|\n|t:|1772900740\n|move|p2a: Chansey|Thunder Wave|p1a: Chansey\n|-fail|p1a: Chansey|par\n|move|p1a: Chansey|Thunderbolt|p2a: Chansey\n|-damage|p2a: Chansey|69/100 par\n|\n|upkeep\n|turn|100\n|\n|t:|1772900745\n|switch|p1a: Jynx|Jynx|100/100\n|move|p2a: Chansey|Soft-Boiled|p2a: Chansey\n|-heal|p2a: Chansey|100/100 par\n|\n|upkeep\n|turn|101\n|\n|t:|1772900750\n|move|p1a: Jynx|Psychic|p2a: Chansey\n|-damage|p2a: Chansey|86/100 par\n|move|p2a: Chansey|Thunder Wave|p1a: Jynx\n|-status|p1a: Jynx|par\n|\n|upkeep\n|turn|102\n|\n|t:|1772900754\n|switch|p2a: Starmie|Starmie|100/100\n|cant|p1a: Jynx|par\n|\n|upkeep\n|turn|103\n|\n|t:|1772900760\n|switch|p1a: Chansey|Chansey|85/100 par\n|move|p2a: Starmie|Surf|p1a: Chansey\n|-damage|p1a: Chansey|68/100 par\n|\n|upkeep\n|turn|104\n|\n|t:|1772900769\n|switch|p2a: Cloyster|Cloyster|100/100 slp\n|switch|p1a: Jynx|Jynx|100/100 par\n|\n|upkeep\n|turn|105\n|\n|t:|1772900774\n|switch|p2a: Starmie|Starmie|100/100\n|move|p1a: Jynx|Psychic|p2a: Starmie\n|-resisted|p2a: Starmie\n|-damage|p2a: Starmie|83/100\n|\n|upkeep\n|turn|106\n|\n|t:|1772900778\n|switch|p1a: Chansey|Chansey|68/100 par\n|move|p2a: Starmie|Surf|p1a: Chansey\n|-damage|p1a: Chansey|54/100 par\n|\n|upkeep\n|turn|107\n|\n|t:|1772900787\n|move|p2a: Starmie|Surf|p1a: Chansey\n|-damage|p1a: Chansey|38/100 par\n|move|p1a: Chansey|Soft-Boiled|p1a: Chansey\n|-heal|p1a: Chansey|88/100 par\n|\n|upkeep\n|turn|108\n|\n|t:|1772900792\n|switch|p2a: Chansey|Chansey|86/100 par\n|switch|p1a: Jynx|Jynx|100/100 par\n|\n|upkeep\n|turn|109\n|\n|t:|1772900795\n|switch|p2a: Starmie|Starmie|83/100\n|move|p1a: Jynx|Psychic|p2a: Starmie\n|-resisted|p2a: Starmie\n|-damage|p2a: Starmie|68/100\n|\n|upkeep\n|turn|110\n|\n|t:|1772900801\n|switch|p1a: Chansey|Chansey|88/100 par\n|move|p2a: Starmie|Recover|p2a: Starmie\n|-heal|p2a: Starmie|100/100\n|\n|upkeep\n|turn|111\n|\n|t:|1772900806\n|switch|p1a: Jynx|Jynx|100/100 par\n|move|p2a: Starmie|Thunderbolt|p1a: Jynx\n|-damage|p1a: Jynx|77/100 par\n|\n|upkeep\n|turn|112\n|\n|t:|1772900810\n|switch|p1a: Chansey|Chansey|88/100 par\n|move|p2a: Starmie|Surf|p1a: Chansey\n|-crit|p1a: Chansey\n|-damage|p1a: Chansey|57/100 par\n|\n|upkeep\n|turn|113\n|\n|t:|1772900813\n|switch|p2a: Cloyster|Cloyster|100/100 slp\n|move|p1a: Chansey|Soft-Boiled|p1a: Chansey\n|-heal|p1a: Chansey|100/100 par\n|\n|upkeep\n|turn|114\n|\n|t:|1772900817\n|switch|p2a: Chansey|Chansey|86/100 par\n|switch|p1a: Tauros|Tauros|21/100\n|\n|upkeep\n|turn|115\n|\n|t:|1772900832\n|move|p1a: Tauros|Hyper Beam|p2a: Chansey\n|-damage|p2a: Chansey|14/100 par\n|-mustrecharge|p1a: Tauros\n|move|p2a: Chansey|Thunderbolt|p1a: Tauros\n|-crit|p1a: Tauros\n|-damage|p1a: Tauros|0 fnt\n|faint|p1a: Tauros\n|\n|t:|1772900843\n|switch|p1a: Starmie|Starmie|73/100 par\n|turn|116\n|\n|t:|1772900861\n|switch|p2a: Starmie|Starmie|100/100\n|cant|p1a: Starmie|par\n|\n|upkeep\n|turn|117\n|\n|t:|1772900868\n|switch|p1a: Chansey|Chansey|100/100 par\n|move|p2a: Starmie|Thunderbolt|p1a: Chansey\n|-crit|p1a: Chansey\n|-damage|p1a: Chansey|79/100 par\n|\n|upkeep\n|turn|118\n|\n|t:|1772900875\n|switch|p2a: Rhydon|Rhydon|32/100 frz\n|cant|p1a: Chansey|par\n|\n|upkeep\n|turn|119\n|\n|t:|1772900880\n|switch|p2a: Starmie|Starmie|100/100\n|move|p1a: Chansey|Ice Beam|p2a: Starmie\n|-resisted|p2a: Starmie\n|-damage|p2a: Starmie|89/100\n|\n|upkeep\n|turn|120\n|\n|t:|1772900885\n|move|p2a: Starmie|Recover|p2a: Starmie\n|-heal|p2a: Starmie|100/100\n|move|p1a: Chansey|Thunderbolt|p2a: Starmie\n|-supereffective|p2a: Starmie\n|-damage|p2a: Starmie|48/100\n|-status|p2a: Starmie|par\n|\n|upkeep\n|turn|121\n|\n|t:|1772900892\n|move|p2a: Starmie|Recover|p2a: Starmie\n|-heal|p2a: Starmie|98/100 par\n|move|p1a: Chansey|Thunderbolt|p2a: Starmie\n|-supereffective|p2a: Starmie\n|-damage|p2a: Starmie|53/100 par\n|\n|upkeep\n|turn|122\n|\n|t:|1772900899\n|switch|p1a: Jynx|Jynx|77/100 par\n|move|p2a: Starmie|Recover|p2a: Starmie\n|-heal|p2a: Starmie|100/100 par\n|\n|upkeep\n|turn|123\n|\n|t:|1772900905\n|cant|p2a: Starmie|par\n|move|p1a: Jynx|Psychic|p2a: Starmie\n|-resisted|p2a: Starmie\n|-damage|p2a: Starmie|83/100 par\n|\n|upkeep\n|turn|124\n|\n|t:|1772900911\n|switch|p1a: Chansey|Chansey|79/100 par\n|move|p2a: Starmie|Surf|p1a: Chansey\n|-damage|p1a: Chansey|65/100 par\n|\n|upkeep\n|turn|125\n|\n|t:|1772900915\n|move|p2a: Starmie|Recover|p2a: Starmie\n|-heal|p2a: Starmie|100/100 par\n|cant|p1a: Chansey|par\n|\n|upkeep\n|turn|126\n|\n|t:|1772900922\n|switch|p2a: Chansey|Chansey|14/100 par\n|move|p1a: Chansey|Soft-Boiled|p1a: Chansey\n|-heal|p1a: Chansey|100/100 par\n|\n|upkeep\n|turn|127\n|\n|t:|1772900926\n|move|p1a: Chansey|Ice Beam|p2a: Chansey\n|-damage|p2a: Chansey|5/100 par\n|move|p2a: Chansey|Soft-Boiled|p2a: Chansey\n|-heal|p2a: Chansey|55/100 par\n|\n|upkeep\n|turn|128\n|\n|t:|1772900932\n|switch|p1a: Starmie|Starmie|73/100 par\n|move|p2a: Chansey|Soft-Boiled|p2a: Chansey\n|-heal|p2a: Chansey|100/100 par\n|\n|upkeep\n|turn|129\n|\n|t:|1772900940\n|switch|p1a: Chansey|Chansey|100/100 par\n|cant|p2a: Chansey|par\n|\n|upkeep\n|turn|130\n|\n|t:|1772900945\n|switch|p1a: Starmie|Starmie|73/100 par\n|move|p2a: Chansey|Thunder Wave|p1a: Starmie\n|-fail|p1a: Starmie|par\n|\n|upkeep\n|turn|131\n|\n|t:|1772900950\n|switch|p1a: Chansey|Chansey|100/100 par\n|move|p2a: Chansey|Thunderbolt|p1a: Chansey\n|-damage|p1a: Chansey|90/100 par\n|\n|upkeep\n|turn|132\n|\n|t:|1772900954\n|switch|p2a: Starmie|Starmie|100/100 par\n|move|p1a: Chansey|Ice Beam|p2a: Starmie\n|-resisted|p2a: Starmie\n|-damage|p2a: Starmie|89/100 par\n|\n|upkeep\n|turn|133\n|\n|t:|1772900959\n|switch|p2a: Chansey|Chansey|100/100 par\n|switch|p1a: Jynx|Jynx|77/100 par\n|\n|upkeep\n|turn|134\n|\n|t:|1772900966\n|move|p1a: Jynx|Psychic|p2a: Chansey\n|-damage|p2a: Chansey|87/100 par\n|move|p2a: Chansey|Thunderbolt|p1a: Jynx\n|-damage|p1a: Jynx|52/100 par\n|\n|upkeep\n|turn|135\n|\n|t:|1772900971\n|switch|p2a: Starmie|Starmie|89/100 par\n|move|p1a: Jynx|Psychic|p2a: Starmie\n|-resisted|p2a: Starmie\n|-damage|p2a: Starmie|74/100 par\n|\n|upkeep\n|turn|136\n|\n|t:|1772900975\n|switch|p1a: Chansey|Chansey|90/100 par\n|cant|p2a: Starmie|par\n|\n|upkeep\n|turn|137\n|\n|t:|1772900979\n|switch|p2a: Chansey|Chansey|87/100 par\n|move|p1a: Chansey|Thunderbolt|p2a: Chansey\n|-damage|p2a: Chansey|77/100 par\n|\n|upkeep\n|turn|138\n|\n|t:|1772900987\n|move|p2a: Chansey|Thunder Wave|p1a: Chansey\n|-fail|p1a: Chansey|par\n|move|p1a: Chansey|Thunderbolt|p2a: Chansey\n|-damage|p2a: Chansey|66/100 par\n|\n|upkeep\n|turn|139\n|\n|t:|1772900989\n|switch|p1a: Starmie|Starmie|73/100 par\n|move|p2a: Chansey|Soft-Boiled|p2a: Chansey\n|-heal|p2a: Chansey|100/100 par\n|\n|upkeep\n|turn|140\n|\n|t:|1772900993\n|move|p1a: Starmie|Recover|p1a: Starmie\n|-heal|p1a: Starmie|100/100 par\n|move|p2a: Chansey|Thunderbolt|p1a: Starmie\n|-supereffective|p1a: Starmie\n|-damage|p1a: Starmie|53/100 par\n|\n|upkeep\n|turn|141\n|\n|t:|1772900997\n|move|p1a: Starmie|Recover|p1a: Starmie\n|-heal|p1a: Starmie|100/100 par\n|move|p2a: Chansey|Thunderbolt|p1a: Starmie\n|-supereffective|p1a: Starmie\n|-damage|p1a: Starmie|51/100 par\n|\n|upkeep\n|turn|142\n|\n|t:|1772901001\n|move|p1a: Starmie|Recover|p1a: Starmie\n|-heal|p1a: Starmie|100/100 par\n|move|p2a: Chansey|Thunderbolt|p1a: Starmie\n|-supereffective|p1a: Starmie\n|-damage|p1a: Starmie|51/100 par\n|\n|upkeep\n|turn|143\n|\n|t:|1772901005\n|move|p1a: Starmie|Recover|p1a: Starmie\n|-heal|p1a: Starmie|100/100 par\n|move|p2a: Chansey|Thunderbolt|p1a: Starmie\n|-supereffective|p1a: Starmie\n|-damage|p1a: Starmie|55/100 par\n|\n|upkeep\n|turn|144\n|\n|t:|1772901009\n|move|p1a: Starmie|Recover|p1a: Starmie\n|-heal|p1a: Starmie|100/100 par\n|cant|p2a: Chansey|par\n|\n|upkeep\n|turn|145\n|\n|t:|1772901011\n|switch|p1a: Chansey|Chansey|90/100 par\n|cant|p2a: Chansey|par\n|\n|upkeep\n|turn|146\n|\n|t:|1772901016\n|move|p2a: Chansey|Ice Beam|p1a: Chansey\n|-damage|p1a: Chansey|78/100 par\n|move|p1a: Chansey|Counter|p2a: Chansey\n|-fail|p1a: Chansey\n|\n|upkeep\n|turn|147\n|\n|t:|1772901022\n|switch|p2a: Cloyster|Cloyster|100/100 slp\n|switch|p1a: Starmie|Starmie|100/100 par\n|\n|upkeep\n|turn|148\n|\n|t:|1772901025\n|switch|p2a: Chansey|Chansey|100/100 par\n|cant|p1a: Starmie|par\n|\n|upkeep\n|turn|149\n|\n|t:|1772901032\n|switch|p1a: Chansey|Chansey|78/100 par\n|switch|p2a: Cloyster|Cloyster|100/100 slp\n|\n|upkeep\n|turn|150\n|\n|t:|1772901037\n|cant|p2a: Cloyster|slp\n|move|p1a: Chansey|Thunderbolt|p2a: Cloyster\n|-supereffective|p2a: Cloyster\n|-damage|p2a: Cloyster|47/100 slp\n|\n|upkeep\n|turn|151\n|\n|t:|1772901047\n|-curestatus|p2a: Cloyster|slp|[msg]\n|move|p1a: Chansey|Thunderbolt|p2a: Cloyster\n|-supereffective|p2a: Cloyster\n|-damage|p2a: Cloyster|0 fnt\n|faint|p2a: Cloyster\n|\n|t:|1772901058\n|switch|p2a: Starmie|Starmie|74/100 par\n|turn|152\n|\n|t:|1772901063\n|switch|p2a: Chansey|Chansey|100/100 par\n|move|p1a: Chansey|Counter|p2a: Chansey\n|-fail|p1a: Chansey\n|\n|upkeep\n|turn|153\n|\n|t:|1772901068\n|switch|p2a: Starmie|Starmie|74/100 par\n|switch|p1a: Jynx|Jynx|52/100 par\n|\n|upkeep\n|turn|154\n|\n|t:|1772901073\n|switch|p1a: Chansey|Chansey|78/100 par\n|move|p2a: Starmie|Surf|p1a: Chansey\n|-damage|p1a: Chansey|62/100 par\n|\n|upkeep\n|turn|155\n|\n|t:|1772901079\n|cant|p2a: Starmie|par\n|move|p1a: Chansey|Counter|p2a: Starmie\n|-fail|p1a: Chansey\n|\n|upkeep\n|turn|156\n|\n|t:|1772901081\n|move|p2a: Starmie|Recover|p2a: Starmie\n|-heal|p2a: Starmie|100/100 par\n|move|p1a: Chansey|Counter|p2a: Starmie\n|-fail|p1a: Chansey\n|\n|upkeep\n|turn|157\n|\n|t:|1772901086\n|switch|p2a: Chansey|Chansey|100/100 par\n|move|p1a: Chansey|Counter|p2a: Chansey\n|-fail|p1a: Chansey\n|\n|upkeep\n|turn|158\n|\n|t:|1772901092\n|switch|p2a: Starmie|Starmie|100/100 par\n|move|p1a: Chansey|Soft-Boiled|p1a: Chansey\n|-heal|p1a: Chansey|100/100 par\n|\n|upkeep\n|turn|159\n|\n|t:|1772901097\n|move|p2a: Starmie|Surf|p1a: Chansey\n|-damage|p1a: Chansey|85/100 par\n|move|p1a: Chansey|Counter|p2a: Starmie\n|-fail|p1a: Chansey\n|\n|upkeep\n|turn|160\n|\n|t:|1772901101\n|switch|p2a: Chansey|Chansey|100/100 par\n|cant|p1a: Chansey|par\n|\n|upkeep\n|turn|161\n|\n|t:|1772901106\n|switch|p1a: Starmie|Starmie|100/100 par\n|switch|p2a: Starmie|Starmie|100/100 par\n|\n|upkeep\n|turn|162\n|\n|t:|1772901111\n|switch|p2a: Chansey|Chansey|100/100 par\n|switch|p1a: Chansey|Chansey|85/100 par\n|\n|upkeep\n|turn|163\n|\n|t:|1772901116\n|switch|p2a: Starmie|Starmie|100/100 par\n|cant|p1a: Chansey|par\n|\n|upkeep\n|turn|164\n|\n|t:|1772901121\n|move|p2a: Starmie|Thunderbolt|p1a: Chansey\n|-damage|p1a: Chansey|75/100 par\n|move|p1a: Chansey|Ice Beam|p2a: Starmie\n|-resisted|p2a: Starmie\n|-damage|p2a: Starmie|88/100 par\n|\n|upkeep\n|turn|165\n|\n|t:|1772901123\n|move|p2a: Starmie|Surf|p1a: Chansey\n|-damage|p1a: Chansey|59/100 par\n|move|p1a: Chansey|Counter|p2a: Starmie\n|-fail|p1a: Chansey\n|\n|upkeep\n|turn|166\n|\n|t:|1772901128\n|cant|p2a: Starmie|par\n|move|p1a: Chansey|Soft-Boiled|p1a: Chansey\n|-heal|p1a: Chansey|100/100 par\n|\n|upkeep\n|turn|167\n|\n|t:|1772901133\n|move|p2a: Starmie|Recover|p2a: Starmie\n|-heal|p2a: Starmie|100/100 par\n|move|p1a: Chansey|Thunderbolt|p2a: Starmie\n|-supereffective|p2a: Starmie\n|-damage|p2a: Starmie|48/100 par\n|\n|upkeep\n|turn|168\n|\n|t:|1772901142\n|switch|p1a: Starmie|Starmie|100/100 par\n|cant|p2a: Starmie|par\n|\n|upkeep\n|turn|169\n|\n|t:|1772901146\n|switch|p2a: Chansey|Chansey|100/100 par\n|move|p1a: Starmie|Thunderbolt|p2a: Chansey\n|-damage|p2a: Chansey|90/100 par\n|\n|upkeep\n|turn|170\n|\n|t:|1772901151\n|switch|p1a: Jynx|Jynx|52/100 par\n|move|p2a: Chansey|Thunderbolt|p1a: Jynx\n|-damage|p1a: Jynx|29/100 par\n|\n|upkeep\n|turn|171\n|\n|t:|1772901155\n|switch|p2a: Starmie|Starmie|48/100 par\n|move|p1a: Jynx|Rest|p1a: Jynx\n|-status|p1a: Jynx|slp|[from] move: Rest\n|-heal|p1a: Jynx|100/100 slp|[silent]\n|\n|upkeep\n|turn|172\n|\n|t:|1772901161\n|move|p2a: Starmie|Recover|p2a: Starmie\n|-heal|p2a: Starmie|98/100 par\n|cant|p1a: Jynx|slp\n|\n|upkeep\n|turn|173\n|\n|t:|1772901165\n|move|p2a: Starmie|Surf|p1a: Jynx\n|-damage|p1a: Jynx|65/100 slp\n|-curestatus|p1a: Jynx|slp|[msg]\n|\n|upkeep\n|turn|174\n|\n|t:|1772901168\n|switch|p1a: Chansey|Chansey|100/100 par\n|move|p2a: Starmie|Surf|p1a: Chansey\n|-damage|p1a: Chansey|86/100 par\n|\n|upkeep\n|turn|175\n|\n|t:|1772901178\n|move|p2a: Starmie|Thunder Wave|p1a: Chansey\n|-fail|p1a: Chansey|par\n|move|p1a: Chansey|Ice Beam|p2a: Starmie\n|-resisted|p2a: Starmie\n|-damage|p2a: Starmie|87/100 par\n|\n|upkeep\n|turn|176\n|\n|t:|1772901184\n|cant|p2a: Starmie|par\n|cant|p1a: Chansey|par\n|\n|upkeep\n|turn|177\n|\n|t:|1772901187\n|move|p2a: Starmie|Thunderbolt|p1a: Chansey\n|-damage|p1a: Chansey|75/100 par\n|move|p1a: Chansey|Counter|p2a: Starmie\n|-fail|p1a: Chansey\n|\n|upkeep\n|turn|178\n|\n|t:|1772901189\n|switch|p1a: Jynx|Jynx|65/100\n|move|p2a: Starmie|Thunderbolt|p1a: Jynx\n|-crit|p1a: Jynx\n|-damage|p1a: Jynx|20/100\n|\n|upkeep\n|turn|179\n|\n|t:|1772901196\n|move|p1a: Jynx|Rest|p1a: Jynx\n|-status|p1a: Jynx|slp|[from] move: Rest\n|-heal|p1a: Jynx|100/100 slp|[silent]\n|cant|p2a: Starmie|par\n|\n|upkeep\n|turn|180\n|\n|t:|1772901201\n|cant|p1a: Jynx|slp\n|move|p2a: Starmie|Thunderbolt|p1a: Jynx\n|-damage|p1a: Jynx|76/100 slp\n|\n|upkeep\n|turn|181\n|\n|t:|1772901204\n|-curestatus|p1a: Jynx|slp|[msg]\n|move|p2a: Starmie|Thunder Wave|p1a: Jynx\n|-status|p1a: Jynx|par\n|\n|upkeep\n|turn|182\n|\n|t:|1772901209\n|switch|p1a: Chansey|Chansey|75/100 par\n|move|p2a: Starmie|Thunderbolt|p1a: Chansey\n|-damage|p1a: Chansey|65/100 par\n|\n|upkeep\n|turn|183\n|\n|t:|1772901215\n|switch|p2a: Chansey|Chansey|90/100 par\n|move|p1a: Chansey|Counter|p2a: Chansey\n|-fail|p1a: Chansey\n|\n|upkeep\n|turn|184\n|\n|t:|1772901220\n|switch|p2a: Starmie|Starmie|87/100 par\n|switch|p1a: Starmie|Starmie|100/100 par\n|\n|upkeep\n|turn|185\n|\n|t:|1772901225\n|switch|p2a: Chansey|Chansey|90/100 par\n|move|p1a: Starmie|Thunderbolt|p2a: Chansey\n|-damage|p2a: Chansey|80/100 par\n|\n|upkeep\n|turn|186\n|\n|t:|1772901233\n|move|p1a: Starmie|Surf|p2a: Chansey\n|-damage|p2a: Chansey|65/100 par\n|move|p2a: Chansey|Thunder Wave|p1a: Starmie\n|-fail|p1a: Starmie|par\n|\n|upkeep\n|turn|187\n|\n|t:|1772901237\n|switch|p1a: Jynx|Jynx|76/100 par\n|cant|p2a: Chansey|par\n|\n|upkeep\n|turn|188\n|\n|t:|1772901242\n|move|p1a: Jynx|Ice Beam|p2a: Chansey\n|-damage|p2a: Chansey|50/100 par\n|move|p2a: Chansey|Soft-Boiled|p2a: Chansey\n|-heal|p2a: Chansey|99/100 par\n|\n|upkeep\n|turn|189\n|\n|t:|1772901246\n|switch|p2a: Starmie|Starmie|87/100 par\n|move|p1a: Jynx|Psychic|p2a: Starmie\n|-resisted|p2a: Starmie\n|-damage|p2a: Starmie|71/100 par\n|\n|upkeep\n|turn|190\n|\n|t:|1772901252\n|move|p2a: Starmie|Surf|p1a: Jynx\n|-damage|p1a: Jynx|40/100 par\n|move|p1a: Jynx|Psychic|p2a: Starmie\n|-resisted|p2a: Starmie\n|-damage|p2a: Starmie|54/100 par\n|\n|upkeep\n|turn|191\n|\n|t:|1772901258\n|move|p2a: Starmie|Surf|p1a: Jynx\n|-crit|p1a: Jynx\n|-damage|p1a: Jynx|0 fnt\n|faint|p1a: Jynx\n|\n|t:|1772901260\n|switch|p1a: Starmie|Starmie|100/100 par\n|turn|192\n|\n|t:|1772901263\n|switch|p2a: Chansey|Chansey|99/100 par\n|move|p1a: Starmie|Thunderbolt|p2a: Chansey\n|-crit|p2a: Chansey\n|-damage|p2a: Chansey|80/100 par\n|\n|upkeep\n|turn|193\n|\n|t:|1772901270\n|cant|p1a: Starmie|par\n|cant|p2a: Chansey|par\n|\n|upkeep\n|turn|194\n|\n|t:|1772901273\n|move|p1a: Starmie|Surf|p2a: Chansey\n|-damage|p2a: Chansey|66/100 par\n|move|p2a: Chansey|Thunderbolt|p1a: Starmie\n|-supereffective|p1a: Starmie\n|-damage|p1a: Starmie|48/100 par\n|\n|upkeep\n|turn|195\n|\n|t:|1772901278\n|cant|p1a: Starmie|par\n|move|p2a: Chansey|Thunderbolt|p1a: Starmie\n|-supereffective|p1a: Starmie\n|-damage|p1a: Starmie|0 fnt\n|faint|p1a: Starmie\n|\n|t:|1772901280\n|switch|p1a: Chansey|Chansey|65/100 par\n|turn|196\n|c|☆sadisticnarwhal|ggs\n|-message|sadisticnarwhal forfeited.\n|\n|win|Isza\n","uploadtime":1772901284,"views":"1142","formatid":"gen1ou","rating":null,"private":0,"password":null}