{"id":"smogtours-gen1ou-946173","format":"[Gen 1] OU","players":["Frrf","zugubu royale"],"log":"|inactive|Battle timer is ON: inactive players will automatically lose when time's up.\n|t:|1781380230\n|gametype|singles\n|player|p1|Frrf|#rbyplivglacialarticunos|\n|player|p2|zugubu royale|2|\n|gen|1\n|tier|[Gen 1] OU\n|rule|Desync Clause Mod: Desyncs changed to move failure.\n|rule|HP Percentage Mod: HP is shown in percentages\n|rule|Endless Battle Clause: Forcing endless battles is banned\n|rule|Sleep Clause Mod: Limit one foe put to sleep\n|rule|Freeze Clause Mod: Limit one foe frozen\n|rule|Species Clause: Limit one of each Pokémon\n|rule|OHKO Clause: OHKO moves are banned\n|rule|Evasion Moves Clause: Evasion moves are banned\n|\n|t:|1781380230\n|teamsize|p1|6\n|teamsize|p2|6\n|start\n|switch|p1a: Alakazam|Alakazam|100/100\n|switch|p2a: Alakazam|Alakazam|100/100\n|turn|1\n|\n|t:|1781380238\n|switch|p2a: Chansey|Chansey|100/100\n|move|p1a: Alakazam|Thunder Wave|p2a: Chansey\n|-status|p2a: Chansey|par\n|\n|upkeep\n|turn|2\n|\n|t:|1781380245\n|move|p1a: Alakazam|Psychic|p2a: Chansey\n|-crit|p2a: Chansey\n|-damage|p2a: Chansey|68/100 par\n|move|p2a: Chansey|Ice Beam|p1a: Alakazam\n|-damage|p1a: Alakazam|79/100\n|\n|upkeep\n|turn|3\n|\n|t:|1781380248\n|move|p1a: Alakazam|Psychic|p2a: Chansey\n|-crit|p2a: Chansey\n|-damage|p2a: Chansey|34/100 par\n|move|p2a: Chansey|Soft-Boiled|p2a: Chansey\n|-heal|p2a: Chansey|84/100 par\n|\n|upkeep\n|turn|4\n|\n|t:|1781380252\n|move|p1a: Alakazam|Psychic|p2a: Chansey\n|-damage|p2a: Chansey|66/100 par\n|cant|p2a: Chansey|par\n|\n|upkeep\n|turn|5\n|\n|t:|1781380256\n|switch|p1a: Snorlax|Snorlax|100/100\n|cant|p2a: Chansey|par\n|\n|upkeep\n|turn|6\n|\n|t:|1781380261\n|switch|p2a: Exeggutor|Exeggutor|100/100\n|move|p1a: Snorlax|Body Slam|p2a: Exeggutor\n|-crit|p2a: Exeggutor\n|-damage|p2a: Exeggutor|44/100\n|\n|upkeep\n|turn|7\n|\n|t:|1781380264\n|switch|p1a: Alakazam|Alakazam|79/100\n|move|p2a: Exeggutor|Sleep Powder|p1a: Alakazam|[miss]\n|-miss|p2a: Exeggutor\n|\n|upkeep\n|turn|8\n|\n|t:|1781380278\n|switch|p2a: Chansey|Chansey|66/100 par\n|move|p1a: Alakazam|Seismic Toss|p2a: Chansey\n|-damage|p2a: Chansey|52/100 par\n|\n|upkeep\n|turn|9\n|\n|t:|1781380281\n|switch|p1a: Snorlax|Snorlax|100/100\n|move|p2a: Chansey|Thunder Wave|p1a: Snorlax\n|-status|p1a: Snorlax|par\n|\n|upkeep\n|turn|10\n|\n|t:|1781380284\n|switch|p2a: Snorlax|Snorlax|100/100\n|cant|p1a: Snorlax|par\n|\n|upkeep\n|turn|11\n|\n|t:|1781380288\n|switch|p1a: Victreebel|Victreebel|100/100\n|move|p2a: Snorlax|Reflect|p2a: Snorlax\n|-start|p2a: Snorlax|Reflect\n|\n|upkeep\n|turn|12\n|\n|t:|1781380298\n|move|p1a: Victreebel|Sleep Powder|p2a: Snorlax|[miss]\n|-miss|p1a: Victreebel\n|move|p2a: Snorlax|Body Slam|p1a: Victreebel\n|-damage|p1a: Victreebel|64/100\n|\n|upkeep\n|turn|13\n|c|+Koalacancee|rohhh\n|\n|t:|1781380319\n|move|p1a: Victreebel|Sleep Powder|p2a: Snorlax|[miss]\n|-miss|p1a: Victreebel\n|move|p2a: Snorlax|Body Slam|p1a: Victreebel\n|-damage|p1a: Victreebel|26/100\n|-status|p1a: Victreebel|par\n|\n|upkeep\n|turn|14\n|c|+Koalacancee|ROHHHH\n|\n|t:|1781380326\n|move|p2a: Snorlax|Body Slam|p1a: Victreebel\n|-damage|p1a: Victreebel|0 fnt\n|faint|p1a: Victreebel\n|\n|t:|1781380327\n|switch|p1a: Starmie|Starmie|100/100\n|turn|15\n|\n|t:|1781380331\n|move|p1a: Starmie|Thunder Wave|p2a: Snorlax\n|-status|p2a: Snorlax|par\n|move|p2a: Snorlax|Body Slam|p1a: Starmie\n|-damage|p1a: Starmie|65/100\n|-status|p1a: Starmie|par\n|\n|upkeep\n|turn|16\n|\n|t:|1781380334\n|move|p1a: Starmie|Recover|p1a: Starmie\n|-heal|p1a: Starmie|100/100 par\n|move|p2a: Snorlax|Body Slam|p1a: Starmie\n|-damage|p1a: Starmie|61/100 par\n|\n|upkeep\n|turn|17\n|\n|t:|1781380338\n|move|p1a: Starmie|Recover|p1a: Starmie\n|-heal|p1a: Starmie|100/100 par\n|move|p2a: Snorlax|Hyper Beam|p1a: Starmie\n|-damage|p1a: Starmie|33/100 par\n|-mustrecharge|p2a: Snorlax\n|\n|upkeep\n|turn|18\n|\n|t:|1781380342\n|cant|p1a: Starmie|par\n|cant|p2a: Snorlax|recharge\n|\n|upkeep\n|turn|19\n|\n|t:|1781380345\n|move|p1a: Starmie|Recover|p1a: Starmie\n|-heal|p1a: Starmie|83/100 par\n|move|p2a: Snorlax|Hyper Beam|p1a: Starmie\n|-damage|p1a: Starmie|19/100 par\n|-mustrecharge|p2a: Snorlax\n|\n|upkeep\n|turn|20\n|\n|t:|1781380349\n|move|p1a: Starmie|Recover|p1a: Starmie\n|-heal|p1a: Starmie|69/100 par\n|cant|p2a: Snorlax|recharge\n|\n|upkeep\n|turn|21\n|\n|t:|1781380354\n|cant|p1a: Starmie|par\n|cant|p2a: Snorlax|par\n|\n|upkeep\n|turn|22\n|\n|t:|1781380356\n|cant|p1a: Starmie|par\n|cant|p2a: Snorlax|par\n|\n|upkeep\n|turn|23\n|\n|t:|1781380358\n|move|p1a: Starmie|Recover|p1a: Starmie\n|-heal|p1a: Starmie|100/100 par\n|move|p2a: Snorlax|Body Slam|p1a: Starmie\n|-damage|p1a: Starmie|66/100 par\n|\n|upkeep\n|turn|24\n|\n|t:|1781380360\n|move|p1a: Starmie|Psychic|p2a: Snorlax\n|-crit|p2a: Snorlax\n|-damage|p2a: Snorlax|48/100 par\n|move|p2a: Snorlax|Body Slam|p1a: Starmie\n|-crit|p1a: Starmie\n|-damage|p1a: Starmie|0 fnt\n|faint|p1a: Starmie\n|-message|Frrf forfeited.\n|\n|win|zugubu royale\n|c|☆Frrf|yeah nah\n|c|☆zugubu royale|srry\n|c|☆zugubu royale|/log zugubu royale made the replay of this battle unlisted.\n|c|☆Frrf|happens\n|c|☆Frrf|gl next\n|c|☆zugubu royale|ggs\n|player|p2|\n|player|p1|\n","uploadtime":1781380365,"views":"71","formatid":"gen1ou","rating":null,"private":2,"password":null}