{"id":"smogtours-gen1ou-911269","format":"[Gen 1] OU","players":["sadisticnarwhal","nicole7735"],"log":"|inactive|Battle timer is ON: inactive players will automatically lose when time's up.\n|t:|1771713706\n|gametype|singles\n|player|p1|sadisticnarwhal|#splxviiruiners2|\n|player|p2|nicole7735|#splxviiscooters|\n|gen|1\n|tier|[Gen 1] OU\n|rule|Desync Clause Mod: Desyncs changed to move failure.\n|rule|Sleep Clause Mod: Limit one foe put to sleep\n|rule|Freeze Clause Mod: Limit one foe frozen\n|rule|Species Clause: Limit one of each Pokémon\n|rule|OHKO Clause: OHKO moves are banned\n|rule|Evasion Moves Clause: Evasion moves are banned\n|rule|Endless Battle Clause: Forcing endless battles is banned\n|rule|HP Percentage Mod: HP is shown in percentages\n|\n|t:|1771713706\n|teamsize|p1|6\n|teamsize|p2|6\n|start\n|switch|p1a: Jynx|Jynx|100/100\n|switch|p2a: Starmie|Starmie|100/100\n|turn|1\n|c|☆nicole7735|hf\n|c|☆sadisticnarwhal|hf\n|\n|t:|1771713727\n|move|p2a: Starmie|Thunder Wave|p1a: Jynx\n|-status|p1a: Jynx|par\n|move|p1a: Jynx|Lovely Kiss|p2a: Starmie\n|-status|p2a: Starmie|slp|[from] move: Lovely Kiss\n|\n|upkeep\n|turn|2\n|\n|t:|1771713731\n|switch|p2a: Chansey|Chansey|100/100\n|move|p1a: Jynx|Blizzard|p2a: Chansey\n|-crit|p2a: Chansey\n|-damage|p2a: Chansey|62/100\n|\n|upkeep\n|turn|3\n|\n|t:|1771713737\n|move|p2a: Chansey|Seismic Toss|p1a: Jynx\n|-damage|p1a: Jynx|70/100 par\n|cant|p1a: Jynx|par\n|\n|upkeep\n|turn|4\n|\n|t:|1771713741\n|move|p2a: Chansey|Seismic Toss|p1a: Jynx\n|-damage|p1a: Jynx|40/100 par\n|move|p1a: Jynx|Rest|p1a: Jynx\n|-status|p1a: Jynx|slp|[from] move: Rest\n|-heal|p1a: Jynx|100/100 slp|[silent]\n|\n|upkeep\n|turn|5\n|\n|t:|1771713745\n|move|p2a: Chansey|Seismic Toss|p1a: Jynx\n|-damage|p1a: Jynx|70/100 slp\n|cant|p1a: Jynx|slp\n|\n|upkeep\n|turn|6\n|\n|t:|1771713747\n|move|p2a: Chansey|Seismic Toss|p1a: Jynx\n|-damage|p1a: Jynx|40/100 slp\n|-curestatus|p1a: Jynx|slp|[msg]\n|\n|upkeep\n|turn|7\n|\n|t:|1771713749\n|move|p2a: Chansey|Seismic Toss|p1a: Jynx\n|-damage|p1a: Jynx|10/100\n|move|p1a: Jynx|Rest|p1a: Jynx\n|-status|p1a: Jynx|slp|[from] move: Rest\n|-heal|p1a: Jynx|100/100 slp|[silent]\n|\n|upkeep\n|turn|8\n|\n|t:|1771713758\n|move|p2a: Chansey|Seismic Toss|p1a: Jynx\n|-damage|p1a: Jynx|70/100 slp\n|cant|p1a: Jynx|slp\n|\n|upkeep\n|turn|9\n|\n|t:|1771713760\n|switch|p1a: Chansey|Chansey|100/100\n|move|p2a: Chansey|Seismic Toss|p1a: Chansey\n|-damage|p1a: Chansey|86/100\n|\n|upkeep\n|turn|10\n|\n|t:|1771713762\n|switch|p1a: Jynx|Jynx|70/100 slp\n|move|p2a: Chansey|Sing|p1a: Jynx\n|-fail|p1a: Jynx|slp\n|\n|upkeep\n|turn|11\n|\n|t:|1771713765\n|-curestatus|p1a: Jynx|slp|[msg]\n|move|p2a: Chansey|Thunder Wave|p1a: Jynx\n|-status|p1a: Jynx|par\n|\n|upkeep\n|turn|12\n|\n|t:|1771713768\n|move|p2a: Chansey|Seismic Toss|p1a: Jynx\n|-damage|p1a: Jynx|40/100 par\n|move|p1a: Jynx|Rest|p1a: Jynx\n|-status|p1a: Jynx|slp|[from] move: Rest\n|-heal|p1a: Jynx|100/100 slp|[silent]\n|\n|upkeep\n|turn|13\n|\n|t:|1771713770\n|move|p2a: Chansey|Seismic Toss|p1a: Jynx\n|-damage|p1a: Jynx|70/100 slp\n|cant|p1a: Jynx|slp\n|\n|upkeep\n|turn|14\n|\n|t:|1771713771\n|move|p2a: Chansey|Seismic Toss|p1a: Jynx\n|-damage|p1a: Jynx|40/100 slp\n|-curestatus|p1a: Jynx|slp|[msg]\n|\n|upkeep\n|turn|15\n|\n|t:|1771713774\n|move|p2a: Chansey|Soft-Boiled|p2a: Chansey\n|-heal|p2a: Chansey|100/100\n|move|p1a: Jynx|Rest|p1a: Jynx\n|-status|p1a: Jynx|slp|[from] move: Rest\n|-heal|p1a: Jynx|100/100 slp|[silent]\n|\n|upkeep\n|turn|16\n|\n|t:|1771713777\n|move|p2a: Chansey|Seismic Toss|p1a: Jynx\n|-damage|p1a: Jynx|70/100 slp\n|cant|p1a: Jynx|slp\n|\n|upkeep\n|turn|17\n|\n|t:|1771713778\n|move|p2a: Chansey|Seismic Toss|p1a: Jynx\n|-damage|p1a: Jynx|40/100 slp\n|-curestatus|p1a: Jynx|slp|[msg]\n|\n|upkeep\n|turn|18\n|\n|t:|1771713781\n|switch|p2a: Tauros|Tauros|100/100\n|move|p1a: Jynx|Rest|p1a: Jynx\n|-status|p1a: Jynx|slp|[from] move: Rest\n|-heal|p1a: Jynx|100/100 slp|[silent]\n|\n|upkeep\n|turn|19\n|\n|t:|1771713784\n|switch|p1a: Snorlax|Snorlax|100/100\n|move|p2a: Tauros|Body Slam|p1a: Snorlax\n|-damage|p1a: Snorlax|74/100\n|\n|upkeep\n|turn|20\n|\n|t:|1771713786\n|move|p2a: Tauros|Body Slam|p1a: Snorlax\n|-damage|p1a: Snorlax|47/100\n|move|p1a: Snorlax|Body Slam|p2a: Tauros\n|-damage|p2a: Tauros|69/100\n|\n|upkeep\n|turn|21\n|\n|t:|1771713790\n|move|p2a: Tauros|Body Slam|p1a: Snorlax\n|-damage|p1a: Snorlax|23/100\n|move|p1a: Snorlax|Body Slam|p2a: Tauros\n|-damage|p2a: Tauros|40/100\n|\n|upkeep\n|turn|22\n|\n|t:|1771713796\n|switch|p1a: Exeggutor|Exeggutor|100/100\n|move|p2a: Tauros|Body Slam|p1a: Exeggutor\n|-damage|p1a: Exeggutor|70/100\n|-status|p1a: Exeggutor|par\n|\n|upkeep\n|turn|23\n|inactive|nicole7735 has 270 seconds left.\n|\n|t:|1771713849\n|switch|p2a: Chansey|Chansey|100/100\n|move|p1a: Exeggutor|Psychic|p2a: Chansey\n|-damage|p2a: Chansey|83/100\n|\n|upkeep\n|turn|24\n|\n|t:|1771713856\n|switch|p1a: Chansey|Chansey|86/100\n|move|p2a: Chansey|Seismic Toss|p1a: Chansey\n|-damage|p1a: Chansey|72/100\n|\n|upkeep\n|turn|25\n|\n|t:|1771713859\n|switch|p1a: Jynx|Jynx|100/100 slp\n|move|p2a: Chansey|Sing|p1a: Jynx\n|-fail|p1a: Jynx|slp\n|\n|upkeep\n|turn|26\n|\n|t:|1771713870\n|switch|p1a: Chansey|Chansey|72/100\n|switch|p2a: Tauros|Tauros|40/100\n|\n|upkeep\n|turn|27\n|\n|t:|1771713875\n|switch|p2a: Chansey|Chansey|83/100\n|move|p1a: Chansey|Thunder Wave|p2a: Chansey\n|-status|p2a: Chansey|par\n|\n|upkeep\n|turn|28\n|\n|t:|1771713885\n|switch|p1a: Snorlax|Snorlax|23/100\n|cant|p2a: Chansey|par\n|\n|upkeep\n|turn|29\n|\n|t:|1771713907\n|switch|p2a: Rhydon|Rhydon|100/100\n|move|p1a: Snorlax|Body Slam|p2a: Rhydon\n|-resisted|p2a: Rhydon\n|-damage|p2a: Rhydon|89/100\n|-status|p2a: Rhydon|par\n|\n|upkeep\n|turn|30\n|inactive|sadisticnarwhal has 270 seconds left.\n|rated|Smogon Premier League\n|inactive|nicole7735 has 270 seconds left.\n|inactive|sadisticnarwhal has 240 seconds left.\n|\n|t:|1771713980\n|switch|p1a: Exeggutor|Exeggutor|70/100 par\n|switch|p2a: Exeggutor|Exeggutor|100/100\n|\n|upkeep\n|turn|31\n|\n|t:|1771714002\n|switch|p2a: Chansey|Chansey|83/100 par\n|cant|p1a: Exeggutor|par\n|\n|upkeep\n|turn|32\n|inactive|sadisticnarwhal has 210 seconds left.\n|inactive|sadisticnarwhal has 180 seconds left.\n|inactive|sadisticnarwhal has 150 seconds left.\n|inactive|sadisticnarwhal has 120 seconds left.\n|\n|t:|1771714125\n|switch|p1a: Jynx|Jynx|100/100 slp\n|move|p2a: Chansey|Seismic Toss|p1a: Jynx\n|-damage|p1a: Jynx|70/100 slp\n|\n|upkeep\n|turn|33\n|\n|t:|1771714133\n|switch|p2a: Tauros|Tauros|40/100\n|cant|p1a: Jynx|slp\n|\n|upkeep\n|turn|34\n|inactive|sadisticnarwhal has 120 seconds left.\n|\n|t:|1771714156\n|switch|p1a: Tauros|Tauros|100/100\n|move|p2a: Tauros|Body Slam|p1a: Tauros\n|-crit|p1a: Tauros\n|-damage|p1a: Tauros|42/100\n|\n|upkeep\n|turn|35\n|inactive|sadisticnarwhal has 120 seconds left.\n|inactive|nicole7735 has 270 seconds left.\n|inactive|nicole7735 has 240 seconds left.\n|inactive|sadisticnarwhal has 90 seconds left.\n|\n|t:|1771714217\n|move|p1a: Tauros|Blizzard|p2a: Tauros\n|-damage|p2a: Tauros|14/100\n|-status|p2a: Tauros|frz\n|cant|p2a: Tauros|frz\n|\n|upkeep\n|turn|36\n|\n|t:|1771714226\n|move|p1a: Tauros|Body Slam|p2a: Tauros\n|-damage|p2a: Tauros|0 fnt\n|faint|p2a: Tauros\n|inactive|nicole7735 has 210 seconds left.\n|\n|t:|1771714252\n|switch|p2a: Exeggutor|Exeggutor|100/100\n|turn|37\n|\n|t:|1771714263\n|switch|p1a: Exeggutor|Exeggutor|70/100 par\n|move|p2a: Exeggutor|Psychic|p1a: Exeggutor\n|-resisted|p1a: Exeggutor\n|-damage|p1a: Exeggutor|56/100 par\n|-unboost|p1a: Exeggutor|spa|1\n|-unboost|p1a: Exeggutor|spd|1\n|\n|upkeep\n|turn|38\n|inactive|nicole7735 has 210 seconds left.\n|\n|t:|1771714277\n|switch|p1a: Jynx|Jynx|70/100 slp\n|move|p2a: Exeggutor|Psychic|p1a: Jynx\n|-resisted|p1a: Jynx\n|-damage|p1a: Jynx|51/100 slp\n|-unboost|p1a: Jynx|spa|1\n|-unboost|p1a: Jynx|spd|1\n|\n|upkeep\n|turn|39\n|\n|t:|1771714281\n|-curestatus|p1a: Jynx|slp|[msg]\n|move|p2a: Exeggutor|Sleep Powder|p1a: Jynx\n|-status|p1a: Jynx|slp|[from] move: Sleep Powder\n|\n|upkeep\n|turn|40\n|\n|t:|1771714288\n|switch|p1a: Chansey|Chansey|72/100\n|move|p2a: Exeggutor|Psychic|p1a: Chansey\n|-damage|p1a: Chansey|55/100\n|\n|upkeep\n|turn|41\n|\n|t:|1771714298\n|move|p2a: Exeggutor|Stun Spore|p1a: Chansey\n|-status|p1a: Chansey|par\n|move|p1a: Chansey|Soft-Boiled|p1a: Chansey\n|-heal|p1a: Chansey|100/100 par\n|\n|upkeep\n|turn|42\n|\n|t:|1771714308\n|switch|p2a: Chansey|Chansey|83/100 par\n|move|p1a: Chansey|Thunder Wave|p2a: Chansey\n|-fail|p2a: Chansey|par\n|\n|upkeep\n|turn|43\n|\n|t:|1771714315\n|move|p2a: Chansey|Seismic Toss|p1a: Chansey\n|-damage|p1a: Chansey|86/100 par\n|move|p1a: Chansey|Thunder Wave|p2a: Chansey\n|-fail|p2a: Chansey|par\n|\n|upkeep\n|turn|44\n|\n|t:|1771714317\n|move|p2a: Chansey|Seismic Toss|p1a: Chansey\n|-damage|p1a: Chansey|72/100 par\n|cant|p1a: Chansey|par\n|\n|upkeep\n|turn|45\n|\n|t:|1771714320\n|move|p2a: Chansey|Seismic Toss|p1a: Chansey\n|-damage|p1a: Chansey|58/100 par\n|move|p1a: Chansey|Soft-Boiled|p1a: Chansey\n|-heal|p1a: Chansey|100/100 par\n|\n|upkeep\n|turn|46\n|inactive|nicole7735 has 270 seconds left.\n|\n|t:|1771714326\n|switch|p1a: Snorlax|Snorlax|23/100\n|cant|p2a: Chansey|par\n|\n|upkeep\n|turn|47\n|inactive|nicole7735 has 270 seconds left.\n|\n|t:|1771714345\n|switch|p2a: Rhydon|Rhydon|89/100 par\n|move|p1a: Snorlax|Rest|p1a: Snorlax\n|-status|p1a: Snorlax|slp|[from] move: Rest\n|-heal|p1a: Snorlax|100/100 slp|[silent]\n|\n|upkeep\n|turn|48\n|inactive|sadisticnarwhal has 180 seconds left.\n|inactive|nicole7735 has 270 seconds left.\n|\n|t:|1771714365\n|switch|p1a: Exeggutor|Exeggutor|56/100 par\n|cant|p2a: Rhydon|par\n|\n|upkeep\n|turn|49\n|inactive|nicole7735 has 270 seconds left.\n|\n|t:|1771714404\n|switch|p2a: Chansey|Chansey|83/100 par\n|move|p1a: Exeggutor|Psychic|p2a: Chansey\n|-crit|p2a: Chansey\n|-damage|p2a: Chansey|50/100 par\n|\n|upkeep\n|turn|50\n|\n|t:|1771714408\n|switch|p1a: Snorlax|Snorlax|100/100 slp\n|move|p2a: Chansey|Soft-Boiled|p2a: Chansey\n|-heal|p2a: Chansey|99/100 par\n|\n|upkeep\n|turn|51\n|inactive|nicole7735 has 240 seconds left.\n|\n|t:|1771714448\n|switch|p2a: Exeggutor|Exeggutor|100/100\n|cant|p1a: Snorlax|slp\n|\n|upkeep\n|turn|52\n|inactive|sadisticnarwhal has 180 seconds left.\n|\n|t:|1771714454\n|switch|p1a: Chansey|Chansey|100/100 par\n|move|p2a: Exeggutor|Psychic|p1a: Chansey\n|-damage|p1a: Chansey|84/100 par\n|-unboost|p1a: Chansey|spa|1\n|-unboost|p1a: Chansey|spd|1\n|\n|upkeep\n|turn|53\n|\n|t:|1771714463\n|move|p2a: Exeggutor|Psychic|p1a: Chansey\n|-damage|p1a: Chansey|57/100 par\n|move|p1a: Chansey|Thunder Wave|p2a: Exeggutor\n|-status|p2a: Exeggutor|par\n|\n|upkeep\n|turn|54\n|inactive|sadisticnarwhal has 180 seconds left.\n|\n|t:|1771714499\n|move|p2a: Exeggutor|Psychic|p1a: Chansey\n|-damage|p1a: Chansey|32/100 par\n|-unboost|p1a: Chansey|spa|1\n|-unboost|p1a: Chansey|spd|1\n|move|p1a: Chansey|Soft-Boiled|p1a: Chansey\n|-heal|p1a: Chansey|82/100 par\n|\n|upkeep\n|turn|55\n|\n|t:|1771714506\n|switch|p1a: Jynx|Jynx|51/100 slp\n|move|p2a: Exeggutor|Psychic|p1a: Jynx\n|-resisted|p1a: Jynx\n|-damage|p1a: Jynx|31/100 slp\n|\n|upkeep\n|turn|56\n|\n|t:|1771714515\n|switch|p1a: Snorlax|Snorlax|100/100 slp\n|switch|p2a: Snorlax|Snorlax|100/100\n|\n|upkeep\n|turn|57\n|\n|t:|1771714518\n|move|p2a: Snorlax|Body Slam|p1a: Snorlax\n|-damage|p1a: Snorlax|75/100 slp\n|-curestatus|p1a: Snorlax|slp|[msg]\n|\n|upkeep\n|turn|58\n|\n|t:|1771714521\n|move|p2a: Snorlax|Body Slam|p1a: Snorlax\n|-damage|p1a: Snorlax|51/100\n|move|p1a: Snorlax|Reflect|p1a: Snorlax\n|-start|p1a: Snorlax|Reflect\n|\n|upkeep\n|turn|59\n|\n|t:|1771714525\n|move|p1a: Snorlax|Rest|p1a: Snorlax\n|-status|p1a: Snorlax|slp|[from] move: Rest\n|-heal|p1a: Snorlax|100/100 slp|[silent]\n|move|p2a: Snorlax|Reflect|p2a: Snorlax\n|-start|p2a: Snorlax|Reflect\n|\n|upkeep\n|turn|60\n|\n|t:|1771714552\n|move|p2a: Snorlax|Body Slam|p1a: Snorlax\n|-crit|p1a: Snorlax\n|-damage|p1a: Snorlax|49/100 slp\n|cant|p1a: Snorlax|slp\n|\n|upkeep\n|turn|61\n|inactive|nicole7735 has 270 seconds left.\n|\n|t:|1771714581\n|switch|p2a: Exeggutor|Exeggutor|100/100 par\n|-curestatus|p1a: Snorlax|slp|[msg]\n|\n|upkeep\n|turn|62\n|\n|t:|1771714596\n|move|p1a: Snorlax|Body Slam|p2a: Exeggutor\n|-damage|p2a: Exeggutor|72/100 par\n|move|p2a: Exeggutor|Psychic|p1a: Snorlax\n|-damage|p1a: Snorlax|16/100\n|\n|upkeep\n|turn|63\n|\n|t:|1771714604\n|move|p1a: Snorlax|Rest|p1a: Snorlax\n|-status|p1a: Snorlax|slp|[from] move: Rest\n|-heal|p1a: Snorlax|100/100 slp|[silent]\n|move|p2a: Exeggutor|Psychic|p1a: Snorlax\n|-crit|p1a: Snorlax\n|-damage|p1a: Snorlax|41/100 slp\n|\n|upkeep\n|turn|64\n|inactive|sadisticnarwhal has 210 seconds left.\n|inactive|sadisticnarwhal has 180 seconds left.\n|\n|t:|1771714666\n|cant|p1a: Snorlax|slp\n|move|p2a: Exeggutor|Psychic|p1a: Snorlax\n|-damage|p1a: Snorlax|12/100 slp\n|\n|upkeep\n|turn|65\n|inactive|sadisticnarwhal has 180 seconds left.\n|\n|t:|1771714673\n|switch|p1a: Chansey|Chansey|82/100 par\n|move|p2a: Exeggutor|Psychic|p1a: Chansey\n|-damage|p1a: Chansey|65/100 par\n|-unboost|p1a: Chansey|spa|1\n|-unboost|p1a: Chansey|spd|1\n|\n|upkeep\n|turn|66\n|inactive|sadisticnarwhal has 180 seconds left.\n|inactive|nicole7735 has 270 seconds left.\n|\n|t:|1771714723\n|move|p2a: Exeggutor|Psychic|p1a: Chansey\n|-damage|p1a: Chansey|41/100 par\n|move|p1a: Chansey|Soft-Boiled|p1a: Chansey\n|-heal|p1a: Chansey|91/100 par\n|\n|upkeep\n|turn|67\n|inactive|sadisticnarwhal has 180 seconds left.\n|inactive|nicole7735 has 240 seconds left.\n|inactive|sadisticnarwhal has 150 seconds left.\n|inactive|nicole7735 has 210 seconds left.\n|inactive|sadisticnarwhal has 120 seconds left.\n|\n|t:|1771714806\n|switch|p2a: Chansey|Chansey|99/100 par\n|cant|p1a: Chansey|par\n|\n|upkeep\n|turn|68\n|inactive|sadisticnarwhal has 120 seconds left.\n|inactive|nicole7735 has 210 seconds left.\n|\n|t:|1771714820\n|move|p2a: Chansey|Sing|p1a: Chansey\n|-fail|p1a: Chansey\n|move|p1a: Chansey|Thunder Wave|p2a: Chansey\n|-fail|p2a: Chansey|par\n|\n|upkeep\n|turn|69\n|inactive|sadisticnarwhal has 120 seconds left.\n|\n|t:|1771714846\n|move|p2a: Chansey|Sing|p1a: Chansey\n|-fail|p1a: Chansey\n|move|p1a: Chansey|Ice Beam|p2a: Chansey\n|-damage|p2a: Chansey|93/100 par\n|\n|upkeep\n|turn|70\n|\n|t:|1771714856\n|move|p2a: Chansey|Seismic Toss|p1a: Chansey\n|-damage|p1a: Chansey|77/100 par\n|move|p1a: Chansey|Thunder Wave|p2a: Chansey\n|-fail|p2a: Chansey|par\n|\n|upkeep\n|turn|71\n|\n|t:|1771714861\n|cant|p2a: Chansey|par\n|move|p1a: Chansey|Soft-Boiled|p1a: Chansey\n|-heal|p1a: Chansey|100/100 par\n|\n|upkeep\n|turn|72\n|inactive|sadisticnarwhal has 120 seconds left.\n|\n|t:|1771714869\n|cant|p2a: Chansey|par\n|cant|p1a: Chansey|par\n|\n|upkeep\n|turn|73\n|\n|t:|1771714872\n|move|p2a: Chansey|Thunder Wave|p1a: Chansey\n|-fail|p1a: Chansey|par\n|move|p1a: Chansey|Ice Beam|p2a: Chansey\n|-damage|p2a: Chansey|86/100 par\n|\n|upkeep\n|turn|74\n|\n|t:|1771714877\n|cant|p2a: Chansey|par\n|cant|p1a: Chansey|par\n|\n|upkeep\n|turn|75\n|\n|t:|1771714880\n|switch|p1a: Snorlax|Snorlax|12/100 slp\n|cant|p2a: Chansey|par\n|\n|upkeep\n|turn|76\n|\n|t:|1771714886\n|-curestatus|p1a: Snorlax|slp|[msg]\n|move|p2a: Chansey|Seismic Toss|p1a: Snorlax\n|-damage|p1a: Snorlax|0 fnt\n|faint|p1a: Snorlax\n|inactive|sadisticnarwhal has 150 seconds left.\n|\n|t:|1771714914\n|switch|p1a: Zapdos|Zapdos|100/100\n|turn|77\n|\n|t:|1771714921\n|move|p1a: Zapdos|Drill Peck|p2a: Chansey\n|-damage|p2a: Chansey|55/100 par\n|move|p2a: Chansey|Thunder Wave|p1a: Zapdos\n|-status|p1a: Zapdos|par\n|\n|upkeep\n|turn|78\n|\n|t:|1771714925\n|switch|p2a: Rhydon|Rhydon|89/100 par\n|move|p1a: Zapdos|Drill Peck|p2a: Rhydon\n|-resisted|p2a: Rhydon\n|-damage|p2a: Rhydon|80/100 par\n|\n|upkeep\n|turn|79\n|\n|t:|1771714929\n|switch|p1a: Exeggutor|Exeggutor|56/100 par\n|move|p2a: Rhydon|Rock Slide|p1a: Exeggutor\n|-damage|p1a: Exeggutor|24/100 par\n|\n|upkeep\n|turn|80\n|\n|t:|1771714951\n|switch|p2a: Exeggutor|Exeggutor|72/100 par\n|move|p1a: Exeggutor|Mega Drain|p2a: Exeggutor\n|-resisted|p2a: Exeggutor\n|-damage|p2a: Exeggutor|66/100 par\n|-heal|p1a: Exeggutor|27/100 par|[from] drain|[of] p2a: Exeggutor\n|\n|upkeep\n|turn|81\n|inactive|sadisticnarwhal has 180 seconds left.\n|\n|t:|1771714961\n|switch|p1a: Chansey|Chansey|100/100 par\n|move|p2a: Exeggutor|Psychic|p1a: Chansey\n|-damage|p1a: Chansey|84/100 par\n|\n|upkeep\n|turn|82\n|\n|t:|1771714964\n|switch|p2a: Chansey|Chansey|55/100 par\n|switch|p1a: Zapdos|Zapdos|100/100 par\n|\n|upkeep\n|turn|83\n|\n|t:|1771714968\n|switch|p1a: Exeggutor|Exeggutor|27/100 par\n|switch|p2a: Rhydon|Rhydon|80/100 par\n|\n|upkeep\n|turn|84\n|\n|t:|1771714974\n|switch|p2a: Exeggutor|Exeggutor|66/100 par\n|move|p1a: Exeggutor|Psychic|p2a: Exeggutor\n|-resisted|p2a: Exeggutor\n|-damage|p2a: Exeggutor|52/100 par\n|\n|upkeep\n|turn|85\n|inactive|sadisticnarwhal has 210 seconds left.\n|\n|t:|1771715000\n|switch|p1a: Chansey|Chansey|84/100 par\n|move|p2a: Exeggutor|Mega Drain|p1a: Chansey\n|-crit|p1a: Chansey\n|-damage|p1a: Chansey|70/100 par\n|-heal|p2a: Exeggutor|65/100 par|[from] drain|[of] p1a: Chansey\n|\n|upkeep\n|turn|86\n|\n|t:|1771715014\n|move|p2a: Exeggutor|Psychic|p1a: Chansey\n|-damage|p1a: Chansey|52/100 par\n|cant|p1a: Chansey|par\n|\n|upkeep\n|turn|87\n|\n|t:|1771715019\n|switch|p2a: Chansey|Chansey|55/100 par\n|move|p1a: Chansey|Soft-Boiled|p1a: Chansey\n|-heal|p1a: Chansey|100/100 par\n|\n|upkeep\n|turn|88\n|\n|t:|1771715021\n|switch|p1a: Zapdos|Zapdos|100/100 par\n|move|p2a: Chansey|Seismic Toss|p1a: Zapdos\n|-damage|p1a: Zapdos|74/100 par\n|\n|upkeep\n|turn|89\n|\n|t:|1771715026\n|switch|p2a: Rhydon|Rhydon|80/100 par\n|move|p1a: Zapdos|Drill Peck|p2a: Rhydon\n|-resisted|p2a: Rhydon\n|-damage|p2a: Rhydon|71/100 par\n|\n|upkeep\n|turn|90\n|\n|t:|1771715030\n|switch|p1a: Chansey|Chansey|100/100 par\n|cant|p2a: Rhydon|par\n|\n|upkeep\n|turn|91\n|\n|t:|1771715036\n|switch|p1a: Zapdos|Zapdos|74/100 par\n|switch|p2a: Chansey|Chansey|55/100 par\n|\n|upkeep\n|turn|92\n|\n|t:|1771715042\n|switch|p1a: Tauros|Tauros|42/100\n|move|p2a: Chansey|Seismic Toss|p1a: Tauros\n|-damage|p1a: Tauros|14/100\n|\n|upkeep\n|turn|93\n|\n|t:|1771715075\n|switch|p2a: Starmie|Starmie|100/100 slp\n|move|p1a: Tauros|Body Slam|p2a: Starmie\n|-crit|p2a: Starmie\n|-damage|p2a: Starmie|38/100 slp\n|\n|upkeep\n|turn|94\n|\n|t:|1771715078\n|cant|p2a: Starmie|slp\n|move|p1a: Tauros|Body Slam|p2a: Starmie\n|-damage|p2a: Starmie|5/100 slp\n|\n|upkeep\n|turn|95\n|\n|t:|1771715080\n|cant|p2a: Starmie|slp\n|move|p1a: Tauros|Body Slam|p2a: Starmie\n|-damage|p2a: Starmie|0 fnt\n|faint|p2a: Starmie\n|\n|t:|1771715084\n|switch|p2a: Snorlax|Snorlax|100/100\n|turn|96\n|\n|t:|1771715100\n|switch|p1a: Jynx|Jynx|31/100 slp\n|move|p2a: Snorlax|Body Slam|p1a: Jynx\n|-damage|p1a: Jynx|0 fnt\n|faint|p1a: Jynx\n|\n|t:|1771715101\n|switch|p1a: Chansey|Chansey|100/100 par\n|turn|97\n|\n|t:|1771715117\n|move|p2a: Snorlax|Body Slam|p1a: Chansey\n|-damage|p1a: Chansey|58/100 par\n|move|p1a: Chansey|Thunder Wave|p2a: Snorlax\n|-status|p2a: Snorlax|par\n|\n|upkeep\n|turn|98\n|\n|t:|1771715124\n|move|p1a: Chansey|Soft-Boiled|p1a: Chansey\n|-heal|p1a: Chansey|100/100 par\n|move|p2a: Snorlax|Body Slam|p1a: Chansey\n|-damage|p1a: Chansey|59/100 par\n|\n|upkeep\n|turn|99\n|\n|t:|1771715129\n|move|p1a: Chansey|Soft-Boiled|p1a: Chansey\n|-heal|p1a: Chansey|100/100 par\n|cant|p2a: Snorlax|par\n|\n|upkeep\n|turn|100\n|\n|t:|1771715146\n|move|p1a: Chansey|Thunderbolt|p2a: Snorlax\n|-damage|p2a: Snorlax|83/100 par\n|move|p2a: Snorlax|Body Slam|p1a: Chansey\n|-damage|p1a: Chansey|60/100 par\n|\n|upkeep\n|turn|101\n|\n|t:|1771715148\n|move|p1a: Chansey|Soft-Boiled|p1a: Chansey\n|-heal|p1a: Chansey|100/100 par\n|cant|p2a: Snorlax|par\n|\n|upkeep\n|turn|102\n|\n|t:|1771715158\n|cant|p1a: Chansey|par\n|move|p2a: Snorlax|Reflect|p2a: Snorlax\n|-start|p2a: Snorlax|Reflect\n|\n|upkeep\n|turn|103\n|\n|t:|1771715161\n|move|p1a: Chansey|Thunderbolt|p2a: Snorlax\n|-damage|p2a: Snorlax|62/100 par\n|move|p2a: Snorlax|Body Slam|p1a: Chansey\n|-damage|p1a: Chansey|61/100 par\n|\n|upkeep\n|turn|104\n|\n|t:|1771715173\n|switch|p1a: Zapdos|Zapdos|74/100 par\n|move|p2a: Snorlax|Body Slam|p1a: Zapdos\n|-damage|p1a: Zapdos|44/100 par\n|\n|upkeep\n|turn|105\n|\n|t:|1771715181\n|switch|p2a: Rhydon|Rhydon|71/100 par\n|cant|p1a: Zapdos|par\n|\n|upkeep\n|turn|106\n|\n|t:|1771715189\n|move|p1a: Zapdos|Drill Peck|p2a: Rhydon\n|-resisted|p2a: Rhydon\n|-damage|p2a: Rhydon|61/100 par\n|move|p2a: Rhydon|Rock Slide|p1a: Zapdos\n|-supereffective|p1a: Zapdos\n|-damage|p1a: Zapdos|0 fnt\n|faint|p1a: Zapdos\n|\n|t:|1771715193\n|switch|p1a: Exeggutor|Exeggutor|27/100 par\n|turn|107\n|\n|t:|1771715210\n|switch|p2a: Chansey|Chansey|55/100 par\n|move|p1a: Exeggutor|Psychic|p2a: Chansey\n|-damage|p2a: Chansey|38/100 par\n|\n|upkeep\n|turn|108\n|\n|t:|1771715226\n|cant|p1a: Exeggutor|par\n|cant|p2a: Chansey|par\n|\n|upkeep\n|turn|109\n|\n|t:|1771715232\n|cant|p1a: Exeggutor|par\n|move|p2a: Chansey|Soft-Boiled|p2a: Chansey\n|-heal|p2a: Chansey|88/100 par\n|\n|upkeep\n|turn|110\n|\n|t:|1771715235\n|move|p1a: Exeggutor|Explosion|p2a: Chansey\n|-damage|p2a: Chansey|0 fnt\n|faint|p2a: Chansey\n|faint|p1a: Exeggutor\n|inactive|nicole7735 has 270 seconds left.\n|\n|t:|1771715270\n|switch|p1a: Chansey|Chansey|61/100 par\n|switch|p2a: Snorlax|Snorlax|62/100 par\n|turn|111\n|inactive|nicole7735 has 270 seconds left.\n|\n|t:|1771715287\n|move|p1a: Chansey|Soft-Boiled|p1a: Chansey\n|-heal|p1a: Chansey|100/100 par\n|cant|p2a: Snorlax|par\n|\n|upkeep\n|turn|112\n|inactive|nicole7735 has 270 seconds left.\n|\n|t:|1771715297\n|move|p1a: Chansey|Thunderbolt|p2a: Snorlax\n|-damage|p2a: Snorlax|42/100 par\n|cant|p2a: Snorlax|par\n|\n|upkeep\n|turn|113\n|\n|t:|1771715315\n|cant|p1a: Chansey|par\n|move|p2a: Snorlax|Rest|p2a: Snorlax\n|-status|p2a: Snorlax|slp|[from] move: Rest\n|-heal|p2a: Snorlax|100/100 slp|[silent]\n|\n|upkeep\n|turn|114\n|\n|t:|1771715317\n|move|p1a: Chansey|Thunderbolt|p2a: Snorlax\n|-damage|p2a: Snorlax|83/100 slp\n|cant|p2a: Snorlax|slp\n|\n|upkeep\n|turn|115\n|\n|t:|1771715320\n|move|p1a: Chansey|Thunderbolt|p2a: Snorlax\n|-damage|p2a: Snorlax|64/100 slp\n|-curestatus|p2a: Snorlax|slp|[msg]\n|\n|upkeep\n|turn|116\n|\n|t:|1771715322\n|cant|p1a: Chansey|par\n|move|p2a: Snorlax|Body Slam|p1a: Chansey\n|-damage|p1a: Chansey|57/100 par\n|\n|upkeep\n|turn|117\n|\n|t:|1771715328\n|move|p1a: Chansey|Ice Beam|p2a: Snorlax\n|-damage|p2a: Snorlax|45/100\n|move|p2a: Snorlax|Body Slam|p1a: Chansey\n|-damage|p1a: Chansey|12/100 par\n|\n|upkeep\n|turn|118\n|\n|t:|1771715343\n|move|p1a: Chansey|Ice Beam|p2a: Snorlax\n|-damage|p2a: Snorlax|25/100\n|move|p2a: Snorlax|Body Slam|p1a: Chansey\n|-damage|p1a: Chansey|0 fnt\n|faint|p1a: Chansey\n|\n|t:|1771715347\n|switch|p1a: Tauros|Tauros|14/100\n|turn|119\n|\n|t:|1771715354\n|move|p1a: Tauros|Hyper Beam|p2a: Snorlax\n|-crit|p2a: Snorlax\n|-damage|p2a: Snorlax|0 fnt\n|faint|p2a: Snorlax\n|\n|t:|1771715356\n|switch|p2a: Rhydon|Rhydon|61/100 par\n|turn|120\n|c|☆sadisticnarwhal|cmon buddy\n|\n|t:|1771715360\n|move|p1a: Tauros|Blizzard|p2a: Rhydon\n|-supereffective|p2a: Rhydon\n|-damage|p2a: Rhydon|8/100 par\n|move|p2a: Rhydon|Earthquake|p1a: Tauros\n|-damage|p1a: Tauros|0 fnt\n|faint|p1a: Tauros\n|\n|win|nicole7735\n|c|☆nicole7735|ggs\n|c|☆sadisticnarwhal|rip ggs\n|player|p1|\n","uploadtime":1771715360,"views":"880","formatid":"gen1ou","rating":null,"private":0,"password":null}