{"id":"smogtours-gen1ou-953175","format":"[Gen 1] OU","players":["Soda Krys","Deezcastforms"],"log":"|inactive|Battle timer is ON: inactive players will automatically lose when time's up.\n|t:|1783212681\n|gametype|singles\n|player|p1|Soda Krys|266|\n|player|p2|Deezcastforms|#adpl8|\n|gen|1\n|tier|[Gen 1] OU\n|rule|Desync Clause Mod: Desyncs changed to move failure.\n|rule|HP Percentage Mod: HP is shown in percentages\n|rule|Endless Battle Clause: Forcing endless battles is banned\n|rule|Sleep Clause Mod: Limit one foe put to sleep\n|rule|Freeze Clause Mod: Limit one foe frozen\n|rule|Species Clause: Limit one of each Pokémon\n|rule|OHKO Clause: OHKO moves are banned\n|rule|Evasion Moves Clause: Evasion moves are banned\n|\n|t:|1783212681\n|teamsize|p1|6\n|teamsize|p2|6\n|start\n|switch|p1a: Tauros|Tauros|100/100\n|switch|p2a: Gengar|Gengar|100/100\n|turn|1\n|c|☆Soda Krys|hf\n|c|☆Deezcastforms|u2\n|\n|t:|1783212709\n|switch|p2a: Exeggutor|Exeggutor|100/100\n|move|p1a: Tauros|Earthquake|p2a: Exeggutor\n|-resisted|p2a: Exeggutor\n|-damage|p2a: Exeggutor|89/100\n|\n|upkeep\n|turn|2\n|\n|t:|1783212723\n|move|p1a: Tauros|Body Slam|p2a: Exeggutor\n|-damage|p2a: Exeggutor|62/100\n|move|p2a: Exeggutor|Sleep Powder|p1a: Tauros\n|-status|p1a: Tauros|slp|[from] move: Sleep Powder\n|\n|upkeep\n|turn|3\n|\n|t:|1783212733\n|switch|p1a: Chansey|Chansey|100/100\n|move|p2a: Exeggutor|Stun Spore|p1a: Chansey\n|-status|p1a: Chansey|par\n|\n|upkeep\n|turn|4\n|inactive|Deezcastforms has 270 seconds left.\n|\n|t:|1783212766\n|switch|p2a: Gengar|Gengar|100/100\n|cant|p1a: Chansey|par\n|\n|upkeep\n|turn|5\n|inactive|Deezcastforms has 270 seconds left.\n|\n|t:|1783212786\n|switch|p1a: Rhydon|Rhydon|100/100\n|move|p2a: Gengar|Night Shade|p1a: Rhydon\n|-damage|p1a: Rhydon|76/100\n|\n|upkeep\n|turn|6\n|\n|t:|1783212804\n|switch|p2a: Exeggutor|Exeggutor|62/100\n|move|p1a: Rhydon|Rock Slide|p2a: Exeggutor\n|-damage|p2a: Exeggutor|33/100\n|\n|upkeep\n|turn|7\n|\n|t:|1783212815\n|switch|p1a: Chansey|Chansey|100/100 par\n|move|p2a: Exeggutor|Psychic|p1a: Chansey\n|-crit|p1a: Chansey\n|-damage|p1a: Chansey|69/100 par\n|\n|upkeep\n|turn|8\n|inactive|Deezcastforms has 240 seconds left.\n|inactive|Deezcastforms has 210 seconds left.\n|\n|t:|1783212871\n|move|p2a: Exeggutor|Explosion|p1a: Chansey\n|-damage|p1a: Chansey|0 fnt\n|faint|p1a: Chansey\n|faint|p2a: Exeggutor\n|inactive|Deezcastforms has 210 seconds left.\n|\n|t:|1783212886\n|switch|p2a: Chansey|Chansey|100/100\n|switch|p1a: Snorlax|Snorlax|100/100\n|turn|9\n|\n|t:|1783212892\n|move|p2a: Chansey|Thunder Wave|p1a: Snorlax\n|-status|p1a: Snorlax|par\n|move|p1a: Snorlax|Body Slam|p2a: Chansey\n|-damage|p2a: Chansey|56/100\n|\n|upkeep\n|turn|10\n|\n|t:|1783212895\n|move|p2a: Chansey|Soft-Boiled|p2a: Chansey\n|-heal|p2a: Chansey|100/100\n|move|p1a: Snorlax|Body Slam|p2a: Chansey\n|-damage|p2a: Chansey|62/100\n|\n|upkeep\n|turn|11\n|\n|t:|1783212903\n|move|p2a: Chansey|Soft-Boiled|p2a: Chansey\n|-heal|p2a: Chansey|100/100\n|cant|p1a: Snorlax|par\n|\n|upkeep\n|turn|12\n|inactive|Deezcastforms has 210 seconds left.\n|\n|t:|1783212932\n|move|p2a: Chansey|Ice Beam|p1a: Snorlax\n|-damage|p1a: Snorlax|83/100 par\n|move|p1a: Snorlax|Earthquake|p2a: Chansey\n|-damage|p2a: Chansey|66/100\n|\n|upkeep\n|turn|13\n|inactive|Deezcastforms has 210 seconds left.\n|inactive|Deezcastforms has 180 seconds left.\n|\n|t:|1783212977\n|move|p2a: Chansey|Soft-Boiled|p2a: Chansey\n|-heal|p2a: Chansey|100/100\n|cant|p1a: Snorlax|par\n|\n|upkeep\n|turn|14\n|\n|t:|1783213002\n|switch|p2a: Rhydon|Rhydon|100/100\n|switch|p1a: Lapras|Lapras|100/100\n|\n|upkeep\n|turn|15\n|\n|t:|1783213022\n|switch|p2a: Gengar|Gengar|100/100\n|move|p1a: Lapras|Sing|p2a: Gengar|[miss]\n|-miss|p1a: Lapras\n|\n|upkeep\n|turn|16\n|inactive|Deezcastforms has 150 seconds left.\n|\n|t:|1783213037\n|move|p2a: Gengar|Night Shade|p1a: Lapras\n|-damage|p1a: Lapras|79/100\n|move|p1a: Lapras|Sing|p2a: Gengar|[miss]\n|-miss|p1a: Lapras\n|\n|upkeep\n|turn|17\n|\n|t:|1783213046\n|move|p2a: Gengar|Thunderbolt|p1a: Lapras\n|-crit|p1a: Lapras\n|-supereffective|p1a: Lapras\n|-damage|p1a: Lapras|5/100\n|move|p1a: Lapras|Blizzard|p2a: Gengar\n|-damage|p2a: Gengar|65/100\n|-status|p2a: Gengar|frz\n|\n|upkeep\n|turn|18\n|inactive|Deezcastforms has 150 seconds left.\n|\n|t:|1783213068\n|switch|p2a: Chansey|Chansey|100/100\n|move|p1a: Lapras|Sing|p2a: Chansey|[miss]\n|-miss|p1a: Lapras\n|\n|upkeep\n|turn|19\n|inactive|Deezcastforms has 150 seconds left.\n|\n|t:|1783213079\n|switch|p2a: Gengar|Gengar|65/100 frz\n|move|p1a: Lapras|Sing|p2a: Gengar|[miss]\n|-miss|p1a: Lapras\n|\n|upkeep\n|turn|20\n|inactive|Deezcastforms has 150 seconds left.\n|\n|t:|1783213088\n|cant|p2a: Gengar|frz\n|move|p1a: Lapras|Sing|p2a: Gengar|[miss]\n|-miss|p1a: Lapras\n|\n|upkeep\n|turn|21\n|inactive|Deezcastforms has 150 seconds left.\n|\n|t:|1783213103\n|switch|p2a: Starmie|Starmie|100/100\n|move|p1a: Lapras|Body Slam|p2a: Starmie\n|-damage|p2a: Starmie|79/100\n|\n|upkeep\n|turn|22\n|\n|t:|1783213110\n|switch|p1a: Snorlax|Snorlax|83/100 par\n|move|p2a: Starmie|Psychic|p1a: Snorlax\n|-crit|p1a: Snorlax\n|-damage|p1a: Snorlax|29/100 par\n|\n|upkeep\n|turn|23\n|\n|t:|1783213119\n|switch|p2a: Rhydon|Rhydon|100/100\n|move|p1a: Snorlax|Body Slam|p2a: Rhydon\n|-resisted|p2a: Rhydon\n|-damage|p2a: Rhydon|89/100\n|\n|upkeep\n|turn|24\n|\n|t:|1783213125\n|switch|p1a: Starmie|Starmie|100/100\n|move|p2a: Rhydon|Earthquake|p1a: Starmie\n|-crit|p1a: Starmie\n|-damage|p1a: Starmie|13/100\n|\n|upkeep\n|turn|25\n|\n|t:|1783213130\n|switch|p2a: Chansey|Chansey|100/100\n|move|p1a: Starmie|Thunder Wave|p2a: Chansey\n|-status|p2a: Chansey|par\n|\n|upkeep\n|turn|26\n|inactive|Deezcastforms has 180 seconds left.\n|\n|t:|1783213149\n|move|p1a: Starmie|Recover|p1a: Starmie\n|-heal|p1a: Starmie|62/100\n|move|p2a: Chansey|Thunderbolt|p1a: Starmie\n|-supereffective|p1a: Starmie\n|-damage|p1a: Starmie|15/100\n|\n|upkeep\n|turn|27\n|\n|t:|1783213175\n|move|p1a: Starmie|Recover|p1a: Starmie\n|-heal|p1a: Starmie|65/100\n|move|p2a: Chansey|Thunder Wave|p1a: Starmie\n|-status|p1a: Starmie|par\n|\n|upkeep\n|turn|28\n|inactive|Deezcastforms has 150 seconds left.\n|\n|t:|1783213194\n|move|p1a: Starmie|Psychic|p2a: Chansey\n|-crit|p2a: Chansey\n|-damage|p2a: Chansey|71/100 par\n|move|p2a: Chansey|Ice Beam|p1a: Starmie\n|-resisted|p1a: Starmie\n|-damage|p1a: Starmie|53/100 par\n|\n|upkeep\n|turn|29\n|\n|t:|1783213204\n|move|p1a: Starmie|Recover|p1a: Starmie\n|-heal|p1a: Starmie|100/100 par\n|move|p2a: Chansey|Thunderbolt|p1a: Starmie\n|-supereffective|p1a: Starmie\n|-damage|p1a: Starmie|49/100 par\n|\n|upkeep\n|turn|30\n|inactive|Deezcastforms has 150 seconds left.\n|\n|t:|1783213227\n|cant|p1a: Starmie|par\n|move|p2a: Chansey|Thunderbolt|p1a: Starmie\n|-supereffective|p1a: Starmie\n|-damage|p1a: Starmie|4/100 par\n|\n|upkeep\n|turn|31\n|inactive|Deezcastforms has 150 seconds left.\n|\n|t:|1783213233\n|move|p1a: Starmie|Recover|p1a: Starmie\n|-heal|p1a: Starmie|54/100 par\n|move|p2a: Chansey|Thunderbolt|p1a: Starmie\n|-supereffective|p1a: Starmie\n|-damage|p1a: Starmie|5/100 par\n|\n|upkeep\n|turn|32\n|\n|t:|1783213237\n|move|p1a: Starmie|Recover|p1a: Starmie\n|-heal|p1a: Starmie|55/100 par\n|move|p2a: Chansey|Thunderbolt|p1a: Starmie\n|-supereffective|p1a: Starmie\n|-damage|p1a: Starmie|5/100 par\n|\n|upkeep\n|turn|33\n|\n|t:|1783213239\n|move|p1a: Starmie|Recover|p1a: Starmie\n|-heal|p1a: Starmie|55/100 par\n|move|p2a: Chansey|Thunderbolt|p1a: Starmie\n|-supereffective|p1a: Starmie\n|-damage|p1a: Starmie|7/100 par\n|\n|upkeep\n|turn|34\n|\n|t:|1783213240\n|move|p1a: Starmie|Recover|p1a: Starmie\n|-heal|p1a: Starmie|57/100 par\n|move|p2a: Chansey|Thunderbolt|p1a: Starmie\n|-supereffective|p1a: Starmie\n|-damage|p1a: Starmie|7/100 par\n|\n|upkeep\n|turn|35\n|\n|t:|1783213242\n|move|p1a: Starmie|Recover|p1a: Starmie\n|-heal|p1a: Starmie|57/100 par\n|move|p2a: Chansey|Thunderbolt|p1a: Starmie\n|-supereffective|p1a: Starmie\n|-damage|p1a: Starmie|12/100 par\n|\n|upkeep\n|turn|36\n|\n|t:|1783213244\n|move|p1a: Starmie|Recover|p1a: Starmie\n|-heal|p1a: Starmie|62/100 par\n|move|p2a: Chansey|Thunderbolt|p1a: Starmie\n|-supereffective|p1a: Starmie\n|-damage|p1a: Starmie|12/100 par\n|\n|upkeep\n|turn|37\n|\n|t:|1783213245\n|move|p1a: Starmie|Recover|p1a: Starmie\n|-heal|p1a: Starmie|62/100 par\n|cant|p2a: Chansey|par\n|\n|upkeep\n|turn|38\n|\n|t:|1783213248\n|move|p1a: Starmie|Recover|p1a: Starmie\n|-heal|p1a: Starmie|100/100 par\n|cant|p2a: Chansey|par\n|\n|upkeep\n|turn|39\n|\n|t:|1783213251\n|move|p1a: Starmie|Psychic|p2a: Chansey\n|-damage|p2a: Chansey|56/100 par\n|-unboost|p2a: Chansey|spa|1\n|-unboost|p2a: Chansey|spd|1\n|cant|p2a: Chansey|par\n|\n|upkeep\n|turn|40\n|\n|t:|1783213254\n|switch|p1a: Rhydon|Rhydon|76/100\n|move|p2a: Chansey|Soft-Boiled|p2a: Chansey\n|-heal|p2a: Chansey|100/100 par\n|\n|upkeep\n|turn|41\n|\n|t:|1783213258\n|switch|p2a: Starmie|Starmie|79/100\n|move|p1a: Rhydon|Substitute|p1a: Rhydon\n|-start|p1a: Rhydon|Substitute\n|-damage|p1a: Rhydon|51/100\n|\n|upkeep\n|turn|42\n|\n|t:|1783213262\n|move|p2a: Starmie|Psychic|p1a: Rhydon\n|-end|p1a: Rhydon|Substitute\n|move|p1a: Rhydon|Earthquake|p2a: Starmie\n|-damage|p2a: Starmie|33/100\n|\n|upkeep\n|turn|43\n|\n|t:|1783213268\n|move|p2a: Starmie|Blizzard|p1a: Rhydon\n|-supereffective|p1a: Rhydon\n|-damage|p1a: Rhydon|0 fnt\n|faint|p1a: Rhydon\n|\n|t:|1783213270\n|switch|p1a: Starmie|Starmie|100/100 par\n|turn|44\n|inactive|Deezcastforms has 270 seconds left.\n|-message|Soda Krys forfeited.\n|\n|win|Deezcastforms\n|c|☆Deezcastforms|gg\n","uploadtime":1783213281,"views":"72","formatid":"gen1ou","rating":null,"private":0,"password":null}