{"id":"smogtours-gen1ou-949927","format":"[Gen 1] OU","players":["TG2513","Soda Krys"],"log":"|inactive|Battle timer is ON: inactive players will automatically lose when time's up.\n|t:|1782331908\n|gametype|singles\n|player|p1|TG2513|brycenman|\n|player|p2|Soda Krys|lass-gen1rb|\n|gen|1\n|tier|[Gen 1] OU\n|rule|Desync Clause Mod: Desyncs changed to move failure.\n|rule|HP Percentage Mod: HP is shown in percentages\n|rule|Endless Battle Clause: Forcing endless battles is banned\n|rule|Sleep Clause Mod: Limit one foe put to sleep\n|rule|Freeze Clause Mod: Limit one foe frozen\n|rule|Species Clause: Limit one of each Pokémon\n|rule|OHKO Clause: OHKO moves are banned\n|rule|Evasion Moves Clause: Evasion moves are banned\n|\n|t:|1782331908\n|teamsize|p1|6\n|teamsize|p2|6\n|start\n|switch|p1a: Jynx|Jynx|100/100\n|switch|p2a: Dodrio|Dodrio|100/100\n|turn|1\n|inactive|Soda Krys also wants the timer to be on.\n|c|☆Soda Krys|LMAO\n|\n|t:|1782331925\n|switch|p1a: Rhydon|Rhydon|100/100\n|move|p2a: Dodrio|Body Slam|p1a: Rhydon\n|-crit|p1a: Rhydon\n|-resisted|p1a: Rhydon\n|-damage|p1a: Rhydon|79/100\n|\n|upkeep\n|turn|2\n|\n|t:|1782331930\n|switch|p2a: Snorlax|Snorlax|100/100\n|move|p1a: Rhydon|Body Slam|p2a: Snorlax\n|-damage|p2a: Snorlax|80/100\n|\n|upkeep\n|turn|3\n|\n|t:|1782331932\n|switch|p1a: Exeggutor|Exeggutor|100/100\n|move|p2a: Snorlax|Body Slam|p1a: Exeggutor\n|-damage|p1a: Exeggutor|71/100\n|\n|upkeep\n|turn|4\n|\n|t:|1782331937\n|switch|p2a: Dodrio|Dodrio|100/100\n|move|p1a: Exeggutor|Sleep Powder|p2a: Dodrio\n|-status|p2a: Dodrio|slp|[from] move: Sleep Powder\n|\n|upkeep\n|turn|5\n|\n|t:|1782331943\n|cant|p2a: Dodrio|slp\n|move|p1a: Exeggutor|Psychic|p2a: Dodrio\n|-damage|p2a: Dodrio|45/100 slp\n|-unboost|p2a: Dodrio|spa|1\n|-unboost|p2a: Dodrio|spd|1\n|\n|upkeep\n|turn|6\n|\n|t:|1782331947\n|switch|p2a: Jynx|Jynx|100/100\n|move|p1a: Exeggutor|Explosion|p2a: Jynx\n|-damage|p2a: Jynx|0 fnt\n|faint|p2a: Jynx\n|faint|p1a: Exeggutor\n|\n|t:|1782331958\n|switch|p2a: Tauros|Tauros|100/100\n|switch|p1a: Chansey|Chansey|100/100\n|turn|7\n|\n|t:|1782331960\n|move|p2a: Tauros|Body Slam|p1a: Chansey\n|-damage|p1a: Chansey|64/100\n|move|p1a: Chansey|Thunder Wave|p2a: Tauros\n|-status|p2a: Tauros|par\n|\n|upkeep\n|turn|8\n|\n|t:|1782331962\n|move|p1a: Chansey|Soft-Boiled|p1a: Chansey\n|-heal|p1a: Chansey|100/100\n|cant|p2a: Tauros|par\n|\n|upkeep\n|turn|9\n|\n|t:|1782331966\n|switch|p2a: Jolteon|Jolteon|100/100\n|move|p1a: Chansey|Ice Beam|p2a: Jolteon\n|-damage|p2a: Jolteon|80/100\n|\n|upkeep\n|turn|10\n|\n|t:|1782331969\n|switch|p2a: Snorlax|Snorlax|80/100\n|move|p1a: Chansey|Thunder Wave|p2a: Snorlax\n|-status|p2a: Snorlax|par\n|\n|upkeep\n|turn|11\n|\n|t:|1782331972\n|move|p1a: Chansey|Ice Beam|p2a: Snorlax\n|-damage|p2a: Snorlax|60/100 par\n|cant|p2a: Snorlax|par\n|\n|upkeep\n|turn|12\n|\n|t:|1782331979\n|switch|p1a: Rhydon|Rhydon|79/100\n|move|p2a: Snorlax|Body Slam|p1a: Rhydon\n|-resisted|p1a: Rhydon\n|-damage|p1a: Rhydon|67/100\n|\n|upkeep\n|turn|13\n|\n|t:|1782331983\n|move|p1a: Rhydon|Earthquake|p2a: Snorlax\n|-damage|p2a: Snorlax|27/100 par\n|cant|p2a: Snorlax|par\n|\n|upkeep\n|turn|14\n|\n|t:|1782331990\n|move|p1a: Rhydon|Earthquake|p2a: Snorlax\n|-damage|p2a: Snorlax|0 fnt\n|faint|p2a: Snorlax\n|\n|t:|1782331992\n|switch|p2a: Chansey|Chansey|100/100\n|turn|15\n|\n|t:|1782331996\n|move|p2a: Chansey|Ice Beam|p1a: Rhydon\n|-supereffective|p1a: Rhydon\n|-damage|p1a: Rhydon|12/100\n|move|p1a: Rhydon|Earthquake|p2a: Chansey\n|-damage|p2a: Chansey|48/100\n|\n|upkeep\n|turn|16\n|\n|t:|1782332003\n|switch|p1a: Chansey|Chansey|100/100\n|move|p2a: Chansey|Ice Beam|p1a: Chansey\n|-damage|p1a: Chansey|91/100\n|\n|upkeep\n|turn|17\n|\n|t:|1782332008\n|move|p1a: Chansey|Thunder Wave|p2a: Chansey\n|-status|p2a: Chansey|par\n|cant|p2a: Chansey|par\n|\n|upkeep\n|turn|18\n|\n|t:|1782332013\n|switch|p1a: Rhydon|Rhydon|12/100\n|move|p2a: Chansey|Soft-Boiled|p2a: Chansey\n|-heal|p2a: Chansey|98/100 par\n|\n|upkeep\n|turn|19\n|\n|t:|1782332016\n|move|p1a: Rhydon|Earthquake|p2a: Chansey\n|-damage|p2a: Chansey|45/100 par\n|move|p2a: Chansey|Ice Beam|p1a: Rhydon\n|-supereffective|p1a: Rhydon\n|-damage|p1a: Rhydon|0 fnt\n|faint|p1a: Rhydon\n|\n|t:|1782332024\n|switch|p1a: Snorlax|Snorlax|100/100\n|turn|20\n|\n|t:|1782332027\n|switch|p2a: Dodrio|Dodrio|45/100 slp\n|move|p1a: Snorlax|Hyper Beam|p2a: Dodrio\n|-damage|p2a: Dodrio|0 fnt\n|faint|p2a: Dodrio\n|\n|t:|1782332029\n|switch|p2a: Jolteon|Jolteon|80/100\n|turn|21\n|\n|t:|1782332032\n|move|p2a: Jolteon|Thunder Wave|p1a: Snorlax\n|-status|p1a: Snorlax|par\n|move|p1a: Snorlax|Earthquake|p2a: Jolteon\n|-supereffective|p2a: Jolteon\n|-damage|p2a: Jolteon|15/100\n|\n|upkeep\n|turn|22\n|\n|t:|1782332036\n|switch|p2a: Chansey|Chansey|45/100 par\n|move|p1a: Snorlax|Body Slam|p2a: Chansey\n|-damage|p2a: Chansey|5/100 par\n|\n|upkeep\n|turn|23\n|\n|t:|1782332040\n|move|p2a: Chansey|Soft-Boiled|p2a: Chansey\n|-heal|p2a: Chansey|55/100 par\n|move|p1a: Snorlax|Hyper Beam|p2a: Chansey\n|-damage|p2a: Chansey|0 fnt\n|faint|p2a: Chansey\n|\n|t:|1782332043\n|switch|p2a: Jolteon|Jolteon|15/100\n|turn|24\n|\n|t:|1782332045\n|move|p2a: Jolteon|Thunderbolt|p1a: Snorlax\n|-damage|p1a: Snorlax|71/100 par\n|cant|p1a: Snorlax|par\n|\n|upkeep\n|turn|25\n|\n|t:|1782332051\n|switch|p2a: Tauros|Tauros|100/100 par\n|move|p1a: Snorlax|Earthquake|p2a: Tauros\n|-damage|p2a: Tauros|77/100 par\n|\n|upkeep\n|turn|26\n|\n|t:|1782332054\n|move|p2a: Tauros|Body Slam|p1a: Snorlax\n|-crit|p1a: Snorlax\n|-damage|p1a: Snorlax|22/100 par\n|move|p1a: Snorlax|Self-Destruct|p2a: Tauros\n|-damage|p2a: Tauros|0 fnt\n|faint|p2a: Tauros\n|faint|p1a: Snorlax\n|-message|Soda Krys forfeited.\n|\n|win|TG2513\n|c|☆Soda Krys|asked for it.\n|c|☆Soda Krys|gg\n","uploadtime":1782332060,"views":"67","formatid":"gen1ou","rating":null,"private":0,"password":null}