{"id":"smogtours-gen1ou-949921","format":"[Gen 1] OU","players":["TG2513","Soda Krys"],"log":"|inactive|Battle timer is ON: inactive players will automatically lose when time's up.\n|t:|1782331003\n|gametype|singles\n|player|p1|TG2513|brycenman|\n|player|p2|Soda Krys|lass-gen1rb|\n|gen|1\n|tier|[Gen 1] OU\n|rule|Desync Clause Mod: Desyncs changed to move failure.\n|rule|HP Percentage Mod: HP is shown in percentages\n|rule|Endless Battle Clause: Forcing endless battles is banned\n|rule|Sleep Clause Mod: Limit one foe put to sleep\n|rule|Freeze Clause Mod: Limit one foe frozen\n|rule|Species Clause: Limit one of each Pokémon\n|rule|OHKO Clause: OHKO moves are banned\n|rule|Evasion Moves Clause: Evasion moves are banned\n|\n|t:|1782331003\n|teamsize|p1|6\n|teamsize|p2|6\n|start\n|switch|p1a: Alakazam|Alakazam|100/100\n|switch|p2a: Zapdos|Zapdos|100/100\n|turn|1\n|inactive|Soda Krys also wants the timer to be on.\n|c|☆TG2513|HF\n|\n|t:|1782331010\n|move|p1a: Alakazam|Thunder Wave|p2a: Zapdos\n|-status|p2a: Zapdos|par\n|move|p2a: Zapdos|Thunder Wave|p1a: Alakazam\n|-status|p1a: Alakazam|par\n|\n|upkeep\n|turn|2\n|\n|t:|1782331014\n|cant|p1a: Alakazam|par\n|move|p2a: Zapdos|Drill Peck|p1a: Alakazam\n|-damage|p1a: Alakazam|55/100 par\n|\n|upkeep\n|turn|3\n|\n|t:|1782331018\n|switch|p2a: Snorlax|Snorlax|100/100\n|move|p1a: Alakazam|Recover|p1a: Alakazam\n|-heal|p1a: Alakazam|100/100 par\n|\n|upkeep\n|turn|4\n|\n|t:|1782331021\n|move|p2a: Snorlax|Body Slam|p1a: Alakazam\n|-damage|p1a: Alakazam|45/100 par\n|move|p1a: Alakazam|Thunder Wave|p2a: Snorlax\n|-status|p2a: Snorlax|par\n|\n|upkeep\n|turn|5\n|\n|t:|1782331024\n|move|p1a: Alakazam|Recover|p1a: Alakazam\n|-heal|p1a: Alakazam|94/100 par\n|move|p2a: Snorlax|Body Slam|p1a: Alakazam\n|-damage|p1a: Alakazam|41/100 par\n|\n|upkeep\n|turn|6\n|\n|t:|1782331028\n|switch|p1a: Snorlax|Snorlax|100/100\n|cant|p2a: Snorlax|par\n|\n|upkeep\n|turn|7\n|\n|t:|1782331037\n|move|p1a: Snorlax|Body Slam|p2a: Snorlax\n|-damage|p2a: Snorlax|73/100 par\n|move|p2a: Snorlax|Reflect|p2a: Snorlax\n|-start|p2a: Snorlax|Reflect\n|\n|upkeep\n|turn|8\n|\n|t:|1782331046\n|move|p1a: Snorlax|Reflect|p1a: Snorlax\n|-start|p1a: Snorlax|Reflect\n|cant|p2a: Snorlax|par\n|\n|upkeep\n|turn|9\n|\n|t:|1782331050\n|move|p1a: Snorlax|Body Slam|p2a: Snorlax\n|-damage|p2a: Snorlax|59/100 par\n|move|p2a: Snorlax|Body Slam|p1a: Snorlax\n|-damage|p1a: Snorlax|87/100\n|\n|upkeep\n|turn|10\n|\n|t:|1782331053\n|move|p1a: Snorlax|Body Slam|p2a: Snorlax\n|-damage|p2a: Snorlax|45/100 par\n|move|p2a: Snorlax|Body Slam|p1a: Snorlax\n|-damage|p1a: Snorlax|74/100\n|\n|upkeep\n|turn|11\n|\n|t:|1782331058\n|move|p1a: Snorlax|Body Slam|p2a: Snorlax\n|-damage|p2a: Snorlax|32/100 par\n|move|p2a: Snorlax|Rest|p2a: Snorlax\n|-status|p2a: Snorlax|slp|[from] move: Rest\n|-heal|p2a: Snorlax|100/100 slp|[silent]\n|\n|upkeep\n|turn|12\n|\n|t:|1782331068\n|switch|p1a: Alakazam|Alakazam|41/100 par\n|cant|p2a: Snorlax|slp\n|\n|upkeep\n|turn|13\n|\n|t:|1782331073\n|cant|p1a: Alakazam|par\n|-curestatus|p2a: Snorlax|slp|[msg]\n|\n|upkeep\n|turn|14\n|\n|t:|1782331076\n|cant|p1a: Alakazam|par\n|move|p2a: Snorlax|Body Slam|p1a: Alakazam\n|-damage|p1a: Alakazam|0 fnt\n|faint|p1a: Alakazam\n|\n|t:|1782331081\n|switch|p1a: Snorlax|Snorlax|74/100\n|turn|15\n|\n|t:|1782331083\n|move|p1a: Snorlax|Reflect|p1a: Snorlax\n|-start|p1a: Snorlax|Reflect\n|move|p2a: Snorlax|Body Slam|p1a: Snorlax\n|-damage|p1a: Snorlax|60/100\n|\n|upkeep\n|turn|16\n|\n|t:|1782331086\n|move|p1a: Snorlax|Body Slam|p2a: Snorlax\n|-damage|p2a: Snorlax|88/100\n|move|p2a: Snorlax|Body Slam|p1a: Snorlax\n|-damage|p1a: Snorlax|46/100\n|\n|upkeep\n|turn|17\n|\n|t:|1782331088\n|move|p1a: Snorlax|Body Slam|p2a: Snorlax\n|-damage|p2a: Snorlax|75/100\n|move|p2a: Snorlax|Body Slam|p1a: Snorlax\n|-damage|p1a: Snorlax|33/100\n|\n|upkeep\n|turn|18\n|\n|t:|1782331091\n|move|p1a: Snorlax|Rest|p1a: Snorlax\n|-status|p1a: Snorlax|slp|[from] move: Rest\n|-heal|p1a: Snorlax|100/100 slp|[silent]\n|move|p2a: Snorlax|Body Slam|p1a: Snorlax\n|-damage|p1a: Snorlax|87/100 slp\n|\n|upkeep\n|turn|19\n|\n|t:|1782331093\n|switch|p2a: Exeggutor|Exeggutor|100/100\n|cant|p1a: Snorlax|slp\n|\n|upkeep\n|turn|20\n|\n|t:|1782331097\n|move|p2a: Exeggutor|Sleep Powder|p1a: Snorlax\n|-fail|p1a: Snorlax|slp\n|-curestatus|p1a: Snorlax|slp|[msg]\n|\n|upkeep\n|turn|21\n|\n|t:|1782331102\n|move|p2a: Exeggutor|Sleep Powder|p1a: Snorlax\n|-status|p1a: Snorlax|slp|[from] move: Sleep Powder\n|cant|p1a: Snorlax|slp\n|\n|upkeep\n|turn|22\n|\n|t:|1782331104\n|switch|p1a: Victreebel|Victreebel|100/100\n|move|p2a: Exeggutor|Stun Spore|p1a: Victreebel|[miss]\n|-miss|p2a: Exeggutor\n|\n|upkeep\n|turn|23\n|\n|t:|1782331109\n|move|p1a: Victreebel|Sleep Powder|p2a: Exeggutor\n|-status|p2a: Exeggutor|slp|[from] move: Sleep Powder\n|-curestatus|p2a: Exeggutor|slp|[msg]\n|\n|upkeep\n|turn|24\n|\n|t:|1782331112\n|switch|p2a: Zapdos|Zapdos|100/100 par\n|move|p1a: Victreebel|Sleep Powder|p2a: Zapdos\n|-fail|p2a: Zapdos\n|\n|upkeep\n|turn|25\n|\n|t:|1782331115\n|move|p1a: Victreebel|Wrap|p2a: Zapdos\n|-damage|p2a: Zapdos|97/100 par\n|cant|p2a: Zapdos|partiallytrapped\n|\n|upkeep\n|turn|26\n|\n|t:|1782331121\n|switch|p1a: Chansey|Chansey|100/100\n|\n|upkeep\n|turn|27\n|\n|t:|1782331124\n|move|p1a: Chansey|Ice Beam|p2a: Zapdos\n|-supereffective|p2a: Zapdos\n|-damage|p2a: Zapdos|62/100 par\n|move|p2a: Zapdos|Thunder Wave|p1a: Chansey\n|-status|p1a: Chansey|par\n|\n|upkeep\n|turn|28\n|\n|t:|1782331128\n|move|p2a: Zapdos|Drill Peck|p1a: Chansey\n|-damage|p1a: Chansey|66/100 par\n|move|p1a: Chansey|Ice Beam|p2a: Zapdos\n|-crit|p2a: Zapdos\n|-supereffective|p2a: Zapdos\n|-damage|p2a: Zapdos|0 fnt\n|faint|p2a: Zapdos\n|\n|t:|1782331133\n|switch|p2a: Tauros|Tauros|100/100\n|turn|29\n|\n|t:|1782331140\n|switch|p1a: Zapdos|Zapdos|100/100\n|move|p2a: Tauros|Body Slam|p1a: Zapdos\n|-damage|p1a: Zapdos|74/100\n|\n|upkeep\n|turn|30\n|\n|t:|1782331146\n|switch|p2a: Snorlax|Snorlax|75/100\n|move|p1a: Zapdos|Thunder Wave|p2a: Snorlax\n|-status|p2a: Snorlax|par\n|\n|upkeep\n|turn|31\n|\n|t:|1782331152\n|move|p1a: Zapdos|Thunderbolt|p2a: Snorlax\n|-damage|p2a: Snorlax|43/100 par\n|move|p2a: Snorlax|Body Slam|p1a: Zapdos\n|-damage|p1a: Zapdos|45/100\n|-status|p1a: Zapdos|par\n|\n|upkeep\n|turn|32\n|\n|t:|1782331157\n|move|p1a: Zapdos|Thunderbolt|p2a: Snorlax\n|-crit|p2a: Snorlax\n|-damage|p2a: Snorlax|0 fnt\n|faint|p2a: Snorlax\n|\n|t:|1782331168\n|switch|p2a: Articuno|Articuno|100/100\n|turn|33\n|\n|t:|1782331180\n|switch|p2a: Tauros|Tauros|100/100\n|move|p1a: Zapdos|Thunder Wave|p2a: Tauros\n|-status|p2a: Tauros|par\n|\n|upkeep\n|turn|34\n|\n|t:|1782331186\n|cant|p2a: Tauros|par\n|move|p1a: Zapdos|Thunderbolt|p2a: Tauros\n|-damage|p2a: Tauros|56/100 par\n|\n|upkeep\n|turn|35\n|\n|t:|1782331194\n|switch|p1a: Victreebel|Victreebel|100/100\n|move|p2a: Tauros|Hyper Beam|p1a: Victreebel\n|-crit|p1a: Victreebel\n|-damage|p1a: Victreebel|0 fnt\n|faint|p1a: Victreebel\n|\n|t:|1782331198\n|switch|p1a: Tauros|Tauros|100/100\n|turn|36\n|\n|t:|1782331202\n|switch|p2a: Exeggutor|Exeggutor|100/100\n|move|p1a: Tauros|Body Slam|p2a: Exeggutor\n|-damage|p2a: Exeggutor|71/100\n|\n|upkeep\n|turn|37\n|\n|t:|1782331206\n|switch|p1a: Chansey|Chansey|66/100 par\n|move|p2a: Exeggutor|Psychic|p1a: Chansey\n|-damage|p1a: Chansey|49/100 par\n|\n|upkeep\n|turn|38\n|\n|t:|1782331209\n|move|p2a: Exeggutor|Explosion|p1a: Chansey\n|-damage|p1a: Chansey|0 fnt\n|faint|p1a: Chansey\n|faint|p2a: Exeggutor\n|\n|t:|1782331214\n|switch|p2a: Articuno|Articuno|100/100\n|switch|p1a: Tauros|Tauros|100/100\n|turn|39\n|\n|t:|1782331219\n|move|p1a: Tauros|Body Slam|p2a: Articuno\n|-damage|p2a: Articuno|74/100\n|-status|p2a: Articuno|par\n|move|p2a: Articuno|Blizzard|p1a: Tauros\n|-damage|p1a: Tauros|43/100\n|-status|p1a: Tauros|frz\n|\n|upkeep\n|turn|40\n|\n|t:|1782331225\n|switch|p1a: Snorlax|Snorlax|87/100 slp\n|move|p2a: Articuno|Ice Beam|p1a: Snorlax\n|-damage|p1a: Snorlax|57/100 slp\n|\n|upkeep\n|turn|41\n|\n|t:|1782331229\n|-curestatus|p1a: Snorlax|slp|[msg]\n|move|p2a: Articuno|Blizzard|p1a: Snorlax\n|-damage|p1a: Snorlax|17/100\n|\n|upkeep\n|turn|42\n|\n|t:|1782331231\n|switch|p2a: Chansey|Chansey|100/100\n|move|p1a: Snorlax|Rest|p1a: Snorlax\n|-status|p1a: Snorlax|slp|[from] move: Rest\n|-heal|p1a: Snorlax|100/100 slp|[silent]\n|\n|upkeep\n|turn|43\n|\n|t:|1782331234\n|move|p2a: Chansey|Seismic Toss|p1a: Snorlax\n|-damage|p1a: Snorlax|81/100 slp\n|cant|p1a: Snorlax|slp\n|\n|upkeep\n|turn|44\n|\n|t:|1782331237\n|move|p2a: Chansey|Seismic Toss|p1a: Snorlax\n|-damage|p1a: Snorlax|62/100 slp\n|-curestatus|p1a: Snorlax|slp|[msg]\n|\n|upkeep\n|turn|45\n|\n|t:|1782331241\n|move|p1a: Snorlax|Body Slam|p2a: Chansey\n|-damage|p2a: Chansey|57/100\n|move|p2a: Chansey|Counter|p1a: Snorlax\n|-damage|p1a: Snorlax|0 fnt\n|faint|p1a: Snorlax\n|\n|t:|1782331246\n|switch|p1a: Zapdos|Zapdos|45/100 par\n|turn|46\n|\n|t:|1782331248\n|move|p2a: Chansey|Seismic Toss|p1a: Zapdos\n|-damage|p1a: Zapdos|19/100 par\n|move|p1a: Zapdos|Agility|p1a: Zapdos\n|-boost|p1a: Zapdos|spe|2\n|\n|upkeep\n|turn|47\n|\n|t:|1782331251\n|move|p1a: Zapdos|Drill Peck|p2a: Chansey\n|-damage|p2a: Chansey|24/100\n|move|p2a: Chansey|Seismic Toss|p1a: Zapdos\n|-damage|p1a: Zapdos|0 fnt\n|faint|p1a: Zapdos\n|-message|TG2513 forfeited.\n|\n|win|Soda Krys\n|c|☆Soda Krys|2-3 sunny\n|c|☆Soda Krys|gg\n","uploadtime":1782331255,"views":"81","formatid":"gen1ou","rating":null,"private":0,"password":null}