{"id":"smogtours-gen1ou-958128","format":"[Gen 1] OU","players":["violet river","Laroxyl"],"log":"|inactive|Battle timer is ON: inactive players will automatically lose when time's up.\n|t:|1784709788\n|gametype|singles\n|player|p1|violet river|#advplvi|\n|player|p2|Laroxyl|#splxviitigers2|\n|gen|1\n|tier|[Gen 1] OU\n|rule|Desync Clause Mod: Desyncs resolve to link battle behavior from the acting player's perspective.\n|rule|HP Percentage Mod: HP is shown in percentages\n|rule|Endless Battle Clause: Forcing endless battles is banned\n|rule|Sleep Clause Mod: Limit one foe put to sleep\n|rule|Freeze Clause Mod: Limit one foe frozen\n|rule|Species Clause: Limit one of each Pokémon\n|rule|OHKO Clause: OHKO moves are banned\n|rule|Evasion Moves Clause: Evasion moves are banned\n|\n|t:|1784709788\n|teamsize|p1|6\n|teamsize|p2|6\n|start\n|switch|p1a: Starmie|Starmie|100/100\n|switch|p2a: Jynx|Jynx|100/100\n|turn|1\n|\n|t:|1784709794\n|switch|p1a: Rhydon|Rhydon|100/100\n|move|p2a: Jynx|Lovely Kiss|p1a: Rhydon\n|-status|p1a: Rhydon|slp|[from] move: Lovely Kiss\n|\n|upkeep\n|turn|2\n|\n|t:|1784709797\n|switch|p1a: Jynx|Jynx|100/100\n|move|p2a: Jynx|Blizzard|p1a: Jynx\n|-resisted|p1a: Jynx\n|-damage|p1a: Jynx|80/100\n|\n|upkeep\n|turn|3\n|\n|t:|1784709802\n|move|p2a: Jynx|Psychic|p1a: Jynx\n|-resisted|p1a: Jynx\n|-damage|p1a: Jynx|64/100\n|-unboost|p1a: Jynx|spa|1\n|-unboost|p1a: Jynx|spd|1\n|move|p1a: Jynx|Body Slam|p2a: Jynx\n|-damage|p2a: Jynx|78/100\n|\n|upkeep\n|turn|4\n|\n|t:|1784709809\n|move|p2a: Jynx|Blizzard|p1a: Jynx\n|-resisted|p1a: Jynx\n|-damage|p1a: Jynx|30/100\n|move|p1a: Jynx|Body Slam|p2a: Jynx\n|-damage|p2a: Jynx|56/100\n|\n|upkeep\n|turn|5\n|\n|t:|1784709816\n|switch|p1a: Starmie|Starmie|100/100\n|move|p2a: Jynx|Blizzard|p1a: Starmie|[miss]\n|-miss|p2a: Jynx\n|\n|upkeep\n|turn|6\n|\n|t:|1784709820\n|switch|p2a: Chansey|Chansey|100/100\n|move|p1a: Starmie|Surf|p2a: Chansey\n|-damage|p2a: Chansey|84/100\n|\n|upkeep\n|turn|7\n|\n|t:|1784709834\n|switch|p1a: Chansey|Chansey|100/100\n|move|p2a: Chansey|Thunder Wave|p1a: Chansey\n|-status|p1a: Chansey|par\n|\n|upkeep\n|turn|8\n|\n|t:|1784709837\n|switch|p2a: Jynx|Jynx|56/100\n|switch|p1a: Jynx|Jynx|30/100\n|\n|upkeep\n|turn|9\n|\n|t:|1784709848\n|move|p1a: Jynx|Body Slam|p2a: Jynx\n|-damage|p2a: Jynx|33/100\n|-status|p2a: Jynx|par\n|move|p2a: Jynx|Psychic|p1a: Jynx\n|-resisted|p1a: Jynx\n|-damage|p1a: Jynx|13/100\n|-unboost|p1a: Jynx|spa|1\n|-unboost|p1a: Jynx|spd|1\n|\n|upkeep\n|turn|10\n|\n|t:|1784709858\n|switch|p1a: Snorlax|Snorlax|100/100\n|move|p2a: Jynx|Rest|p2a: Jynx\n|-status|p2a: Jynx|slp|[from] move: Rest\n|-heal|p2a: Jynx|100/100 slp|[silent]\n|\n|upkeep\n|turn|11\n|\n|t:|1784709867\n|switch|p2a: Snorlax|Snorlax|100/100\n|move|p1a: Snorlax|Body Slam|p2a: Snorlax\n|-damage|p2a: Snorlax|73/100\n|\n|upkeep\n|turn|12\n|\n|t:|1784709870\n|move|p1a: Snorlax|Body Slam|p2a: Snorlax\n|-damage|p2a: Snorlax|48/100\n|move|p2a: Snorlax|Reflect|p2a: Snorlax\n|-start|p2a: Snorlax|Reflect\n|\n|upkeep\n|turn|13\n|\n|t:|1784709883\n|move|p1a: Snorlax|Reflect|p1a: Snorlax\n|-start|p1a: Snorlax|Reflect\n|move|p2a: Snorlax|Rest|p2a: Snorlax\n|-status|p2a: Snorlax|slp|[from] move: Rest\n|-heal|p2a: Snorlax|100/100 slp|[silent]\n|\n|upkeep\n|turn|14\n|\n|t:|1784709900\n|switch|p1a: Jynx|Jynx|13/100\n|cant|p2a: Snorlax|slp\n|\n|upkeep\n|turn|15\n|\n|t:|1784709920\n|switch|p2a: Starmie|Starmie|100/100\n|move|p1a: Jynx|Ice Beam|p2a: Starmie\n|-resisted|p2a: Starmie\n|-damage|p2a: Starmie|83/100\n|\n|upkeep\n|turn|16\n|\n|t:|1784709927\n|switch|p2a: Snorlax|Snorlax|100/100 slp\n|switch|p1a: Chansey|Chansey|100/100 par\n|\n|upkeep\n|turn|17\n|\n|t:|1784709929\n|switch|p1a: Jynx|Jynx|13/100\n|-curestatus|p2a: Snorlax|slp|[msg]\n|\n|upkeep\n|turn|18\n|\n|t:|1784709934\n|switch|p2a: Jynx|Jynx|100/100 slp\n|move|p1a: Jynx|Lovely Kiss|p2a: Jynx\n|-fail|p2a: Jynx|slp\n|\n|upkeep\n|turn|19\n|\n|t:|1784709942\n|switch|p1a: Tauros|Tauros|100/100\n|cant|p2a: Jynx|slp\n|\n|upkeep\n|turn|20\n|inactive|Laroxyl has 270 seconds left.\n|\n|t:|1784709978\n|switch|p2a: Exeggutor|Exeggutor|100/100\n|move|p1a: Tauros|Body Slam|p2a: Exeggutor\n|-damage|p2a: Exeggutor|72/100\n|-status|p2a: Exeggutor|par\n|\n|upkeep\n|turn|21\n|inactive|Laroxyl has 270 seconds left.\n|\n|t:|1784709987\n|switch|p1a: Chansey|Chansey|100/100 par\n|move|p2a: Exeggutor|Psychic|p1a: Chansey\n|-damage|p1a: Chansey|85/100 par\n|\n|upkeep\n|turn|22\n|\n|t:|1784709997\n|switch|p1a: Jynx|Jynx|13/100\n|cant|p2a: Exeggutor|par\n|\n|upkeep\n|turn|23\n|inactive|Laroxyl has 270 seconds left.\n|inactive|Laroxyl has 240 seconds left.\n|\n|t:|1784710044\n|switch|p2a: Starmie|Starmie|83/100\n|move|p1a: Jynx|Rest|p1a: Jynx\n|-status|p1a: Jynx|slp|[from] move: Rest\n|-heal|p1a: Jynx|100/100 slp|[silent]\n|\n|upkeep\n|turn|24\n|\n|t:|1784710052\n|move|p2a: Starmie|Surf|p1a: Jynx\n|-damage|p1a: Jynx|67/100 slp\n|cant|p1a: Jynx|slp\n|\n|upkeep\n|turn|25\n|\n|t:|1784710066\n|switch|p1a: Starmie|Starmie|100/100\n|move|p2a: Starmie|Surf|p1a: Starmie\n|-resisted|p1a: Starmie\n|-damage|p1a: Starmie|83/100\n|\n|upkeep\n|turn|26\n|inactive|Laroxyl has 240 seconds left.\n|\n|t:|1784710109\n|switch|p1a: Chansey|Chansey|85/100 par\n|switch|p2a: Chansey|Chansey|84/100\n|\n|upkeep\n|turn|27\n|\n|t:|1784710122\n|switch|p2a: Jynx|Jynx|100/100 slp\n|move|p1a: Chansey|Ice Beam|p2a: Jynx\n|-resisted|p2a: Jynx\n|-damage|p2a: Jynx|88/100 slp\n|\n|upkeep\n|turn|28\n|\n|t:|1784710128\n|switch|p2a: Snorlax|Snorlax|100/100\n|switch|p1a: Jynx|Jynx|67/100 slp\n|\n|upkeep\n|turn|29\n|\n|t:|1784710133\n|-curestatus|p1a: Jynx|slp|[msg]\n|move|p2a: Snorlax|Body Slam|p1a: Jynx\n|-crit|p1a: Jynx\n|-damage|p1a: Jynx|0 fnt\n|faint|p1a: Jynx\n|c|☆violet river|ouch\n|\n|t:|1784710143\n|switch|p1a: Snorlax|Snorlax|100/100\n|turn|30\n|inactive|Laroxyl has 240 seconds left.\n|\n|t:|1784710148\n|move|p2a: Snorlax|Body Slam|p1a: Snorlax\n|-damage|p1a: Snorlax|72/100\n|move|p1a: Snorlax|Body Slam|p2a: Snorlax\n|-damage|p2a: Snorlax|75/100\n|\n|upkeep\n|turn|31\n|\n|t:|1784710154\n|move|p1a: Snorlax|Body Slam|p2a: Snorlax\n|-crit|p2a: Snorlax\n|-damage|p2a: Snorlax|25/100\n|move|p2a: Snorlax|Body Slam|p1a: Snorlax\n|-damage|p1a: Snorlax|48/100\n|\n|upkeep\n|turn|32\n|\n|t:|1784710159\n|move|p2a: Snorlax|Hyper Beam|p1a: Snorlax|[miss]\n|-miss|p2a: Snorlax\n|move|p1a: Snorlax|Body Slam|p2a: Snorlax\n|-damage|p2a: Snorlax|0 fnt\n|faint|p2a: Snorlax\n|c|☆violet river|works.\n|inactive|Laroxyl has 240 seconds left.\n|inactive|Laroxyl has 210 seconds left.\n|\n|t:|1784710221\n|switch|p2a: Tauros|Tauros|100/100\n|turn|33\n|\n|t:|1784710230\n|switch|p1a: Starmie|Starmie|83/100\n|move|p2a: Tauros|Body Slam|p1a: Starmie\n|-damage|p1a: Starmie|47/100\n|\n|upkeep\n|turn|34\n|inactive|Laroxyl has 210 seconds left.\n|\n|t:|1784710243\n|switch|p2a: Chansey|Chansey|84/100\n|move|p1a: Starmie|Thunder Wave|p2a: Chansey\n|-status|p2a: Chansey|par\n|\n|upkeep\n|turn|35\n|inactive|Laroxyl has 210 seconds left.\n|\n|t:|1784710250\n|move|p1a: Starmie|Recover|p1a: Starmie\n|-heal|p1a: Starmie|97/100\n|move|p2a: Chansey|Thunderbolt|p1a: Starmie\n|-supereffective|p1a: Starmie\n|-damage|p1a: Starmie|49/100\n|\n|upkeep\n|turn|36\n|\n|t:|1784710256\n|move|p1a: Starmie|Recover|p1a: Starmie\n|-heal|p1a: Starmie|99/100\n|move|p2a: Chansey|Thunderbolt|p1a: Starmie\n|-supereffective|p1a: Starmie\n|-damage|p1a: Starmie|52/100\n|\n|upkeep\n|turn|37\n|\n|t:|1784710260\n|move|p1a: Starmie|Recover|p1a: Starmie\n|-heal|p1a: Starmie|100/100\n|move|p2a: Chansey|Thunder Wave|p1a: Starmie\n|-status|p1a: Starmie|par\n|\n|upkeep\n|turn|38\n|\n|t:|1784710270\n|switch|p1a: Snorlax|Snorlax|48/100\n|switch|p2a: Tauros|Tauros|100/100\n|\n|upkeep\n|turn|39\n|\n|t:|1784710277\n|move|p2a: Tauros|Body Slam|p1a: Snorlax\n|-damage|p1a: Snorlax|22/100\n|move|p1a: Snorlax|Hyper Beam|p2a: Tauros|[miss]\n|-miss|p1a: Snorlax\n|\n|upkeep\n|turn|40\n|\n|t:|1784710282\n|switch|p1a: Starmie|Starmie|100/100 par\n|move|p2a: Tauros|Body Slam|p1a: Starmie\n|-damage|p1a: Starmie|69/100 par\n|\n|upkeep\n|turn|41\n|\n|t:|1784710297\n|switch|p2a: Chansey|Chansey|84/100 par\n|move|p1a: Starmie|Thunder Wave|p2a: Chansey\n|-fail|p2a: Chansey|par\n|\n|upkeep\n|turn|42\n|\n|t:|1784710305\n|switch|p1a: Snorlax|Snorlax|22/100\n|move|p2a: Chansey|Thunderbolt|p1a: Snorlax\n|-damage|p1a: Snorlax|1/100\n|\n|upkeep\n|turn|43\n|\n|t:|1784710325\n|switch|p2a: Tauros|Tauros|100/100\n|move|p1a: Snorlax|Hyper Beam|p2a: Tauros\n|-damage|p2a: Tauros|42/100\n|-mustrecharge|p1a: Snorlax\n|\n|upkeep\n|turn|44\n|\n|t:|1784710328\n|move|p2a: Tauros|Body Slam|p1a: Snorlax\n|-damage|p1a: Snorlax|0 fnt\n|faint|p1a: Snorlax\n|\n|t:|1784710330\n|switch|p1a: Tauros|Tauros|100/100\n|turn|45\n|\n|t:|1784710349\n|move|p2a: Tauros|Hyper Beam|p1a: Tauros\n|-crit|p1a: Tauros\n|-damage|p1a: Tauros|0 fnt\n|faint|p1a: Tauros\n|c|☆violet river|ok\n|c|☆violet river|gg\n|\n|t:|1784710354\n|switch|p1a: Starmie|Starmie|69/100 par\n|turn|46\n|c|☆Laroxyl|gg\n|-message|violet river forfeited.\n|\n|win|Laroxyl\n","uploadtime":1784710360,"views":"94","formatid":"gen1ou","rating":null,"private":0,"password":null}