{"id":"smogtours-gen1ou-961014","format":"[Gen 1] OU","players":["sadisticnarwhal","wooooo rby"],"log":"|inactive|Battle timer is ON: inactive players will automatically lose when time's up.\n|t:|1785636408\n|gametype|singles\n|player|p1|sadisticnarwhal|#rcop2023useast|\n|player|p2|wooooo rby|lucas|\n|gen|1\n|tier|[Gen 1] OU\n|rule|Desync Clause Mod: Desyncs resolve to link battle behavior from the acting player's perspective.\n|rule|HP Percentage Mod: HP is shown in percentages\n|rule|Endless Battle Clause: Forcing endless battles is banned\n|rule|Sleep Clause Mod: Limit one foe put to sleep\n|rule|Freeze Clause Mod: Limit one foe frozen\n|rule|Species Clause: Limit one of each Pokémon\n|rule|OHKO Clause: OHKO moves are banned\n|rule|Evasion Moves Clause: Evasion moves are banned\n|\n|t:|1785636408\n|teamsize|p1|6\n|teamsize|p2|6\n|start\n|switch|p1a: Starmie|Starmie|100/100\n|switch|p2a: Alakazam|Alakazam|100/100\n|turn|1\n|c|☆wooooo rby|hf\n|c|☆sadisticnarwhal|u2\n|\n|t:|1785636418\n|move|p2a: Alakazam|Thunder Wave|p1a: Starmie\n|-status|p1a: Starmie|par\n|move|p1a: Starmie|Blizzard|p2a: Alakazam\n|-damage|p2a: Alakazam|77/100\n|\n|upkeep\n|turn|2\n|\n|t:|1785636422\n|move|p2a: Alakazam|Seismic Toss|p1a: Starmie\n|-damage|p1a: Starmie|70/100 par\n|cant|p1a: Starmie|par\n|\n|upkeep\n|turn|3\n|\n|t:|1785636431\n|move|p2a: Alakazam|Seismic Toss|p1a: Starmie\n|-damage|p1a: Starmie|39/100 par\n|move|p1a: Starmie|Recover|p1a: Starmie\n|-heal|p1a: Starmie|88/100 par\n|\n|upkeep\n|turn|4\n|\n|t:|1785636434\n|move|p2a: Alakazam|Seismic Toss|p1a: Starmie\n|-damage|p1a: Starmie|57/100 par\n|cant|p1a: Starmie|par\n|\n|upkeep\n|turn|5\n|\n|t:|1785636436\n|move|p2a: Alakazam|Seismic Toss|p1a: Starmie\n|-damage|p1a: Starmie|27/100 par\n|move|p1a: Starmie|Recover|p1a: Starmie\n|-heal|p1a: Starmie|76/100 par\n|\n|upkeep\n|turn|6\n|\n|t:|1785636439\n|move|p2a: Alakazam|Seismic Toss|p1a: Starmie\n|-damage|p1a: Starmie|45/100 par\n|move|p1a: Starmie|Recover|p1a: Starmie\n|-heal|p1a: Starmie|95/100 par\n|\n|upkeep\n|turn|7\n|\n|t:|1785636441\n|move|p2a: Alakazam|Seismic Toss|p1a: Starmie\n|-damage|p1a: Starmie|64/100 par\n|move|p1a: Starmie|Recover|p1a: Starmie\n|-heal|p1a: Starmie|100/100 par\n|\n|upkeep\n|turn|8\n|\n|t:|1785636449\n|move|p2a: Alakazam|Seismic Toss|p1a: Starmie\n|-damage|p1a: Starmie|70/100 par\n|move|p1a: Starmie|Blizzard|p2a: Alakazam\n|-crit|p2a: Alakazam\n|-damage|p2a: Alakazam|32/100\n|\n|upkeep\n|turn|9\n|\n|t:|1785636473\n|switch|p1a: Exeggutor|Exeggutor|100/100\n|move|p2a: Alakazam|Recover|p2a: Alakazam\n|-heal|p2a: Alakazam|82/100\n|\n|upkeep\n|turn|10\n|\n|t:|1785636481\n|move|p2a: Alakazam|Thunder Wave|p1a: Exeggutor\n|-status|p1a: Exeggutor|par\n|cant|p1a: Exeggutor|par\n|\n|upkeep\n|turn|11\n|\n|t:|1785636482\n|move|p2a: Alakazam|Seismic Toss|p1a: Exeggutor\n|-damage|p1a: Exeggutor|75/100 par\n|cant|p1a: Exeggutor|par\n|\n|upkeep\n|turn|12\n|\n|t:|1785636485\n|move|p2a: Alakazam|Seismic Toss|p1a: Exeggutor\n|-damage|p1a: Exeggutor|50/100 par\n|cant|p1a: Exeggutor|par\n|\n|upkeep\n|turn|13\n|\n|t:|1785636488\n|move|p2a: Alakazam|Seismic Toss|p1a: Exeggutor\n|-damage|p1a: Exeggutor|24/100 par\n|move|p1a: Exeggutor|Sleep Powder|p2a: Alakazam\n|-status|p2a: Alakazam|slp|[from] move: Sleep Powder\n|\n|upkeep\n|turn|14\n|\n|t:|1785636492\n|cant|p2a: Alakazam|slp\n|move|p1a: Exeggutor|Explosion|p2a: Alakazam\n|-damage|p2a: Alakazam|0 fnt\n|faint|p2a: Alakazam\n|faint|p1a: Exeggutor\n|\n|t:|1785636499\n|switch|p2a: Exeggutor|Exeggutor|100/100\n|switch|p1a: Alakazam|Alakazam|100/100\n|turn|15\n|\n|t:|1785636501\n|move|p1a: Alakazam|Thunder Wave|p2a: Exeggutor\n|-status|p2a: Exeggutor|par\n|move|p2a: Exeggutor|Sleep Powder|p1a: Alakazam|[miss]\n|-miss|p2a: Exeggutor\n|\n|upkeep\n|turn|16\n|\n|t:|1785636504\n|switch|p1a: Starmie|Starmie|70/100 par\n|switch|p2a: Snorlax|Snorlax|100/100\n|\n|upkeep\n|turn|17\n|\n|t:|1785636506\n|move|p2a: Snorlax|Body Slam|p1a: Starmie\n|-damage|p1a: Starmie|31/100 par\n|cant|p1a: Starmie|par\n|\n|upkeep\n|turn|18\n|\n|t:|1785636509\n|switch|p1a: Snorlax|Snorlax|100/100\n|move|p2a: Snorlax|Body Slam|p1a: Snorlax\n|-damage|p1a: Snorlax|76/100\n|\n|upkeep\n|turn|19\n|\n|t:|1785636515\n|move|p2a: Snorlax|Reflect|p2a: Snorlax\n|-start|p2a: Snorlax|Reflect\n|move|p1a: Snorlax|Self-Destruct|p2a: Snorlax\n|-damage|p2a: Snorlax|59/100\n|faint|p1a: Snorlax\n|\n|t:|1785636519\n|switch|p1a: Alakazam|Alakazam|100/100\n|turn|20\n|\n|t:|1785636523\n|switch|p2a: Exeggutor|Exeggutor|100/100 par\n|move|p1a: Alakazam|Psychic|p2a: Exeggutor\n|-resisted|p2a: Exeggutor\n|-damage|p2a: Exeggutor|87/100 par\n|-unboost|p2a: Exeggutor|spa|1\n|-unboost|p2a: Exeggutor|spd|1\n|\n|upkeep\n|turn|21\n|c|+SamuelBest|just to clarify you guys are doing best of\n|\n|t:|1785636528\n|switch|p1a: Starmie|Starmie|31/100 par\n|move|p2a: Exeggutor|Sleep Powder|p1a: Starmie|[miss]\n|-miss|p2a: Exeggutor\n|\n|upkeep\n|turn|22\n|c|☆sadisticnarwhal|7\n|c|+SamuelBest|alright\n|\n|t:|1785636533\n|switch|p2a: Snorlax|Snorlax|59/100\n|move|p1a: Starmie|Recover|p1a: Starmie\n|-heal|p1a: Starmie|81/100 par\n|\n|upkeep\n|turn|23\n|\n|t:|1785636535\n|move|p2a: Snorlax|Body Slam|p1a: Starmie\n|-damage|p1a: Starmie|44/100 par\n|move|p1a: Starmie|Thunder Wave|p2a: Snorlax\n|-status|p2a: Snorlax|par\n|\n|upkeep\n|turn|24\n|\n|t:|1785636538\n|move|p1a: Starmie|Recover|p1a: Starmie\n|-heal|p1a: Starmie|93/100 par\n|move|p2a: Snorlax|Self-Destruct|p1a: Starmie\n|-damage|p1a: Starmie|0 fnt\n|faint|p1a: Starmie\n|faint|p2a: Snorlax\n|\n|t:|1785636542\n|switch|p1a: Zapdos|Zapdos|100/100\n|switch|p2a: Starmie|Starmie|100/100\n|turn|25\n|\n|t:|1785636547\n|switch|p2a: Rhydon|Rhydon|100/100\n|move|p1a: Zapdos|Thunderbolt|p2a: Rhydon\n|-immune|p2a: Rhydon\n|\n|upkeep\n|turn|26\n|c|☆sadisticnarwhal|yeah\n|c|☆sadisticnarwhal|I'm just\n|c|☆sadisticnarwhal|so much worse than you in every way I think\n|c|☆sadisticnarwhal|hm\n|c|☆sadisticnarwhal|tough\n|\n|t:|1785636565\n|switch|p1a: Tauros|Tauros|100/100\n|switch|p2a: Starmie|Starmie|100/100\n|\n|upkeep\n|turn|27\n|\n|t:|1785636567\n|switch|p1a: Alakazam|Alakazam|100/100\n|move|p2a: Starmie|Thunder Wave|p1a: Alakazam\n|-status|p1a: Alakazam|par\n|\n|upkeep\n|turn|28\n|\n|t:|1785636571\n|switch|p2a: Exeggutor|Exeggutor|87/100 par\n|cant|p1a: Alakazam|par\n|\n|upkeep\n|turn|29\n|\n|t:|1785636574\n|switch|p1a: Zapdos|Zapdos|100/100\n|move|p2a: Exeggutor|Psychic|p1a: Zapdos\n|-damage|p1a: Zapdos|75/100\n|\n|upkeep\n|turn|30\n|\n|t:|1785636579\n|switch|p1a: Tauros|Tauros|100/100\n|switch|p2a: Rhydon|Rhydon|100/100\n|\n|upkeep\n|turn|31\n|\n|t:|1785636581\n|switch|p2a: Exeggutor|Exeggutor|87/100 par\n|move|p1a: Tauros|Blizzard|p2a: Exeggutor\n|-supereffective|p2a: Exeggutor\n|-damage|p2a: Exeggutor|54/100 par\n|\n|upkeep\n|turn|32\n|\n|t:|1785636587\n|switch|p1a: Alakazam|Alakazam|100/100 par\n|move|p2a: Exeggutor|Psychic|p1a: Alakazam\n|-resisted|p1a: Alakazam\n|-damage|p1a: Alakazam|85/100 par\n|\n|upkeep\n|turn|33\n|\n|t:|1785636590\n|switch|p1a: Zapdos|Zapdos|75/100\n|move|p2a: Exeggutor|Psychic|p1a: Zapdos\n|-crit|p1a: Zapdos\n|-damage|p1a: Zapdos|17/100\n|\n|upkeep\n|turn|34\n|\n|t:|1785636595\n|switch|p1a: Tauros|Tauros|100/100\n|switch|p2a: Rhydon|Rhydon|100/100\n|\n|upkeep\n|turn|35\n|\n|t:|1785636601\n|switch|p2a: Exeggutor|Exeggutor|54/100 par\n|move|p1a: Tauros|Blizzard|p2a: Exeggutor\n|-supereffective|p2a: Exeggutor\n|-damage|p2a: Exeggutor|24/100 par\n|\n|upkeep\n|turn|36\n|\n|t:|1785636604\n|move|p1a: Tauros|Body Slam|p2a: Exeggutor\n|-damage|p2a: Exeggutor|0 fnt\n|faint|p2a: Exeggutor\n|\n|t:|1785636607\n|switch|p2a: Tauros|Tauros|100/100\n|turn|37\n|\n|t:|1785636610\n|move|p2a: Tauros|Body Slam|p1a: Tauros\n|-damage|p1a: Tauros|72/100\n|move|p1a: Tauros|Blizzard|p2a: Tauros\n|-damage|p2a: Tauros|75/100\n|\n|upkeep\n|turn|38\n|\n|t:|1785636625\n|move|p1a: Tauros|Blizzard|p2a: Tauros\n|-damage|p2a: Tauros|48/100\n|move|p2a: Tauros|Body Slam|p1a: Tauros\n|-crit|p1a: Tauros\n|-damage|p1a: Tauros|19/100\n|\n|upkeep\n|turn|39\n|\n|t:|1785636633\n|move|p1a: Tauros|Blizzard|p2a: Tauros\n|-damage|p2a: Tauros|21/100\n|move|p2a: Tauros|Hyper Beam|p1a: Tauros\n|-damage|p1a: Tauros|0 fnt\n|faint|p1a: Tauros\n|c|☆sadisticnarwhal|ggs\n|-message|sadisticnarwhal forfeited.\n|\n|win|wooooo rby\n|c|☆wooooo rby|ggs\n|player|p1|\n|player|p2|\n","uploadtime":1785636641,"views":"115","formatid":"gen1ou","rating":null,"private":0,"password":null}