{"id":"smogtours-gen1ou-820442","format":"[Gen 1] OU","players":["shiloh","Prinz"],"log":"|inactive|Battle timer is ON: inactive players will automatically lose when time's up.\n|t:|1739729493\n|gametype|singles\n|player|p1|shiloh|#splxvitigers2|\n|player|p2|Prinz|policeman-gen4|\n|teamsize|p1|6\n|teamsize|p2|6\n|gen|1\n|tier|[Gen 1] OU\n|rule|Desync Clause Mod: Desyncs changed to move failure.\n|rule|Sleep Clause Mod: Limit one foe put to sleep\n|rule|Freeze Clause Mod: Limit one foe frozen\n|rule|Species Clause: Limit one of each Pokémon\n|rule|OHKO Clause: OHKO moves are banned\n|rule|Evasion Moves Clause: Evasion moves are banned\n|rule|Endless Battle Clause: Forcing endless battles is banned\n|rule|HP Percentage Mod: HP is shown in percentages\n|\n|t:|1739729493\n|start\n|switch|p1a: SCRATCH|Jolteon|100/100\n|switch|p2a: Jolteon|Jolteon|100/100\n|turn|1\n|rated|Smogon Premier League\n|c|☆Prinz|hf\n|\n|t:|1739729512\n|switch|p2a: Exeggutor|Exeggutor|100/100\n|move|p1a: SCRATCH|Thunder Wave|p2a: Exeggutor\n|-status|p2a: Exeggutor|par\n|\n|upkeep\n|turn|2\n|\n|t:|1739729516\n|move|p1a: SCRATCH|Pin Missile|p2a: Exeggutor\n|-crit|p2a: Exeggutor\n|-supereffective|p2a: Exeggutor\n|-damage|p2a: Exeggutor|80/100 par\n|-damage|p2a: Exeggutor|59/100 par\n|-damage|p2a: Exeggutor|39/100 par\n|-hitcount|p2a: Exeggutor|3\n|move|p2a: Exeggutor|Sleep Powder|p1a: SCRATCH|[miss]\n|-miss|p2a: Exeggutor\n|\n|upkeep\n|turn|3\n|\n|t:|1739729526\n|switch|p2a: Alakazam|Alakazam|100/100\n|move|p1a: SCRATCH|Pin Missile|p2a: Alakazam\n|-supereffective|p2a: Alakazam\n|-damage|p2a: Alakazam|91/100\n|-damage|p2a: Alakazam|81/100\n|-hitcount|p2a: Alakazam|2\n|\n|upkeep\n|turn|4\n|\n|t:|1739729530\n|switch|p1a: THE BLOOD SONG|Exeggutor|100/100\n|move|p2a: Alakazam|Thunder Wave|p1a: THE BLOOD SONG\n|-status|p1a: THE BLOOD SONG|par\n|\n|upkeep\n|turn|5\n|\n|t:|1739729538\n|switch|p2a: Exeggutor|Exeggutor|39/100 par\n|cant|p1a: THE BLOOD SONG|par\n|\n|upkeep\n|turn|6\n|\n|t:|1739729544\n|switch|p1a: SCRATCH|Jolteon|100/100\n|move|p2a: Exeggutor|Psychic|p1a: SCRATCH\n|-damage|p1a: SCRATCH|68/100\n|\n|upkeep\n|turn|7\n|\n|t:|1739729554\n|switch|p2a: Alakazam|Alakazam|81/100\n|move|p1a: SCRATCH|Pin Missile|p2a: Alakazam\n|-supereffective|p2a: Alakazam\n|-damage|p2a: Alakazam|72/100\n|-damage|p2a: Alakazam|63/100\n|-damage|p2a: Alakazam|54/100\n|-hitcount|p2a: Alakazam|3\n|\n|upkeep\n|turn|8\n|\n|t:|1739729573\n|move|p1a: SCRATCH|Thunderbolt|p2a: Alakazam\n|-damage|p2a: Alakazam|22/100\n|move|p2a: Alakazam|Recover|p2a: Alakazam\n|-heal|p2a: Alakazam|72/100\n|\n|upkeep\n|turn|9\n|\n|t:|1739729582\n|switch|p1a: THE BLOOD SONG|Exeggutor|100/100 par\n|move|p2a: Alakazam|Seismic Toss|p1a: THE BLOOD SONG\n|-damage|p1a: THE BLOOD SONG|75/100 par\n|\n|upkeep\n|turn|10\n|\n|t:|1739729594\n|switch|p2a: Exeggutor|Exeggutor|39/100 par\n|move|p1a: THE BLOOD SONG|Psychic|p2a: Exeggutor\n|-resisted|p2a: Exeggutor\n|-damage|p2a: Exeggutor|25/100 par\n|\n|upkeep\n|turn|11\n|\n|t:|1739729600\n|switch|p1a: DENIER OF FAITH|Gengar|100/100\n|move|p2a: Exeggutor|Explosion|p1a: DENIER OF FAITH\n|-immune|p1a: DENIER OF FAITH\n|faint|p2a: Exeggutor\n|\n|t:|1739729608\n|switch|p2a: Alakazam|Alakazam|72/100\n|turn|12\n|inactive|shiloh has 270 seconds left.\n|\n|t:|1739729644\n|switch|p1a: THE BLOOD SONG|Exeggutor|75/100 par\n|move|p2a: Alakazam|Psychic|p1a: THE BLOOD SONG\n|-resisted|p1a: THE BLOOD SONG\n|-damage|p1a: THE BLOOD SONG|61/100 par\n|-unboost|p1a: THE BLOOD SONG|spa|1\n|-unboost|p1a: THE BLOOD SONG|spd|1\n|\n|upkeep\n|turn|13\n|\n|t:|1739729654\n|move|p2a: Alakazam|Seismic Toss|p1a: THE BLOOD SONG\n|-damage|p1a: THE BLOOD SONG|35/100 par\n|cant|p1a: THE BLOOD SONG|par\n|\n|upkeep\n|turn|14\n|\n|t:|1739729659\n|move|p2a: Alakazam|Seismic Toss|p1a: THE BLOOD SONG\n|-damage|p1a: THE BLOOD SONG|10/100 par\n|move|p1a: THE BLOOD SONG|Explosion|p2a: Alakazam\n|-damage|p2a: Alakazam|0 fnt\n|faint|p2a: Alakazam\n|faint|p1a: THE BLOOD SONG\n|\n|t:|1739729678\n|switch|p2a: Jolteon|Jolteon|100/100\n|switch|p1a: BERAL SHAK UR|Snorlax|100/100\n|turn|15\n|\n|t:|1739729688\n|switch|p2a: Snorlax|Snorlax|100/100\n|move|p1a: BERAL SHAK UR|Body Slam|p2a: Snorlax\n|-damage|p2a: Snorlax|74/100\n|\n|upkeep\n|turn|16\n|\n|t:|1739729693\n|switch|p1a: DENIER OF FAITH|Gengar|100/100\n|move|p2a: Snorlax|Counter|p1a: DENIER OF FAITH\n|-damage|p1a: DENIER OF FAITH|14/100\n|\n|upkeep\n|turn|17\n|\n|t:|1739729708\n|move|p1a: DENIER OF FAITH|Hypnosis|p2a: Snorlax\n|-status|p2a: Snorlax|slp|[from] move: Hypnosis\n|-curestatus|p2a: Snorlax|slp|[msg]\n|\n|upkeep\n|turn|18\n|\n|t:|1739729711\n|move|p1a: DENIER OF FAITH|Hypnosis|p2a: Snorlax\n|-status|p2a: Snorlax|slp|[from] move: Hypnosis\n|cant|p2a: Snorlax|slp\n|\n|upkeep\n|turn|19\n|\n|t:|1739729716\n|switch|p1a: BERAL SHAK UR|Snorlax|100/100\n|cant|p2a: Snorlax|slp\n|\n|upkeep\n|turn|20\n|\n|t:|1739729728\n|move|p1a: BERAL SHAK UR|Body Slam|p2a: Snorlax\n|-damage|p2a: Snorlax|47/100 slp\n|-curestatus|p2a: Snorlax|slp|[msg]\n|\n|upkeep\n|turn|21\n|\n|t:|1739729751\n|move|p2a: Snorlax|Body Slam|p1a: BERAL SHAK UR\n|-damage|p1a: BERAL SHAK UR|75/100\n|move|p1a: BERAL SHAK UR|Earthquake|p2a: Snorlax\n|-damage|p2a: Snorlax|26/100\n|\n|upkeep\n|turn|22\n|\n|t:|1739729757\n|switch|p1a: DENIER OF FAITH|Gengar|14/100\n|move|p2a: Snorlax|Earthquake|p1a: DENIER OF FAITH\n|-supereffective|p1a: DENIER OF FAITH\n|-damage|p1a: DENIER OF FAITH|0 fnt\n|faint|p1a: DENIER OF FAITH\n|\n|t:|1739729770\n|switch|p1a: Tauros|Tauros|100/100\n|turn|23\n|\n|t:|1739729779\n|move|p1a: Tauros|Body Slam|p2a: Snorlax\n|-damage|p2a: Snorlax|0 fnt\n|faint|p2a: Snorlax\n|inactive|Prinz has 270 seconds left.\n|\n|t:|1739729832\n|switch|p2a: Persian|Persian|100/100\n|turn|24\n|\n|t:|1739729842\n|move|p2a: Persian|Slash|p1a: Tauros\n|-crit|p1a: Tauros\n|-damage|p1a: Tauros|65/100\n|move|p1a: Tauros|Body Slam|p2a: Persian\n|-damage|p2a: Persian|57/100\n|\n|upkeep\n|turn|25\n|\n|t:|1739729847\n|move|p2a: Persian|Slash|p1a: Tauros\n|-crit|p1a: Tauros\n|-damage|p1a: Tauros|27/100\n|move|p1a: Tauros|Hyper Beam|p2a: Persian\n|-damage|p2a: Persian|0 fnt\n|faint|p2a: Persian\n|\n|t:|1739729854\n|switch|p2a: Jolteon|Jolteon|100/100\n|turn|26\n|\n|t:|1739729858\n|switch|p1a: SCRATCH|Jolteon|68/100\n|move|p2a: Jolteon|Thunderbolt|p1a: SCRATCH\n|-resisted|p1a: SCRATCH\n|-damage|p1a: SCRATCH|52/100\n|\n|upkeep\n|turn|27\n|\n|t:|1739729864\n|move|p2a: Jolteon|Thunder Wave|p1a: SCRATCH\n|-status|p1a: SCRATCH|par\n|move|p1a: SCRATCH|Thunder Wave|p2a: Jolteon\n|-status|p2a: Jolteon|par\n|\n|upkeep\n|turn|28\n|\n|t:|1739729884\n|move|p1a: SCRATCH|Thunderbolt|p2a: Jolteon\n|-resisted|p2a: Jolteon\n|-damage|p2a: Jolteon|84/100 par\n|cant|p2a: Jolteon|par\n|\n|upkeep\n|turn|29\n|\n|t:|1739729893\n|cant|p1a: SCRATCH|par\n|move|p2a: Jolteon|Thunderbolt|p1a: SCRATCH\n|-resisted|p1a: SCRATCH\n|-damage|p1a: SCRATCH|36/100 par\n|\n|upkeep\n|turn|30\n|\n|t:|1739729896\n|move|p2a: Jolteon|Thunderbolt|p1a: SCRATCH\n|-resisted|p1a: SCRATCH\n|-damage|p1a: SCRATCH|19/100 par\n|move|p1a: SCRATCH|Thunderbolt|p2a: Jolteon\n|-resisted|p2a: Jolteon\n|-damage|p2a: Jolteon|67/100 par\n|\n|upkeep\n|turn|31\n|\n|t:|1739729900\n|move|p2a: Jolteon|Thunderbolt|p1a: SCRATCH\n|-resisted|p1a: SCRATCH\n|-damage|p1a: SCRATCH|1/100 par\n|cant|p1a: SCRATCH|par\n|\n|upkeep\n|turn|32\n|\n|t:|1739729903\n|move|p2a: Jolteon|Thunderbolt|p1a: SCRATCH\n|-resisted|p1a: SCRATCH\n|-damage|p1a: SCRATCH|0 fnt\n|faint|p1a: SCRATCH\n|\n|t:|1739729933\n|switch|p1a: Tauros|Tauros|27/100\n|turn|33\n|\n|t:|1739729943\n|move|p1a: Tauros|Hyper Beam|p2a: Jolteon\n|-damage|p2a: Jolteon|0 fnt\n|faint|p2a: Jolteon\n|\n|t:|1739729945\n|switch|p2a: Tauros|Tauros|100/100\n|turn|34\n|\n|t:|1739729954\n|move|p2a: Tauros|Body Slam|p1a: Tauros\n|-damage|p1a: Tauros|0 fnt\n|faint|p1a: Tauros\n|\n|t:|1739729956\n|switch|p1a: BERAL SHAK UR|Snorlax|75/100\n|turn|35\n|\n|t:|1739729977\n|move|p2a: Tauros|Hyper Beam|p1a: BERAL SHAK UR\n|-damage|p1a: BERAL SHAK UR|35/100\n|-mustrecharge|p2a: Tauros\n|move|p1a: BERAL SHAK UR|Self-Destruct|p2a: Tauros\n|-damage|p2a: Tauros|6/100\n|faint|p1a: BERAL SHAK UR\n|\n|t:|1739729981\n|switch|p1a: MASTER SOLIS|Alakazam|100/100\n|turn|36\n|\n|t:|1739729982\n|move|p1a: MASTER SOLIS|Psychic|p2a: Tauros\n|-damage|p2a: Tauros|0 fnt\n|faint|p2a: Tauros\n|\n|win|shiloh\n","uploadtime":1739729982,"views":"1522","formatid":"gen1ou","rating":null,"private":0,"password":null}