{"id":"smogtours-gen1ou-816586","format":"[Gen 1] OU","players":["nicole7735","genesis7"],"log":"|inactive|Battle timer is ON: inactive players will automatically lose when time's up.\n|t:|1737941634\n|gametype|singles\n|player|p1|nicole7735|lady-gen4|\n|player|p2|genesis7|#ssdleviathans|\n|teamsize|p1|6\n|teamsize|p2|6\n|gen|1\n|tier|[Gen 1] OU\n|rule|Desync Clause Mod: Desyncs changed to move failure.\n|rule|Sleep Clause Mod: Limit one foe put to sleep\n|rule|Freeze Clause Mod: Limit one foe frozen\n|rule|Species Clause: Limit one of each Pokémon\n|rule|OHKO Clause: OHKO moves are banned\n|rule|Evasion Moves Clause: Evasion moves are banned\n|rule|Endless Battle Clause: Forcing endless battles is banned\n|rule|HP Percentage Mod: HP is shown in percentages\n|\n|t:|1737941634\n|start\n|switch|p1a: Alakazam|Alakazam|100/100\n|switch|p2a: Alakazam|Alakazam|100/100\n|turn|1\n|c|☆genesis7|glhf\n|rated|Smogon Premier League\n|c|☆nicole7735|hf\n|\n|t:|1737941656\n|move|p1a: Alakazam|Seismic Toss|p2a: Alakazam\n|-damage|p2a: Alakazam|69/100\n|move|p2a: Alakazam|Thunder Wave|p1a: Alakazam\n|-status|p1a: Alakazam|par\n|\n|upkeep\n|turn|2\n|\n|t:|1737941675\n|move|p2a: Alakazam|Psychic|p1a: Alakazam\n|-resisted|p1a: Alakazam\n|-damage|p1a: Alakazam|85/100 par\n|-unboost|p1a: Alakazam|spa|1\n|-unboost|p1a: Alakazam|spd|1\n|move|p1a: Alakazam|Thunder Wave|p2a: Alakazam\n|-status|p2a: Alakazam|par\n|\n|upkeep\n|turn|3\n|inactive|nicole7735 has 270 seconds left.\n|\n|t:|1737941712\n|move|p2a: Alakazam|Recover|p2a: Alakazam\n|-heal|p2a: Alakazam|100/100 par\n|cant|p1a: Alakazam|par\n|\n|upkeep\n|turn|4\n|inactive|nicole7735 has 270 seconds left.\n|inactive|genesis7 has 270 seconds left.\n|\n|t:|1737941744\n|switch|p2a: Snorlax|Snorlax|100/100\n|move|p1a: Alakazam|Seismic Toss|p2a: Snorlax\n|-damage|p2a: Snorlax|81/100\n|\n|upkeep\n|turn|5\n|\n|t:|1737941752\n|switch|p1a: Chansey|Chansey|100/100\n|move|p2a: Snorlax|Body Slam|p1a: Chansey\n|-damage|p1a: Chansey|62/100\n|\n|upkeep\n|turn|6\n|\n|t:|1737941771\n|switch|p2a: Alakazam|Alakazam|100/100 par\n|move|p1a: Chansey|Soft-Boiled|p1a: Chansey\n|-heal|p1a: Chansey|100/100\n|\n|upkeep\n|turn|7\n|inactive|nicole7735 has 270 seconds left.\n|inactive|genesis7 has 270 seconds left.\n|\n|t:|1737941807\n|switch|p1a: Alakazam|Alakazam|85/100 par\n|move|p2a: Alakazam|Seismic Toss|p1a: Alakazam\n|-damage|p1a: Alakazam|53/100 par\n|\n|upkeep\n|turn|8\n|\n|t:|1737941816\n|move|p2a: Alakazam|Seismic Toss|p1a: Alakazam\n|-damage|p1a: Alakazam|21/100 par\n|move|p1a: Alakazam|Recover|p1a: Alakazam\n|-heal|p1a: Alakazam|71/100 par\n|\n|upkeep\n|turn|9\n|\n|t:|1737941821\n|move|p2a: Alakazam|Seismic Toss|p1a: Alakazam\n|-damage|p1a: Alakazam|39/100 par\n|move|p1a: Alakazam|Recover|p1a: Alakazam\n|-heal|p1a: Alakazam|89/100 par\n|\n|upkeep\n|turn|10\n|inactive|nicole7735 has 270 seconds left.\n|\n|t:|1737941826\n|move|p2a: Alakazam|Seismic Toss|p1a: Alakazam\n|-damage|p1a: Alakazam|57/100 par\n|move|p1a: Alakazam|Seismic Toss|p2a: Alakazam\n|-damage|p2a: Alakazam|69/100 par\n|\n|upkeep\n|turn|11\n|\n|t:|1737941831\n|move|p2a: Alakazam|Seismic Toss|p1a: Alakazam\n|-damage|p1a: Alakazam|25/100 par\n|cant|p1a: Alakazam|par\n|\n|upkeep\n|turn|12\n|\n|t:|1737941843\n|switch|p1a: Snorlax|Snorlax|100/100\n|move|p2a: Alakazam|Seismic Toss|p1a: Snorlax\n|-damage|p1a: Snorlax|81/100\n|\n|upkeep\n|turn|13\n|\n|t:|1737941851\n|switch|p1a: Exeggutor|Exeggutor|100/100\n|switch|p2a: Snorlax|Snorlax|81/100\n|\n|upkeep\n|turn|14\n|inactive|genesis7 has 270 seconds left.\n|\n|t:|1737941893\n|switch|p2a: Alakazam|Alakazam|69/100 par\n|move|p1a: Exeggutor|Psychic|p2a: Alakazam\n|-crit|p2a: Alakazam\n|-resisted|p2a: Alakazam\n|-damage|p2a: Alakazam|35/100 par\n|\n|upkeep\n|turn|15\n|inactive|nicole7735 has 270 seconds left.\n|inactive|genesis7 has 240 seconds left.\n|inactive|genesis7 has 210 seconds left.\n|inactive|nicole7735 has 240 seconds left.\n|\n|t:|1737941966\n|switch|p1a: Snorlax|Snorlax|81/100\n|move|p2a: Alakazam|Recover|p2a: Alakazam\n|-heal|p2a: Alakazam|85/100 par\n|\n|upkeep\n|turn|16\n|\n|t:|1737941972\n|switch|p2a: Snorlax|Snorlax|81/100\n|move|p1a: Snorlax|Body Slam|p2a: Snorlax\n|-damage|p2a: Snorlax|54/100\n|\n|upkeep\n|turn|17\n|inactive|genesis7 has 210 seconds left.\n|\n|t:|1737941984\n|switch|p1a: Exeggutor|Exeggutor|100/100\n|move|p2a: Snorlax|Body Slam|p1a: Exeggutor\n|-damage|p1a: Exeggutor|71/100\n|-status|p1a: Exeggutor|par\n|\n|upkeep\n|turn|18\n|inactive|genesis7 has 210 seconds left.\n|inactive|nicole7735 has 240 seconds left.\n|inactive|genesis7 has 180 seconds left.\n|\n|t:|1737942026\n|switch|p1a: Snorlax|Snorlax|81/100\n|move|p2a: Snorlax|Body Slam|p1a: Snorlax\n|-damage|p1a: Snorlax|56/100\n|\n|upkeep\n|turn|19\n|\n|t:|1737942031\n|move|p2a: Snorlax|Reflect|p2a: Snorlax\n|-start|p2a: Snorlax|Reflect\n|move|p1a: Snorlax|Reflect|p1a: Snorlax\n|-start|p1a: Snorlax|Reflect\n|\n|upkeep\n|turn|20\n|\n|t:|1737942049\n|move|p2a: Snorlax|Ice Beam|p1a: Snorlax\n|-damage|p1a: Snorlax|42/100\n|move|p1a: Snorlax|Rest|p1a: Snorlax\n|-status|p1a: Snorlax|slp|[from] move: Rest\n|-heal|p1a: Snorlax|100/100 slp|[silent]\n|\n|upkeep\n|turn|21\n|\n|t:|1737942055\n|cant|p1a: Snorlax|slp\n|move|p2a: Snorlax|Body Slam|p1a: Snorlax\n|-damage|p1a: Snorlax|87/100 slp\n|\n|upkeep\n|turn|22\n|\n|t:|1737942059\n|-curestatus|p1a: Snorlax|slp|[msg]\n|move|p2a: Snorlax|Ice Beam|p1a: Snorlax\n|-damage|p1a: Snorlax|72/100\n|\n|upkeep\n|turn|23\n|inactive|nicole7735 has 240 seconds left.\n|\n|t:|1737942080\n|switch|p1a: Chansey|Chansey|100/100\n|move|p2a: Snorlax|Ice Beam|p1a: Chansey\n|-damage|p1a: Chansey|93/100\n|\n|upkeep\n|turn|24\n|inactive|nicole7735 has 240 seconds left.\n|inactive|genesis7 has 210 seconds left.\n|inactive|nicole7735 has 210 seconds left.\n|inactive|genesis7 has 180 seconds left.\n|inactive|nicole7735 has 180 seconds left.\n|\n|t:|1737942150\n|move|p1a: Chansey|Ice Beam|p2a: Snorlax\n|-damage|p2a: Snorlax|35/100\n|-status|p2a: Snorlax|frz\n|cant|p2a: Snorlax|frz\n|\n|upkeep\n|turn|25\n|inactive|nicole7735 has 180 seconds left.\n|\n|t:|1737942170\n|switch|p1a: Snorlax|Snorlax|72/100\n|switch|p2a: Alakazam|Alakazam|85/100 par\n|\n|upkeep\n|turn|26\n|\n|t:|1737942174\n|switch|p2a: Snorlax|Snorlax|35/100 frz\n|move|p1a: Snorlax|Body Slam|p2a: Snorlax\n|-damage|p2a: Snorlax|9/100 frz\n|\n|upkeep\n|turn|27\n|inactive|nicole7735 has 180 seconds left.\n|inactive|genesis7 has 180 seconds left.\n|\n|t:|1737942206\n|switch|p2a: Exeggutor|Exeggutor|100/100\n|move|p1a: Snorlax|Reflect|p1a: Snorlax\n|-start|p1a: Snorlax|Reflect\n|\n|upkeep\n|turn|28\n|\n|t:|1737942215\n|switch|p1a: Exeggutor|Exeggutor|71/100 par\n|move|p2a: Exeggutor|Psychic|p1a: Exeggutor\n|-resisted|p1a: Exeggutor\n|-damage|p1a: Exeggutor|58/100 par\n|\n|upkeep\n|turn|29\n|inactive|nicole7735 has 180 seconds left.\n|\n|t:|1737942246\n|switch|p2a: Alakazam|Alakazam|85/100 par\n|cant|p1a: Exeggutor|par\n|\n|upkeep\n|turn|30\n|\n|t:|1737942267\n|switch|p1a: Chansey|Chansey|93/100\n|move|p2a: Alakazam|Psychic|p1a: Chansey\n|-crit|p1a: Chansey\n|-damage|p1a: Chansey|55/100\n|\n|upkeep\n|turn|31\n|\n|t:|1737942274\n|switch|p2a: Exeggutor|Exeggutor|100/100\n|move|p1a: Chansey|Ice Beam|p2a: Exeggutor\n|-supereffective|p2a: Exeggutor\n|-damage|p2a: Exeggutor|64/100\n|\n|upkeep\n|turn|32\n|inactive|genesis7 has 150 seconds left.\n|inactive|nicole7735 has 150 seconds left.\n|\n|t:|1737942306\n|switch|p1a: Exeggutor|Exeggutor|58/100 par\n|move|p2a: Exeggutor|Psychic|p1a: Exeggutor\n|-resisted|p1a: Exeggutor\n|-damage|p1a: Exeggutor|44/100 par\n|\n|upkeep\n|turn|33\n|inactive|genesis7 has 150 seconds left.\n|inactive|nicole7735 has 150 seconds left.\n|inactive|genesis7 has 120 seconds left.\n|inactive|genesis7 has 90 seconds left.\n|inactive|nicole7735 has 120 seconds left.\n|\n|t:|1737942404\n|move|p2a: Exeggutor|Psychic|p1a: Exeggutor\n|-resisted|p1a: Exeggutor\n|-damage|p1a: Exeggutor|31/100 par\n|cant|p1a: Exeggutor|par\n|\n|upkeep\n|turn|34\n|inactive|nicole7735 has 90 seconds left.\n|\n|t:|1737942426\n|switch|p1a: Starmie|Starmie|100/100\n|move|p2a: Exeggutor|Hyper Beam|p1a: Starmie\n|-damage|p1a: Starmie|61/100\n|-mustrecharge|p2a: Exeggutor\n|\n|upkeep\n|turn|35\n|\n|t:|1737942430\n|move|p1a: Starmie|Thunder Wave|p2a: Exeggutor\n|-status|p2a: Exeggutor|par\n|cant|p2a: Exeggutor|recharge\n|\n|upkeep\n|turn|36\n|inactive|nicole7735 has 90 seconds left.\n|inactive|genesis7 has 60 seconds left.\n|inactive|nicole7735 has 60 seconds left.\n|\n|t:|1737942498\n|switch|p1a: Alakazam|Alakazam|25/100 par\n|cant|p2a: Exeggutor|par\n|\n|upkeep\n|turn|37\n|inactive|genesis7 has 60 seconds left.\n|\n|t:|1737942503\n|move|p1a: Alakazam|Recover|p1a: Alakazam\n|-heal|p1a: Alakazam|75/100 par\n|cant|p2a: Exeggutor|par\n|\n|upkeep\n|turn|38\n|\n|t:|1737942512\n|switch|p2a: Alakazam|Alakazam|85/100 par\n|cant|p1a: Alakazam|par\n|\n|upkeep\n|turn|39\n|\n|t:|1737942525\n|switch|p1a: Chansey|Chansey|55/100\n|move|p2a: Alakazam|Seismic Toss|p1a: Chansey\n|-damage|p1a: Chansey|40/100\n|\n|upkeep\n|turn|40\n|\n|t:|1737942536\n|move|p1a: Chansey|Soft-Boiled|p1a: Chansey\n|-heal|p1a: Chansey|90/100\n|move|p2a: Alakazam|Thunder Wave|p1a: Chansey\n|-status|p1a: Chansey|par\n|\n|upkeep\n|turn|41\n|\n|t:|1737942543\n|move|p2a: Alakazam|Psychic|p1a: Chansey\n|-damage|p1a: Chansey|72/100 par\n|move|p1a: Chansey|Ice Beam|p2a: Alakazam\n|-crit|p2a: Alakazam\n|-damage|p2a: Alakazam|45/100 par\n|\n|upkeep\n|turn|42\n|inactive|genesis7 has 90 seconds left.\n|\n|t:|1737942550\n|switch|p1a: Snorlax|Snorlax|72/100\n|move|p2a: Alakazam|Recover|p2a: Alakazam\n|-heal|p2a: Alakazam|95/100 par\n|\n|upkeep\n|turn|43\n|\n|t:|1737942555\n|switch|p2a: Snorlax|Snorlax|9/100 frz\n|move|p1a: Snorlax|Body Slam|p2a: Snorlax\n|-damage|p2a: Snorlax|0 fnt\n|faint|p2a: Snorlax\n|inactive|genesis7 has 90 seconds left.\n|\n|t:|1737942584\n|switch|p2a: Starmie|Starmie|100/100\n|turn|44\n|\n|t:|1737942594\n|switch|p1a: Chansey|Chansey|72/100 par\n|move|p2a: Starmie|Psychic|p1a: Chansey\n|-crit|p1a: Chansey\n|-damage|p1a: Chansey|42/100 par\n|\n|upkeep\n|turn|45\n|\n|t:|1737942604\n|move|p2a: Starmie|Psychic|p1a: Chansey\n|-damage|p1a: Chansey|29/100 par\n|-unboost|p1a: Chansey|spa|1\n|-unboost|p1a: Chansey|spd|1\n|move|p1a: Chansey|Soft-Boiled|p1a: Chansey\n|-heal|p1a: Chansey|79/100 par\n|\n|upkeep\n|turn|46\n|inactive|nicole7735 has 120 seconds left.\n|\n|t:|1737942610\n|switch|p2a: Alakazam|Alakazam|95/100 par\n|cant|p1a: Chansey|par\n|\n|upkeep\n|turn|47\n|inactive|genesis7 has 90 seconds left.\n|inactive|nicole7735 has 120 seconds left.\n|inactive|nicole7735 has 90 seconds left.\n|\n|t:|1737942658\n|switch|p1a: Alakazam|Alakazam|75/100 par\n|move|p2a: Alakazam|Psychic|p1a: Alakazam\n|-resisted|p1a: Alakazam\n|-damage|p1a: Alakazam|59/100 par\n|\n|upkeep\n|turn|48\n|inactive|genesis7 has 90 seconds left.\n|\n|t:|1737942673\n|cant|p1a: Alakazam|par\n|move|p2a: Alakazam|Seismic Toss|p1a: Alakazam\n|-damage|p1a: Alakazam|27/100 par\n|\n|upkeep\n|turn|49\n|inactive|nicole7735 has 90 seconds left.\n|inactive|genesis7 has 90 seconds left.\n|inactive|nicole7735 has 60 seconds left.\n|inactive|genesis7 has 60 seconds left.\n|\n|t:|1737942750\n|switch|p1a: Chansey|Chansey|79/100 par\n|move|p2a: Alakazam|Seismic Toss|p1a: Chansey\n|-damage|p1a: Chansey|65/100 par\n|\n|upkeep\n|turn|50\n|\n|t:|1737942754\n|move|p2a: Alakazam|Psychic|p1a: Chansey\n|-damage|p1a: Chansey|46/100 par\n|-unboost|p1a: Chansey|spa|1\n|-unboost|p1a: Chansey|spd|1\n|cant|p1a: Chansey|par\n|\n|upkeep\n|turn|51\n|\n|t:|1737942759\n|move|p2a: Alakazam|Psychic|p1a: Chansey\n|-damage|p1a: Chansey|17/100 par\n|-unboost|p1a: Chansey|spa|1\n|-unboost|p1a: Chansey|spd|1\n|cant|p1a: Chansey|par\n|\n|upkeep\n|turn|52\n|inactive|nicole7735 has 60 seconds left.\n|\n|t:|1737942779\n|move|p2a: Alakazam|Psychic|p1a: Chansey\n|-damage|p1a: Chansey|0 fnt\n|faint|p1a: Chansey\n|\n|t:|1737942784\n|switch|p1a: Snorlax|Snorlax|72/100\n|turn|53\n|\n|t:|1737942799\n|switch|p2a: Chansey|Chansey|100/100\n|move|p1a: Snorlax|Body Slam|p2a: Chansey\n|-damage|p2a: Chansey|56/100\n|\n|upkeep\n|turn|54\n|inactive|nicole7735 has 60 seconds left.\n|\n|t:|1737942820\n|move|p2a: Chansey|Soft-Boiled|p2a: Chansey\n|-heal|p2a: Chansey|100/100\n|move|p1a: Snorlax|Body Slam|p2a: Chansey\n|-damage|p2a: Chansey|61/100\n|\n|upkeep\n|turn|55\n|\n|t:|1737942832\n|move|p2a: Chansey|Thunder Wave|p1a: Snorlax\n|-status|p1a: Snorlax|par\n|cant|p1a: Snorlax|par\n|\n|upkeep\n|turn|56\n|inactive|nicole7735 has 60 seconds left.\n|\n|t:|1737942856\n|move|p2a: Chansey|Soft-Boiled|p2a: Chansey\n|-heal|p2a: Chansey|100/100\n|move|p1a: Snorlax|Reflect|p1a: Snorlax\n|-start|p1a: Snorlax|Reflect\n|\n|upkeep\n|turn|57\n|inactive|genesis7 has 90 seconds left.\n|\n|t:|1737942870\n|move|p2a: Chansey|Ice Beam|p1a: Snorlax\n|-damage|p1a: Snorlax|54/100 par\n|move|p1a: Snorlax|Body Slam|p2a: Chansey\n|-damage|p2a: Chansey|57/100\n|\n|upkeep\n|turn|58\n|\n|t:|1737942875\n|move|p2a: Chansey|Soft-Boiled|p2a: Chansey\n|-heal|p2a: Chansey|100/100\n|move|p1a: Snorlax|Rest|p1a: Snorlax\n|-status|p1a: Snorlax|slp|[from] move: Rest\n|-heal|p1a: Snorlax|100/100 slp|[silent]\n|\n|upkeep\n|turn|59\n|\n|t:|1737942888\n|switch|p2a: Starmie|Starmie|100/100\n|cant|p1a: Snorlax|slp\n|\n|upkeep\n|turn|60\n|\n|t:|1737942896\n|switch|p1a: Starmie|Starmie|61/100\n|move|p2a: Starmie|Psychic|p1a: Starmie\n|-crit|p1a: Starmie\n|-resisted|p1a: Starmie\n|-damage|p1a: Starmie|30/100\n|\n|upkeep\n|turn|61\n|inactive|nicole7735 has 90 seconds left.\n|\n|t:|1737942917\n|move|p2a: Starmie|Thunder Wave|p1a: Starmie\n|-status|p1a: Starmie|par\n|move|p1a: Starmie|Thunder Wave|p2a: Starmie\n|-status|p2a: Starmie|par\n|\n|upkeep\n|turn|62\n|\n|t:|1737942922\n|move|p1a: Starmie|Recover|p1a: Starmie\n|-heal|p1a: Starmie|80/100 par\n|move|p2a: Starmie|Psychic|p1a: Starmie\n|-resisted|p1a: Starmie\n|-damage|p1a: Starmie|63/100 par\n|-unboost|p1a: Starmie|spa|1\n|-unboost|p1a: Starmie|spd|1\n|\n|upkeep\n|turn|63\n|\n|t:|1737942930\n|move|p2a: Starmie|Psychic|p1a: Starmie\n|-crit|p1a: Starmie\n|-resisted|p1a: Starmie\n|-damage|p1a: Starmie|32/100 par\n|cant|p1a: Starmie|par\n|\n|upkeep\n|turn|64\n|\n|t:|1737942937\n|move|p2a: Starmie|Psychic|p1a: Starmie\n|-crit|p1a: Starmie\n|-resisted|p1a: Starmie\n|-damage|p1a: Starmie|1/100 par\n|move|p1a: Starmie|Recover|p1a: Starmie\n|-heal|p1a: Starmie|51/100 par\n|\n|upkeep\n|turn|65\n|inactive|genesis7 has 120 seconds left.\n|\n|t:|1737942942\n|move|p2a: Starmie|Psychic|p1a: Starmie\n|-resisted|p1a: Starmie\n|-damage|p1a: Starmie|25/100 par\n|move|p1a: Starmie|Recover|p1a: Starmie\n|-heal|p1a: Starmie|75/100 par\n|\n|upkeep\n|turn|66\n|\n|t:|1737942950\n|switch|p2a: Exeggutor|Exeggutor|64/100 par\n|switch|p1a: Alakazam|Alakazam|27/100 par\n|\n|upkeep\n|turn|67\n|\n|t:|1737942959\n|move|p1a: Alakazam|Recover|p1a: Alakazam\n|-heal|p1a: Alakazam|77/100 par\n|cant|p2a: Exeggutor|par\n|\n|upkeep\n|turn|68\n|\n|t:|1737942970\n|switch|p2a: Alakazam|Alakazam|95/100 par\n|move|p1a: Alakazam|Seismic Toss|p2a: Alakazam\n|-damage|p2a: Alakazam|63/100 par\n|\n|upkeep\n|turn|69\n|\n|t:|1737942974\n|move|p1a: Alakazam|Seismic Toss|p2a: Alakazam\n|-damage|p2a: Alakazam|31/100 par\n|move|p2a: Alakazam|Recover|p2a: Alakazam\n|-heal|p2a: Alakazam|81/100 par\n|\n|upkeep\n|turn|70\n|\n|t:|1737942987\n|move|p1a: Alakazam|Seismic Toss|p2a: Alakazam\n|-damage|p2a: Alakazam|49/100 par\n|move|p2a: Alakazam|Seismic Toss|p1a: Alakazam\n|-damage|p1a: Alakazam|45/100 par\n|\n|upkeep\n|turn|71\n|\n|t:|1737942993\n|move|p2a: Alakazam|Recover|p2a: Alakazam\n|-heal|p2a: Alakazam|99/100 par\n|move|p1a: Alakazam|Recover|p1a: Alakazam\n|-heal|p1a: Alakazam|95/100 par\n|\n|upkeep\n|turn|72\n|\n|t:|1737942997\n|cant|p2a: Alakazam|par\n|move|p1a: Alakazam|Seismic Toss|p2a: Alakazam\n|-damage|p2a: Alakazam|67/100 par\n|\n|upkeep\n|turn|73\n|\n|t:|1737943000\n|move|p1a: Alakazam|Seismic Toss|p2a: Alakazam\n|-damage|p2a: Alakazam|35/100 par\n|move|p2a: Alakazam|Recover|p2a: Alakazam\n|-heal|p2a: Alakazam|85/100 par\n|\n|upkeep\n|turn|74\n|\n|t:|1737943004\n|move|p2a: Alakazam|Seismic Toss|p1a: Alakazam\n|-damage|p1a: Alakazam|63/100 par\n|move|p1a: Alakazam|Seismic Toss|p2a: Alakazam\n|-damage|p2a: Alakazam|53/100 par\n|\n|upkeep\n|turn|75\n|\n|t:|1737943008\n|cant|p1a: Alakazam|par\n|move|p2a: Alakazam|Recover|p2a: Alakazam\n|-heal|p2a: Alakazam|100/100 par\n|\n|upkeep\n|turn|76\n|\n|t:|1737943012\n|cant|p2a: Alakazam|par\n|move|p1a: Alakazam|Recover|p1a: Alakazam\n|-heal|p1a: Alakazam|100/100 par\n|\n|upkeep\n|turn|77\n|\n|t:|1737943015\n|move|p2a: Alakazam|Seismic Toss|p1a: Alakazam\n|-damage|p1a: Alakazam|69/100 par\n|move|p1a: Alakazam|Seismic Toss|p2a: Alakazam\n|-damage|p2a: Alakazam|69/100 par\n|\n|upkeep\n|turn|78\n|\n|t:|1737943019\n|move|p2a: Alakazam|Seismic Toss|p1a: Alakazam\n|-damage|p1a: Alakazam|37/100 par\n|cant|p1a: Alakazam|par\n|\n|upkeep\n|turn|79\n|\n|t:|1737943023\n|move|p1a: Alakazam|Recover|p1a: Alakazam\n|-heal|p1a: Alakazam|86/100 par\n|move|p2a: Alakazam|Psychic|p1a: Alakazam\n|-resisted|p1a: Alakazam\n|-damage|p1a: Alakazam|70/100 par\n|-unboost|p1a: Alakazam|spa|1\n|-unboost|p1a: Alakazam|spd|1\n|\n|upkeep\n|turn|80\n|\n|t:|1737943031\n|cant|p2a: Alakazam|par\n|move|p1a: Alakazam|Recover|p1a: Alakazam\n|-heal|p1a: Alakazam|100/100 par\n|\n|upkeep\n|turn|81\n|inactive|nicole7735 has 240 seconds left.\n|\n|t:|1737943042\n|move|p2a: Alakazam|Recover|p2a: Alakazam\n|-heal|p2a: Alakazam|100/100 par\n|move|p1a: Alakazam|Seismic Toss|p2a: Alakazam\n|-damage|p2a: Alakazam|69/100 par\n|\n|upkeep\n|turn|82\n|inactive|nicole7735 has 240 seconds left.\n|\n|t:|1737943048\n|switch|p1a: Snorlax|Snorlax|100/100 slp\n|move|p2a: Alakazam|Recover|p2a: Alakazam\n|-heal|p2a: Alakazam|100/100 par\n|\n|upkeep\n|turn|83\n|inactive|nicole7735 has 240 seconds left.\n|\n|t:|1737943070\n|-curestatus|p1a: Snorlax|slp|[msg]\n|move|p2a: Alakazam|Thunder Wave|p1a: Snorlax\n|-status|p1a: Snorlax|par\n|\n|upkeep\n|turn|84\n|inactive|genesis7 has 270 seconds left.\n|\n|t:|1737943078\n|switch|p2a: Starmie|Starmie|100/100 par\n|move|p1a: Snorlax|Body Slam|p2a: Starmie\n|-damage|p2a: Starmie|62/100 par\n|\n|upkeep\n|turn|85\n|\n|t:|1737943086\n|switch|p1a: Starmie|Starmie|75/100 par\n|cant|p2a: Starmie|par\n|\n|upkeep\n|turn|86\n|inactive|nicole7735 has 240 seconds left.\n|inactive|genesis7 has 270 seconds left.\n|\n|t:|1737943123\n|switch|p2a: Alakazam|Alakazam|100/100 par\n|move|p1a: Starmie|Thunder Wave|p2a: Alakazam\n|-fail|p2a: Alakazam|par\n|\n|upkeep\n|turn|87\n|\n|t:|1737943133\n|cant|p2a: Alakazam|par\n|move|p1a: Starmie|Recover|p1a: Starmie\n|-heal|p1a: Starmie|100/100 par\n|\n|upkeep\n|turn|88\n|inactive|genesis7 has 270 seconds left.\n|\n|t:|1737943142\n|move|p2a: Alakazam|Seismic Toss|p1a: Starmie\n|-damage|p1a: Starmie|70/100 par\n|move|p1a: Starmie|Surf|p2a: Alakazam\n|-damage|p2a: Alakazam|73/100 par\n|\n|upkeep\n|turn|89\n|\n|t:|1737943148\n|move|p2a: Alakazam|Seismic Toss|p1a: Starmie\n|-damage|p1a: Starmie|39/100 par\n|move|p1a: Starmie|Recover|p1a: Starmie\n|-heal|p1a: Starmie|88/100 par\n|\n|upkeep\n|turn|90\n|\n|t:|1737943152\n|move|p2a: Alakazam|Seismic Toss|p1a: Starmie\n|-damage|p1a: Starmie|57/100 par\n|move|p1a: Starmie|Recover|p1a: Starmie\n|-heal|p1a: Starmie|100/100 par\n|\n|upkeep\n|turn|91\n|\n|t:|1737943156\n|move|p2a: Alakazam|Recover|p2a: Alakazam\n|-heal|p2a: Alakazam|100/100 par\n|move|p1a: Starmie|Surf|p2a: Alakazam\n|-damage|p2a: Alakazam|70/100 par\n|\n|upkeep\n|turn|92\n|\n|t:|1737943167\n|move|p2a: Alakazam|Seismic Toss|p1a: Starmie\n|-damage|p1a: Starmie|70/100 par\n|move|p1a: Starmie|Surf|p2a: Alakazam\n|-damage|p2a: Alakazam|41/100 par\n|\n|upkeep\n|turn|93\n|\n|t:|1737943175\n|move|p2a: Alakazam|Recover|p2a: Alakazam\n|-heal|p2a: Alakazam|91/100 par\n|cant|p1a: Starmie|par\n|\n|upkeep\n|turn|94\n|\n|t:|1737943179\n|move|p2a: Alakazam|Seismic Toss|p1a: Starmie\n|-damage|p1a: Starmie|39/100 par\n|move|p1a: Starmie|Recover|p1a: Starmie\n|-heal|p1a: Starmie|88/100 par\n|\n|upkeep\n|turn|95\n|\n|t:|1737943184\n|move|p2a: Alakazam|Seismic Toss|p1a: Starmie\n|-damage|p1a: Starmie|57/100 par\n|move|p1a: Starmie|Recover|p1a: Starmie\n|-heal|p1a: Starmie|100/100 par\n|\n|upkeep\n|turn|96\n|\n|t:|1737943190\n|move|p2a: Alakazam|Seismic Toss|p1a: Starmie\n|-damage|p1a: Starmie|70/100 par\n|cant|p1a: Starmie|par\n|\n|upkeep\n|turn|97\n|\n|t:|1737943196\n|cant|p2a: Alakazam|par\n|move|p1a: Starmie|Recover|p1a: Starmie\n|-heal|p1a: Starmie|100/100 par\n|\n|upkeep\n|turn|98\n|\n|t:|1737943199\n|move|p2a: Alakazam|Seismic Toss|p1a: Starmie\n|-damage|p1a: Starmie|70/100 par\n|move|p1a: Starmie|Surf|p2a: Alakazam\n|-damage|p2a: Alakazam|61/100 par\n|\n|upkeep\n|turn|99\n|\n|t:|1737943204\n|move|p2a: Alakazam|Recover|p2a: Alakazam\n|-heal|p2a: Alakazam|100/100 par\n|cant|p1a: Starmie|par\n|\n|upkeep\n|turn|100\n|\n|t:|1737943208\n|move|p2a: Alakazam|Seismic Toss|p1a: Starmie\n|-damage|p1a: Starmie|39/100 par\n|cant|p1a: Starmie|par\n|\n|upkeep\n|turn|101\n|\n|t:|1737943212\n|move|p2a: Alakazam|Psychic|p1a: Starmie\n|-resisted|p1a: Starmie\n|-damage|p1a: Starmie|17/100 par\n|move|p1a: Starmie|Recover|p1a: Starmie\n|-heal|p1a: Starmie|67/100 par\n|\n|upkeep\n|turn|102\n|\n|t:|1737943218\n|move|p2a: Alakazam|Seismic Toss|p1a: Starmie\n|-damage|p1a: Starmie|36/100 par\n|cant|p1a: Starmie|par\n|\n|upkeep\n|turn|103\n|\n|t:|1737943222\n|move|p2a: Alakazam|Psychic|p1a: Starmie\n|-resisted|p1a: Starmie\n|-damage|p1a: Starmie|16/100 par\n|-unboost|p1a: Starmie|spa|1\n|-unboost|p1a: Starmie|spd|1\n|move|p1a: Starmie|Recover|p1a: Starmie\n|-heal|p1a: Starmie|66/100 par\n|\n|upkeep\n|turn|104\n|inactive|nicole7735 has 270 seconds left.\n|inactive|nicole7735 has 240 seconds left.\n|\n|t:|1737943304\n|switch|p1a: Alakazam|Alakazam|100/100 par\n|cant|p2a: Alakazam|par\n|\n|upkeep\n|turn|105\n|\n|t:|1737943310\n|move|p2a: Alakazam|Seismic Toss|p1a: Alakazam\n|-damage|p1a: Alakazam|69/100 par\n|move|p1a: Alakazam|Seismic Toss|p2a: Alakazam\n|-damage|p2a: Alakazam|69/100 par\n|\n|upkeep\n|turn|106\n|\n|t:|1737943315\n|move|p2a: Alakazam|Seismic Toss|p1a: Alakazam\n|-damage|p1a: Alakazam|37/100 par\n|move|p1a: Alakazam|Recover|p1a: Alakazam\n|-heal|p1a: Alakazam|86/100 par\n|\n|upkeep\n|turn|107\n|\n|t:|1737943319\n|move|p1a: Alakazam|Recover|p1a: Alakazam\n|-heal|p1a: Alakazam|100/100 par\n|move|p2a: Alakazam|Recover|p2a: Alakazam\n|-heal|p2a: Alakazam|100/100 par\n|\n|upkeep\n|turn|108\n|\n|t:|1737943323\n|cant|p2a: Alakazam|par\n|move|p1a: Alakazam|Seismic Toss|p2a: Alakazam\n|-damage|p2a: Alakazam|69/100 par\n|\n|upkeep\n|turn|109\n|\n|t:|1737943325\n|move|p1a: Alakazam|Seismic Toss|p2a: Alakazam\n|-damage|p2a: Alakazam|37/100 par\n|cant|p2a: Alakazam|par\n|\n|upkeep\n|turn|110\n|\n|t:|1737943330\n|move|p1a: Alakazam|Psychic|p2a: Alakazam\n|-resisted|p2a: Alakazam\n|-damage|p2a: Alakazam|19/100 par\n|cant|p2a: Alakazam|par\n|\n|upkeep\n|turn|111\n|inactive|genesis7 has 270 seconds left.\n|\n|t:|1737943373\n|move|p1a: Alakazam|Seismic Toss|p2a: Alakazam\n|-damage|p2a: Alakazam|0 fnt\n|faint|p2a: Alakazam\n|\n|t:|1737943382\n|switch|p2a: Starmie|Starmie|62/100 par\n|turn|112\n|\n|t:|1737943385\n|move|p1a: Alakazam|Seismic Toss|p2a: Starmie\n|-damage|p2a: Starmie|31/100 par\n|cant|p2a: Starmie|par\n|\n|upkeep\n|turn|113\n|inactive|genesis7 has 270 seconds left.\n|\n|t:|1737943424\n|switch|p2a: Chansey|Chansey|100/100\n|move|p1a: Alakazam|Seismic Toss|p2a: Chansey\n|-damage|p2a: Chansey|86/100\n|\n|upkeep\n|turn|114\n|\n|t:|1737943430\n|switch|p2a: Exeggutor|Exeggutor|64/100 par\n|move|p1a: Alakazam|Thunder Wave|p2a: Exeggutor\n|-fail|p2a: Exeggutor|par\n|\n|upkeep\n|turn|115\n|\n|t:|1737943451\n|switch|p1a: Starmie|Starmie|66/100 par\n|cant|p2a: Exeggutor|par\n|\n|upkeep\n|turn|116\n|\n|t:|1737943456\n|move|p1a: Starmie|Recover|p1a: Starmie\n|-heal|p1a: Starmie|100/100 par\n|move|p2a: Exeggutor|Psychic|p1a: Starmie\n|-resisted|p1a: Starmie\n|-damage|p1a: Starmie|80/100 par\n|\n|upkeep\n|turn|117\n|\n|t:|1737943466\n|move|p1a: Starmie|Surf|p2a: Exeggutor\n|-resisted|p2a: Exeggutor\n|-damage|p2a: Exeggutor|53/100 par\n|cant|p2a: Exeggutor|par\n|\n|upkeep\n|turn|118\n|\n|t:|1737943470\n|move|p1a: Starmie|Surf|p2a: Exeggutor\n|-resisted|p2a: Exeggutor\n|-damage|p2a: Exeggutor|41/100 par\n|cant|p2a: Exeggutor|par\n|\n|upkeep\n|turn|119\n|inactive|genesis7 has 270 seconds left.\n|inactive|nicole7735 has 270 seconds left.\n|\n|t:|1737943508\n|switch|p2a: Starmie|Starmie|31/100 par\n|move|p1a: Starmie|Surf|p2a: Starmie\n|-resisted|p2a: Starmie\n|-damage|p2a: Starmie|13/100 par\n|\n|upkeep\n|turn|120\n|inactive|genesis7 has 270 seconds left.\n|\n|t:|1737943514\n|cant|p2a: Starmie|par\n|move|p1a: Starmie|Thunderbolt|p2a: Starmie\n|-supereffective|p2a: Starmie\n|-damage|p2a: Starmie|0 fnt\n|faint|p2a: Starmie\n|\n|t:|1737943519\n|switch|p2a: Chansey|Chansey|86/100\n|turn|121\n|\n|t:|1737943527\n|switch|p1a: Alakazam|Alakazam|100/100 par\n|move|p2a: Chansey|Thunderbolt|p1a: Alakazam\n|-damage|p1a: Alakazam|79/100 par\n|\n|upkeep\n|turn|122\n|\n|t:|1737943542\n|move|p2a: Chansey|Ice Beam|p1a: Alakazam\n|-damage|p1a: Alakazam|58/100 par\n|move|p1a: Alakazam|Seismic Toss|p2a: Chansey\n|-damage|p2a: Chansey|72/100\n|\n|upkeep\n|turn|123\n|\n|t:|1737943550\n|switch|p2a: Exeggutor|Exeggutor|41/100 par\n|cant|p1a: Alakazam|par\n|\n|upkeep\n|turn|124\n|\n|t:|1737943560\n|switch|p1a: Starmie|Starmie|80/100 par\n|move|p2a: Exeggutor|Explosion|p1a: Starmie\n|-damage|p1a: Starmie|0 fnt\n|faint|p1a: Starmie\n|faint|p2a: Exeggutor\n|inactive|nicole7735 has 270 seconds left.\n|inactive|genesis7 has 270 seconds left.\n|\n|t:|1737943607\n|switch|p1a: Snorlax|Snorlax|100/100 par\n|switch|p2a: Tauros|Tauros|100/100\n|turn|125\n|\n|t:|1737943610\n|move|p2a: Tauros|Body Slam|p1a: Snorlax\n|-damage|p1a: Snorlax|74/100 par\n|move|p1a: Snorlax|Body Slam|p2a: Tauros\n|-damage|p2a: Tauros|71/100\n|\n|upkeep\n|turn|126\n|\n|t:|1737943614\n|switch|p2a: Chansey|Chansey|72/100\n|move|p1a: Snorlax|Self-Destruct|p2a: Chansey\n|-crit|p2a: Chansey\n|-damage|p2a: Chansey|0 fnt\n|faint|p2a: Chansey\n|faint|p1a: Snorlax\n|inactive|nicole7735 has 270 seconds left.\n|inactive|nicole7735 has 240 seconds left.\n|\n|t:|1737943672\n|switch|p2a: Tauros|Tauros|71/100\n|switch|p1a: Tauros|Tauros|100/100\n|turn|127\n|\n|t:|1737943683\n|move|p2a: Tauros|Body Slam|p1a: Tauros\n|-damage|p1a: Tauros|69/100\n|move|p1a: Tauros|Body Slam|p2a: Tauros\n|-damage|p2a: Tauros|42/100\n|\n|upkeep\n|turn|128\n|\n|t:|1737943690\n|move|p1a: Tauros|Hyper Beam|p2a: Tauros\n|-crit|p2a: Tauros\n|-damage|p2a: Tauros|0 fnt\n|faint|p2a: Tauros\n|\n|win|nicole7735\n|c|☆nicole7735|gg\n|c|☆genesis7|gg\n|player|p2|\n","uploadtime":1737942472,"views":"1787","formatid":"gen1ou","rating":null,"private":0,"password":null}