{"id":"smogtours-gen1ou-917774","format":"[Gen 1] OU","players":["Laroxyl","Serpi n_n"],"log":"|inactive|Battle timer is ON: inactive players will automatically lose when time's up.\n|t:|1773608622\n|gametype|singles\n|player|p1|Laroxyl|#splxviitigers2|\n|player|p2|Serpi n_n|#splxviibigs2|\n|gen|1\n|tier|[Gen 1] OU\n|rule|Desync Clause Mod: Desyncs changed to move failure.\n|rule|HP Percentage Mod: HP is shown in percentages\n|rule|Endless Battle Clause: Forcing endless battles is banned\n|rule|Sleep Clause Mod: Limit one foe put to sleep\n|rule|Freeze Clause Mod: Limit one foe frozen\n|rule|Species Clause: Limit one of each Pokémon\n|rule|OHKO Clause: OHKO moves are banned\n|rule|Evasion Moves Clause: Evasion moves are banned\n|\n|t:|1773608622\n|teamsize|p1|6\n|teamsize|p2|6\n|start\n|switch|p1a: Gengar|Gengar|100/100\n|switch|p2a: Starmie|Starmie|100/100\n|turn|1\n|c|☆Serpi n_n|hf\n|rated|Smogon Premier League\n|c|☆Laroxyl|hf\n|inactive|Serpi n_n has 270 seconds left.\n|inactive|Serpi n_n has 240 seconds left.\n|\n|t:|1773608692\n|switch|p1a: Chansey|Chansey|100/100\n|move|p2a: Starmie|Blizzard|p1a: Chansey|[miss]\n|-miss|p2a: Starmie\n|\n|upkeep\n|turn|2\n|inactive|Laroxyl has 270 seconds left.\n|inactive|Serpi n_n has 270 seconds left.\n|\n|t:|1773608750\n|move|p2a: Starmie|Blizzard|p1a: Chansey\n|-damage|p1a: Chansey|88/100\n|move|p1a: Chansey|Thunder Wave|p2a: Starmie\n|-status|p2a: Starmie|par\n|\n|upkeep\n|turn|3\n|inactive|Serpi n_n has 240 seconds left.\n|inactive|Laroxyl has 240 seconds left.\n|inactive|Serpi n_n has 210 seconds left.\n|inactive|Laroxyl has 210 seconds left.\n|inactive|Laroxyl has 180 seconds left.\n|\n|t:|1773608840\n|switch|p2a: Exeggutor|Exeggutor|100/100\n|move|p1a: Chansey|Thunderbolt|p2a: Exeggutor\n|-resisted|p2a: Exeggutor\n|-damage|p2a: Exeggutor|92/100\n|\n|upkeep\n|turn|4\n|inactive|Laroxyl has 180 seconds left.\n|\n|t:|1773608856\n|switch|p1a: Gengar|Gengar|100/100\n|move|p2a: Exeggutor|Psychic|p1a: Gengar\n|-supereffective|p1a: Gengar\n|-damage|p1a: Gengar|41/100\n|-unboost|p1a: Gengar|spa|1\n|-unboost|p1a: Gengar|spd|1\n|\n|upkeep\n|turn|5\n|inactive|Serpi n_n has 180 seconds left.\n|inactive|Laroxyl has 150 seconds left.\n|\n|t:|1773608916\n|switch|p1a: Starmie|Starmie|100/100\n|move|p2a: Exeggutor|Psychic|p1a: Starmie\n|-resisted|p1a: Starmie\n|-damage|p1a: Starmie|83/100\n|\n|upkeep\n|turn|6\n|inactive|Laroxyl has 120 seconds left.\n|inactive|Serpi n_n has 150 seconds left.\n|inactive|Serpi n_n has 120 seconds left.\n|\n|t:|1773608996\n|move|p1a: Starmie|Blizzard|p2a: Exeggutor\n|-supereffective|p2a: Exeggutor\n|-damage|p2a: Exeggutor|51/100\n|-status|p2a: Exeggutor|frz\n|cant|p2a: Exeggutor|frz\n|\n|upkeep\n|turn|7\n|inactive|Serpi n_n has 120 seconds left.\n|inactive|Laroxyl has 90 seconds left.\n|\n|t:|1773609024\n|switch|p1a: Exeggutor|Exeggutor|100/100\n|switch|p2a: Starmie|Starmie|100/100 par\n|\n|upkeep\n|turn|8\n|inactive|Serpi n_n has 120 seconds left.\n|inactive|Laroxyl has 90 seconds left.\n|\n|t:|1773609036\n|switch|p1a: Chansey|Chansey|88/100\n|move|p2a: Starmie|Blizzard|p1a: Chansey\n|-damage|p1a: Chansey|76/100\n|\n|upkeep\n|turn|9\n|inactive|Laroxyl has 90 seconds left.\n|inactive|Serpi n_n has 120 seconds left.\n|inactive|Laroxyl has 60 seconds left.\n|\n|t:|1773609086\n|switch|p1a: Exeggutor|Exeggutor|100/100\n|switch|p2a: Chansey|Chansey|100/100\n|\n|upkeep\n|turn|10\n|\n|t:|1773609102\n|move|p1a: Exeggutor|Psychic|p2a: Chansey\n|-damage|p2a: Chansey|84/100\n|-unboost|p2a: Chansey|spa|1\n|-unboost|p2a: Chansey|spd|1\n|move|p2a: Chansey|Sing|p1a: Exeggutor|[miss]\n|-miss|p2a: Chansey\n|\n|upkeep\n|turn|11\n|inactive|Laroxyl has 60 seconds left.\n|\n|t:|1773609116\n|switch|p2a: Starmie|Starmie|100/100 par\n|move|p1a: Exeggutor|Psychic|p2a: Starmie\n|-resisted|p2a: Starmie\n|-damage|p2a: Starmie|83/100 par\n|\n|upkeep\n|turn|12\n|inactive|Laroxyl has 60 seconds left.\n|\n|t:|1773609129\n|move|p1a: Exeggutor|Psychic|p2a: Starmie\n|-resisted|p2a: Starmie\n|-damage|p2a: Starmie|64/100 par\n|-unboost|p2a: Starmie|spa|1\n|-unboost|p2a: Starmie|spd|1\n|move|p2a: Starmie|Blizzard|p1a: Exeggutor\n|-supereffective|p1a: Exeggutor\n|-damage|p1a: Exeggutor|71/100\n|\n|upkeep\n|turn|13\n|inactive|Laroxyl has 60 seconds left.\n|\n|t:|1773609147\n|move|p1a: Exeggutor|Mega Drain|p2a: Starmie\n|-supereffective|p2a: Starmie\n|-damage|p2a: Starmie|16/100 par\n|-heal|p1a: Exeggutor|91/100|[from] drain|[of] p2a: Starmie\n|move|p2a: Starmie|Recover|p2a: Starmie\n|-heal|p2a: Starmie|66/100 par\n|\n|upkeep\n|turn|14\n|inactive|Serpi n_n has 120 seconds left.\n|inactive|Serpi n_n has 90 seconds left.\n|inactive|Serpi n_n has 60 seconds left.\n|\n|t:|1773609217\n|switch|p2a: Chansey|Chansey|84/100\n|move|p1a: Exeggutor|Psychic|p2a: Chansey\n|-crit|p2a: Chansey\n|-damage|p2a: Chansey|49/100\n|\n|upkeep\n|turn|15\n|inactive|Serpi n_n has 60 seconds left.\n|\n|t:|1773609233\n|switch|p2a: Starmie|Starmie|66/100 par\n|move|p1a: Exeggutor|Sleep Powder|p2a: Starmie|[miss]\n|-miss|p1a: Exeggutor\n|\n|upkeep\n|turn|16\n|\n|t:|1773609248\n|move|p1a: Exeggutor|Psychic|p2a: Starmie\n|-resisted|p2a: Starmie\n|-damage|p2a: Starmie|46/100 par\n|move|p2a: Starmie|Thunder Wave|p1a: Exeggutor\n|-status|p1a: Exeggutor|par\n|\n|upkeep\n|turn|17\n|inactive|Laroxyl has 30 seconds left.\n|\n|t:|1773609273\n|switch|p1a: Snorlax|Snorlax|100/100\n|cant|p2a: Starmie|par\n|\n|upkeep\n|turn|18\n|inactive|Serpi n_n has 60 seconds left.\n|\n|t:|1773609304\n|switch|p2a: Snorlax|Snorlax|100/100\n|move|p1a: Snorlax|Body Slam|p2a: Snorlax\n|-damage|p2a: Snorlax|74/100\n|\n|upkeep\n|turn|19\n|inactive|Laroxyl has 30 seconds left.\n|\n|t:|1773609324\n|switch|p1a: Gengar|Gengar|41/100\n|move|p2a: Snorlax|Reflect|p2a: Snorlax\n|-start|p2a: Snorlax|Reflect\n|\n|upkeep\n|turn|20\n|inactive|Laroxyl has 30 seconds left.\n|\n|t:|1773609342\n|switch|p2a: Exeggutor|Exeggutor|51/100 frz\n|move|p1a: Gengar|Hypnosis|p2a: Exeggutor|[miss]\n|-miss|p1a: Gengar\n|\n|upkeep\n|turn|21\n|inactive|Laroxyl has 30 seconds left.\n|\n|t:|1773609352\n|move|p1a: Gengar|Hypnosis|p2a: Exeggutor\n|-fail|p2a: Exeggutor\n|cant|p2a: Exeggutor|frz\n|\n|upkeep\n|turn|22\n|\n|t:|1773609354\n|move|p1a: Gengar|Hypnosis|p2a: Exeggutor\n|-fail|p2a: Exeggutor\n|cant|p2a: Exeggutor|frz\n|\n|upkeep\n|turn|23\n|\n|t:|1773609356\n|switch|p1a: Tauros|Tauros|100/100\n|cant|p2a: Exeggutor|frz\n|\n|upkeep\n|turn|24\n|\n|t:|1773609358\n|move|p1a: Tauros|Body Slam|p2a: Exeggutor\n|-damage|p2a: Exeggutor|22/100 frz\n|cant|p2a: Exeggutor|frz\n|\n|upkeep\n|turn|25\n|inactive|Laroxyl has 60 seconds left.\n|\n|t:|1773609364\n|move|p1a: Tauros|Body Slam|p2a: Exeggutor\n|-crit|p2a: Exeggutor\n|-damage|p2a: Exeggutor|0 fnt\n|faint|p2a: Exeggutor\n|inactive|Serpi n_n has 120 seconds left.\n|\n|t:|1773609377\n|switch|p2a: Zapdos|Zapdos|100/100\n|turn|26\n|inactive|Laroxyl has 60 seconds left.\n|inactive|Laroxyl has 30 seconds left.\n|inactive|Laroxyl has 20 seconds left.\n|inactive|Laroxyl has 15 seconds left.\n|inactive|Laroxyl has 10 seconds left.\n|\n|t:|1773609443\n|switch|p1a: Snorlax|Snorlax|100/100\n|move|p2a: Zapdos|Thunder Wave|p1a: Snorlax\n|-status|p1a: Snorlax|par\n|\n|upkeep\n|turn|27\n|inactive|Laroxyl has 20 seconds left this turn.\n|inactive|Laroxyl has 15 seconds left.\n|inactive|Serpi n_n has 120 seconds left.\n|\n|t:|1773609461\n|switch|p2a: Starmie|Starmie|46/100 par\n|cant|p1a: Snorlax|par\n|\n|upkeep\n|turn|28\n|inactive|Laroxyl has 25 seconds left this turn.\n|inactive|Laroxyl has 20 seconds left.\n|\n|t:|1773609470\n|move|p2a: Starmie|Recover|p2a: Starmie\n|-heal|p2a: Starmie|96/100 par\n|cant|p1a: Snorlax|par\n|\n|upkeep\n|turn|29\n|inactive|Laroxyl has 30 seconds left this turn.\n|\n|t:|1773609488\n|switch|p1a: Chansey|Chansey|76/100\n|move|p2a: Starmie|Blizzard|p1a: Chansey\n|-damage|p1a: Chansey|64/100\n|\n|upkeep\n|turn|30\n|inactive|Laroxyl has 30 seconds left.\n|inactive|Serpi n_n has 120 seconds left.\n|inactive|Laroxyl has 20 seconds left.\n|\n|t:|1773609514\n|move|p1a: Chansey|Soft-Boiled|p1a: Chansey\n|-heal|p1a: Chansey|100/100\n|move|p2a: Starmie|Thunder Wave|p1a: Chansey\n|-status|p1a: Chansey|par\n|\n|upkeep\n|turn|31\n|inactive|Laroxyl has 30 seconds left this turn.\n|inactive|Serpi n_n has 120 seconds left.\n|inactive|Laroxyl has 20 seconds left.\n|\n|t:|1773609531\n|switch|p2a: Chansey|Chansey|49/100\n|move|p1a: Chansey|Thunder Wave|p2a: Chansey\n|-status|p2a: Chansey|par\n|\n|upkeep\n|turn|32\n|inactive|Laroxyl has 30 seconds left this turn.\n|inactive|Serpi n_n has 120 seconds left.\n|\n|t:|1773609541\n|switch|p1a: Snorlax|Snorlax|100/100 par\n|move|p2a: Chansey|Soft-Boiled|p2a: Chansey\n|-heal|p2a: Chansey|99/100 par\n|\n|upkeep\n|turn|33\n|inactive|Serpi n_n has 120 seconds left.\n|inactive|Serpi n_n has 90 seconds left.\n|\n|t:|1773609586\n|switch|p2a: Starmie|Starmie|96/100 par\n|move|p1a: Snorlax|Body Slam|p2a: Starmie\n|-crit|p2a: Starmie\n|-damage|p2a: Starmie|27/100 par\n|\n|upkeep\n|turn|34\n|\n|t:|1773609590\n|move|p2a: Starmie|Recover|p2a: Starmie\n|-heal|p2a: Starmie|77/100 par\n|cant|p1a: Snorlax|par\n|\n|upkeep\n|turn|35\n|\n|t:|1773609607\n|switch|p1a: Chansey|Chansey|100/100 par\n|move|p2a: Starmie|Recover|p2a: Starmie\n|-heal|p2a: Starmie|100/100 par\n|\n|upkeep\n|turn|36\n|\n|t:|1773609616\n|switch|p2a: Chansey|Chansey|99/100 par\n|move|p1a: Chansey|Thunderbolt|p2a: Chansey\n|-damage|p2a: Chansey|87/100 par\n|\n|upkeep\n|turn|37\n|\n|t:|1773609627\n|move|p2a: Chansey|Seismic Toss|p1a: Chansey\n|-damage|p1a: Chansey|86/100 par\n|move|p1a: Chansey|Ice Beam|p2a: Chansey\n|-damage|p2a: Chansey|76/100 par\n|\n|upkeep\n|turn|38\n|\n|t:|1773609636\n|switch|p1a: Snorlax|Snorlax|100/100 par\n|move|p2a: Chansey|Seismic Toss|p1a: Snorlax\n|-damage|p1a: Snorlax|81/100 par\n|\n|upkeep\n|turn|39\n|inactive|Laroxyl has 60 seconds left.\n|\n|t:|1773609647\n|switch|p2a: Starmie|Starmie|100/100 par\n|move|p1a: Snorlax|Body Slam|p2a: Starmie\n|-damage|p2a: Starmie|61/100 par\n|\n|upkeep\n|turn|40\n|\n|t:|1773609652\n|switch|p1a: Chansey|Chansey|86/100 par\n|cant|p2a: Starmie|par\n|\n|upkeep\n|turn|41\n|inactive|Serpi n_n has 120 seconds left.\n|\n|t:|1773609688\n|switch|p2a: Chansey|Chansey|76/100 par\n|move|p1a: Chansey|Thunderbolt|p2a: Chansey\n|-damage|p2a: Chansey|67/100 par\n|\n|upkeep\n|turn|42\n|\n|t:|1773609711\n|switch|p1a: Snorlax|Snorlax|81/100 par\n|move|p2a: Chansey|Soft-Boiled|p2a: Chansey\n|-heal|p2a: Chansey|100/100 par\n|\n|upkeep\n|turn|43\n|inactive|Laroxyl has 90 seconds left.\n|inactive|Serpi n_n has 90 seconds left.\n|\n|t:|1773609732\n|switch|p2a: Snorlax|Snorlax|74/100\n|move|p1a: Snorlax|Body Slam|p2a: Snorlax\n|-damage|p2a: Snorlax|47/100\n|\n|upkeep\n|turn|44\n|inactive|Serpi n_n has 90 seconds left.\n|\n|t:|1773609743\n|switch|p1a: Gengar|Gengar|41/100\n|move|p2a: Snorlax|Ice Beam|p1a: Gengar\n|-damage|p1a: Gengar|26/100\n|\n|upkeep\n|turn|45\n|inactive|Serpi n_n has 90 seconds left.\n|inactive|Laroxyl has 90 seconds left.\n|\n|t:|1773609765\n|switch|p2a: Chansey|Chansey|100/100 par\n|move|p1a: Gengar|Thunderbolt|p2a: Chansey\n|-crit|p2a: Chansey\n|-damage|p2a: Chansey|77/100 par\n|\n|upkeep\n|turn|46\n|inactive|Laroxyl has 90 seconds left.\n|inactive|Serpi n_n has 90 seconds left.\n|\n|t:|1773609799\n|switch|p1a: Snorlax|Snorlax|81/100 par\n|switch|p2a: Starmie|Starmie|61/100 par\n|\n|upkeep\n|turn|47\n|\n|t:|1773609809\n|cant|p2a: Starmie|par\n|move|p1a: Snorlax|Body Slam|p2a: Starmie\n|-damage|p2a: Starmie|24/100 par\n|\n|upkeep\n|turn|48\n|\n|t:|1773609814\n|move|p2a: Starmie|Recover|p2a: Starmie\n|-heal|p2a: Starmie|74/100 par\n|move|p1a: Snorlax|Body Slam|p2a: Starmie\n|-damage|p2a: Starmie|40/100 par\n|\n|upkeep\n|turn|49\n|\n|t:|1773609819\n|move|p2a: Starmie|Recover|p2a: Starmie\n|-heal|p2a: Starmie|89/100 par\n|cant|p1a: Snorlax|par\n|\n|upkeep\n|turn|50\n|\n|t:|1773609831\n|switch|p2a: Snorlax|Snorlax|47/100\n|switch|p1a: Chansey|Chansey|86/100 par\n|\n|upkeep\n|turn|51\n|\n|t:|1773609854\n|switch|p1a: Gengar|Gengar|26/100\n|move|p2a: Snorlax|Ice Beam|p1a: Gengar\n|-damage|p1a: Gengar|11/100\n|\n|upkeep\n|turn|52\n|\n|t:|1773609869\n|switch|p2a: Chansey|Chansey|77/100 par\n|move|p1a: Gengar|Explosion|p2a: Chansey\n|-crit|p2a: Chansey\n|-damage|p2a: Chansey|0 fnt\n|faint|p2a: Chansey\n|faint|p1a: Gengar\n|inactive|Serpi n_n has 90 seconds left.\n|inactive|Laroxyl has 60 seconds left.\n|inactive|Serpi n_n has 60 seconds left.\n|\n|t:|1773609956\n|switch|p1a: Exeggutor|Exeggutor|91/100 par\n|switch|p2a: Snorlax|Snorlax|47/100\n|turn|53\n|inactive|Serpi n_n has 30 seconds left.\n|inactive|Serpi n_n has 20 seconds left.\n|inactive|Serpi n_n has 15 seconds left.\n|inactive|Serpi n_n has 10 seconds left.\n|\n|t:|1773610004\n|switch|p2a: Starmie|Starmie|89/100 par\n|move|p1a: Exeggutor|Psychic|p2a: Starmie\n|-resisted|p2a: Starmie\n|-damage|p2a: Starmie|71/100 par\n|\n|upkeep\n|turn|54\n|inactive|Serpi n_n has 20 seconds left this turn.\n|inactive|Serpi n_n has 15 seconds left.\n|\n|t:|1773610014\n|switch|p1a: Chansey|Chansey|86/100 par\n|cant|p2a: Starmie|par\n|\n|upkeep\n|turn|55\n|inactive|Serpi n_n has 25 seconds left this turn.\n|inactive|Serpi n_n has 20 seconds left.\n|\n|t:|1773610020\n|switch|p2a: Snorlax|Snorlax|47/100\n|move|p1a: Chansey|Thunderbolt|p2a: Snorlax\n|-damage|p2a: Snorlax|29/100\n|\n|upkeep\n|turn|56\n|inactive|Serpi n_n has 30 seconds left this turn.\n|\n|t:|1773610030\n|switch|p1a: Exeggutor|Exeggutor|91/100 par\n|move|p2a: Snorlax|Body Slam|p1a: Exeggutor\n|-damage|p1a: Exeggutor|60/100 par\n|\n|upkeep\n|turn|57\n|inactive|Serpi n_n has 30 seconds left.\n|inactive|Serpi n_n has 20 seconds left.\n|inactive|Serpi n_n has 15 seconds left.\n|\n|t:|1773610052\n|switch|p2a: Starmie|Starmie|71/100 par\n|move|p1a: Exeggutor|Psychic|p2a: Starmie\n|-resisted|p2a: Starmie\n|-damage|p2a: Starmie|53/100 par\n|\n|upkeep\n|turn|58\n|inactive|Serpi n_n has 25 seconds left this turn.\n|inactive|Serpi n_n has 20 seconds left.\n|inactive|Laroxyl has 30 seconds left.\n|\n|t:|1773610082\n|move|p2a: Starmie|Recover|p2a: Starmie\n|-heal|p2a: Starmie|100/100 par\n|cant|p1a: Exeggutor|par\n|\n|upkeep\n|turn|59\n|inactive|Serpi n_n has 30 seconds left this turn.\n|inactive|Laroxyl has 30 seconds left.\n|inactive|Serpi n_n has 20 seconds left.\n|\n|t:|1773610094\n|cant|p2a: Starmie|par\n|move|p1a: Exeggutor|Explosion|p2a: Starmie\n|-damage|p2a: Starmie|16/100 par\n|faint|p1a: Exeggutor\n|\n|t:|1773610099\n|switch|p1a: Tauros|Tauros|100/100\n|turn|60\n|inactive|Serpi n_n has 30 seconds left.\n|\n|t:|1773610111\n|move|p1a: Tauros|Body Slam|p2a: Starmie\n|-crit|p2a: Starmie\n|-damage|p2a: Starmie|0 fnt\n|faint|p2a: Starmie\n|inactive|Serpi n_n has 30 seconds left this turn.\n|\n|t:|1773610112\n|switch|p2a: Zapdos|Zapdos|100/100\n|turn|61\n|\n|t:|1773610130\n|switch|p1a: Chansey|Chansey|86/100 par\n|move|p2a: Zapdos|Thunder Wave|p1a: Chansey\n|-fail|p1a: Chansey|par\n|\n|upkeep\n|turn|62\n|inactive|Serpi n_n has 30 seconds left.\n|inactive|Serpi n_n has 20 seconds left.\n|inactive|Serpi n_n has 15 seconds left.\n|inactive|Serpi n_n has 10 seconds left.\n|\n|t:|1773610167\n|move|p2a: Zapdos|Drill Peck|p1a: Chansey\n|-damage|p1a: Chansey|50/100 par\n|move|p1a: Chansey|Thunder Wave|p2a: Zapdos\n|-status|p2a: Zapdos|par\n|\n|upkeep\n|turn|63\n|inactive|Serpi n_n has 20 seconds left this turn.\n|\n|t:|1773610171\n|move|p2a: Zapdos|Drill Peck|p1a: Chansey\n|-damage|p1a: Chansey|18/100 par\n|cant|p1a: Chansey|par\n|\n|upkeep\n|turn|64\n|inactive|Serpi n_n has 30 seconds left this turn.\n|\n|t:|1773610178\n|move|p2a: Zapdos|Drill Peck|p1a: Chansey\n|-crit|p1a: Chansey\n|-damage|p1a: Chansey|0 fnt\n|faint|p1a: Chansey\n|\n|t:|1773610183\n|switch|p1a: Snorlax|Snorlax|81/100 par\n|turn|65\n|\n|t:|1773610194\n|switch|p2a: Snorlax|Snorlax|29/100\n|move|p1a: Snorlax|Body Slam|p2a: Snorlax\n|-damage|p2a: Snorlax|4/100\n|\n|upkeep\n|turn|66\n|inactive|Laroxyl has 60 seconds left.\n|\n|t:|1773610218\n|move|p2a: Snorlax|Body Slam|p1a: Snorlax\n|-damage|p1a: Snorlax|57/100 par\n|move|p1a: Snorlax|Body Slam|p2a: Snorlax\n|-damage|p2a: Snorlax|0 fnt\n|faint|p2a: Snorlax\n|inactive|Serpi n_n has 30 seconds left.\n|inactive|Serpi n_n has 20 seconds left.\n|\n|t:|1773610250\n|switch|p2a: Tauros|Tauros|100/100\n|turn|67\n|inactive|Serpi n_n has 30 seconds left this turn.\n|inactive|Laroxyl has 60 seconds left.\n|\n|t:|1773610279\n|move|p2a: Tauros|Body Slam|p1a: Snorlax\n|-crit|p1a: Snorlax\n|-damage|p1a: Snorlax|10/100 par\n|move|p1a: Snorlax|Hyper Beam|p2a: Tauros\n|-damage|p2a: Tauros|43/100\n|-mustrecharge|p1a: Snorlax\n|\n|upkeep\n|turn|68\n|inactive|Serpi n_n has 30 seconds left.\n|\n|t:|1773610290\n|move|p2a: Tauros|Body Slam|p1a: Snorlax\n|-damage|p1a: Snorlax|0 fnt\n|faint|p1a: Snorlax\n|inactive|Laroxyl has 30 seconds left.\n|inactive|Laroxyl has 20 seconds left.\n|\n|t:|1773610332\n|switch|p1a: Starmie|Starmie|83/100\n|turn|69\n|inactive|Laroxyl has 30 seconds left this turn.\n|inactive|Laroxyl has 20 seconds left.\n|\n|t:|1773610345\n|move|p1a: Starmie|Psychic|p2a: Tauros\n|-crit|p2a: Tauros\n|-damage|p2a: Tauros|0 fnt\n|faint|p2a: Tauros\n|\n|t:|1773610346\n|switch|p2a: Zapdos|Zapdos|100/100 par\n|turn|70\n|\n|t:|1773610349\n|move|p1a: Starmie|Blizzard|p2a: Zapdos\n|-supereffective|p2a: Zapdos\n|-damage|p2a: Zapdos|60/100 par\n|move|p2a: Zapdos|Agility|p2a: Zapdos\n|-boost|p2a: Zapdos|spe|2\n|\n|upkeep\n|turn|71\n|\n|t:|1773610356\n|move|p2a: Zapdos|Thunderbolt|p1a: Starmie\n|-supereffective|p1a: Starmie\n|-damage|p1a: Starmie|5/100\n|-status|p1a: Starmie|par\n|move|p1a: Starmie|Psychic|p2a: Zapdos\n|-damage|p2a: Zapdos|35/100 par\n|-unboost|p2a: Zapdos|spa|1\n|-unboost|p2a: Zapdos|spd|1\n|\n|upkeep\n|turn|72\n|\n|t:|1773610361\n|move|p2a: Zapdos|Agility|p2a: Zapdos\n|-boost|p2a: Zapdos|spe|2\n|move|p1a: Starmie|Psychic|p2a: Zapdos\n|-damage|p2a: Zapdos|0 fnt\n|faint|p2a: Zapdos\n|\n|win|Laroxyl\n|c|☆Serpi n_n|gg\n|c|☆Laroxyl|gg\n|player|p1|\n","uploadtime":1773610361,"views":"831","formatid":"gen1ou","rating":null,"private":0,"password":null}