{"id":"smogtours-gen1ou-947288","format":"[Gen 1] OU","players":["yimb","Teh"],"log":"|inactive|Battle timer is ON: inactive players will automatically lose when time's up.\n|t:|1781481776\n|gametype|singles\n|player|p1|yimb|doctor|\n|player|p2|Teh|#rbywc2025|\n|gen|1\n|tier|[Gen 1] OU\n|rule|Desync Clause Mod: Desyncs changed to move failure.\n|rule|HP Percentage Mod: HP is shown in percentages\n|rule|Endless Battle Clause: Forcing endless battles is banned\n|rule|Sleep Clause Mod: Limit one foe put to sleep\n|rule|Freeze Clause Mod: Limit one foe frozen\n|rule|Species Clause: Limit one of each Pokémon\n|rule|OHKO Clause: OHKO moves are banned\n|rule|Evasion Moves Clause: Evasion moves are banned\n|\n|t:|1781481776\n|teamsize|p1|6\n|teamsize|p2|6\n|start\n|switch|p1a: Gengar|Gengar|100/100\n|switch|p2a: Alakazam|Alakazam|100/100\n|turn|1\n|c|☆Teh|hf\n|c|☆yimb|glhf\n|\n|t:|1781481801\n|switch|p2a: Exeggutor|Exeggutor|100/100\n|switch|p1a: Chansey|Chansey|100/100\n|\n|upkeep\n|turn|2\n|\n|t:|1781481814\n|switch|p1a: Gengar|Gengar|100/100\n|move|p2a: Exeggutor|Sleep Powder|p1a: Gengar\n|-status|p1a: Gengar|slp|[from] move: Sleep Powder\n|\n|upkeep\n|turn|3\n|\n|t:|1781481820\n|switch|p1a: Chansey|Chansey|100/100\n|move|p2a: Exeggutor|Stun Spore|p1a: Chansey|[miss]\n|-miss|p2a: Exeggutor\n|\n|upkeep\n|turn|4\n|\n|t:|1781481824\n|move|p2a: Exeggutor|Stun Spore|p1a: Chansey\n|-status|p1a: Chansey|par\n|move|p1a: Chansey|Sing|p2a: Exeggutor|[miss]\n|-miss|p1a: Chansey\n|\n|upkeep\n|turn|5\n|\n|t:|1781481829\n|move|p2a: Exeggutor|Psychic|p1a: Chansey\n|-damage|p1a: Chansey|84/100 par\n|move|p1a: Chansey|Sing|p2a: Exeggutor|[miss]\n|-miss|p1a: Chansey\n|\n|upkeep\n|turn|6\n|\n|t:|1781481833\n|move|p2a: Exeggutor|Psychic|p1a: Chansey\n|-damage|p1a: Chansey|68/100 par\n|move|p1a: Chansey|Sing|p2a: Exeggutor\n|-status|p2a: Exeggutor|slp|[from] move: Sing\n|\n|upkeep\n|turn|7\n|\n|t:|1781481838\n|switch|p2a: Rhydon|Rhydon|100/100\n|move|p1a: Chansey|Ice Beam|p2a: Rhydon\n|-supereffective|p2a: Rhydon\n|-damage|p2a: Rhydon|43/100\n|\n|upkeep\n|turn|8\n|\n|t:|1781481862\n|switch|p2a: Tauros|Tauros|100/100\n|switch|p1a: Starmie|Starmie|100/100\n|\n|upkeep\n|turn|9\n|\n|t:|1781481867\n|switch|p2a: Chansey|Chansey|100/100\n|move|p1a: Starmie|Thunder Wave|p2a: Chansey\n|-status|p2a: Chansey|par\n|\n|upkeep\n|turn|10\n|\n|t:|1781481875\n|switch|p1a: Chansey|Chansey|68/100 par\n|cant|p2a: Chansey|par\n|\n|upkeep\n|turn|11\n|\n|t:|1781481880\n|move|p2a: Chansey|Seismic Toss|p1a: Chansey\n|-damage|p1a: Chansey|54/100 par\n|move|p1a: Chansey|Soft-Boiled|p1a: Chansey\n|-heal|p1a: Chansey|100/100 par\n|\n|upkeep\n|turn|12\n|\n|t:|1781481885\n|switch|p1a: Snorlax|Snorlax|100/100\n|cant|p2a: Chansey|par\n|\n|upkeep\n|turn|13\n|\n|t:|1781481890\n|move|p1a: Snorlax|Body Slam|p2a: Chansey\n|-damage|p2a: Chansey|60/100 par\n|move|p2a: Chansey|Thunder Wave|p1a: Snorlax\n|-status|p1a: Snorlax|par\n|\n|upkeep\n|turn|14\n|\n|t:|1781481896\n|switch|p2a: Cloyster|Cloyster|100/100\n|move|p1a: Snorlax|Body Slam|p2a: Cloyster\n|-damage|p2a: Cloyster|77/100\n|-status|p2a: Cloyster|par\n|\n|upkeep\n|turn|15\n|\n|t:|1781481902\n|switch|p1a: Starmie|Starmie|100/100\n|cant|p2a: Cloyster|par\n|\n|upkeep\n|turn|16\n|\n|t:|1781481906\n|switch|p2a: Chansey|Chansey|60/100 par\n|move|p1a: Starmie|Psychic|p2a: Chansey\n|-crit|p2a: Chansey\n|-damage|p2a: Chansey|31/100 par\n|\n|upkeep\n|turn|17\n|\n|t:|1781481912\n|switch|p1a: Snorlax|Snorlax|100/100 par\n|cant|p2a: Chansey|par\n|\n|upkeep\n|turn|18\n|\n|t:|1781481918\n|move|p2a: Chansey|Soft-Boiled|p2a: Chansey\n|-heal|p2a: Chansey|81/100 par\n|move|p1a: Snorlax|Body Slam|p2a: Chansey\n|-damage|p2a: Chansey|39/100 par\n|\n|upkeep\n|turn|19\n|\n|t:|1781481923\n|switch|p2a: Cloyster|Cloyster|77/100 par\n|move|p1a: Snorlax|Body Slam|p2a: Cloyster\n|-damage|p2a: Cloyster|56/100 par\n|\n|upkeep\n|turn|20\n|\n|t:|1781481928\n|move|p2a: Cloyster|Blizzard|p1a: Snorlax\n|-damage|p1a: Snorlax|68/100 par\n|move|p1a: Snorlax|Body Slam|p2a: Cloyster\n|-damage|p2a: Cloyster|34/100 par\n|\n|upkeep\n|turn|21\n|\n|t:|1781481935\n|switch|p1a: Starmie|Starmie|100/100\n|move|p2a: Cloyster|Blizzard|p1a: Starmie\n|-crit|p1a: Starmie\n|-resisted|p1a: Starmie\n|-damage|p1a: Starmie|60/100\n|\n|upkeep\n|turn|22\n|\n|t:|1781481941\n|switch|p2a: Chansey|Chansey|39/100 par\n|move|p1a: Starmie|Psychic|p2a: Chansey\n|-damage|p2a: Chansey|25/100 par\n|-unboost|p2a: Chansey|spa|1\n|-unboost|p2a: Chansey|spd|1\n|\n|upkeep\n|turn|23\n|\n|t:|1781481946\n|move|p1a: Starmie|Psychic|p2a: Chansey\n|-damage|p2a: Chansey|3/100 par\n|cant|p2a: Chansey|par\n|\n|upkeep\n|turn|24\n|\n|t:|1781481957\n|switch|p2a: Alakazam|Alakazam|100/100\n|move|p1a: Starmie|Psychic|p2a: Alakazam\n|-crit|p2a: Alakazam\n|-resisted|p2a: Alakazam\n|-damage|p2a: Alakazam|75/100\n|\n|upkeep\n|turn|25\n|\n|t:|1781481963\n|switch|p1a: Chansey|Chansey|100/100 par\n|move|p2a: Alakazam|Thunder Wave|p1a: Chansey\n|-fail|p1a: Chansey|par\n|\n|upkeep\n|turn|26\n|\n|t:|1781481968\n|switch|p2a: Cloyster|Cloyster|34/100 par\n|move|p1a: Chansey|Ice Beam|p2a: Cloyster\n|-resisted|p2a: Cloyster\n|-damage|p2a: Cloyster|27/100 par\n|\n|upkeep\n|turn|27\n|\n|t:|1781481978\n|switch|p1a: Starmie|Starmie|60/100\n|move|p2a: Cloyster|Explosion|p1a: Starmie\n|-damage|p1a: Starmie|0 fnt\n|faint|p1a: Starmie\n|faint|p2a: Cloyster\n|\n|t:|1781481988\n|switch|p1a: Chansey|Chansey|100/100 par\n|switch|p2a: Alakazam|Alakazam|75/100\n|turn|28\n|\n|t:|1781481997\n|move|p2a: Alakazam|Psychic|p1a: Chansey\n|-crit|p1a: Chansey\n|-damage|p1a: Chansey|63/100 par\n|-unboost|p1a: Chansey|spa|1\n|-unboost|p1a: Chansey|spd|1\n|cant|p1a: Chansey|par\n|\n|upkeep\n|turn|29\n|\n|t:|1781482004\n|move|p2a: Alakazam|Psychic|p1a: Chansey\n|-crit|p1a: Chansey\n|-damage|p1a: Chansey|26/100 par\n|move|p1a: Chansey|Soft-Boiled|p1a: Chansey\n|-heal|p1a: Chansey|76/100 par\n|\n|upkeep\n|turn|30\n|\n|t:|1781482010\n|switch|p2a: Chansey|Chansey|3/100 par\n|move|p1a: Chansey|Thunder Wave|p2a: Chansey\n|-fail|p2a: Chansey|par\n|\n|upkeep\n|turn|31\n|\n|t:|1781482019\n|switch|p1a: Snorlax|Snorlax|68/100 par\n|move|p2a: Chansey|Soft-Boiled|p2a: Chansey\n|-heal|p2a: Chansey|53/100 par\n|\n|upkeep\n|turn|32\n|\n|t:|1781482024\n|move|p2a: Chansey|Soft-Boiled|p2a: Chansey\n|-heal|p2a: Chansey|100/100 par\n|cant|p1a: Snorlax|par\n|\n|upkeep\n|turn|33\n|\n|t:|1781482032\n|move|p2a: Chansey|Seismic Toss|p1a: Snorlax\n|-damage|p1a: Snorlax|49/100 par\n|move|p1a: Snorlax|Body Slam|p2a: Chansey\n|-damage|p2a: Chansey|56/100 par\n|\n|upkeep\n|turn|34\n|\n|t:|1781482038\n|switch|p2a: Rhydon|Rhydon|43/100\n|cant|p1a: Snorlax|par\n|\n|upkeep\n|turn|35\n|\n|t:|1781482055\n|switch|p1a: Rhydon|Rhydon|100/100\n|move|p2a: Rhydon|Substitute|p2a: Rhydon\n|-start|p2a: Rhydon|Substitute\n|-damage|p2a: Rhydon|18/100\n|\n|upkeep\n|turn|36\n|\n|t:|1781482060\n|move|p2a: Rhydon|Earthquake|p1a: Rhydon\n|-supereffective|p1a: Rhydon\n|-damage|p1a: Rhydon|42/100\n|move|p1a: Rhydon|Earthquake|p2a: Rhydon\n|-supereffective|p2a: Rhydon\n|-end|p2a: Rhydon|Substitute\n|\n|upkeep\n|turn|37\n|inactive|Teh has 270 seconds left.\n|\n|t:|1781482098\n|switch|p2a: Exeggutor|Exeggutor|100/100 slp\n|switch|p1a: Gengar|Gengar|100/100 slp\n|\n|upkeep\n|turn|38\n|inactive|Teh has 270 seconds left.\n|\n|t:|1781482104\n|switch|p1a: Tauros|Tauros|100/100\n|switch|p2a: Tauros|Tauros|100/100\n|\n|upkeep\n|turn|39\n|\n|t:|1781482111\n|move|p2a: Tauros|Body Slam|p1a: Tauros\n|-damage|p1a: Tauros|74/100\n|move|p1a: Tauros|Body Slam|p2a: Tauros\n|-damage|p2a: Tauros|69/100\n|\n|upkeep\n|turn|40\n|\n|t:|1781482117\n|move|p2a: Tauros|Body Slam|p1a: Tauros\n|-damage|p1a: Tauros|45/100\n|move|p1a: Tauros|Body Slam|p2a: Tauros\n|-damage|p2a: Tauros|39/100\n|\n|upkeep\n|turn|41\n|\n|t:|1781482125\n|switch|p2a: Chansey|Chansey|56/100 par\n|move|p1a: Tauros|Hyper Beam|p2a: Chansey\n|-damage|p2a: Chansey|0 fnt\n|faint|p2a: Chansey\n|\n|t:|1781482128\n|switch|p2a: Alakazam|Alakazam|75/100\n|turn|42\n|\n|t:|1781482138\n|switch|p1a: Chansey|Chansey|76/100 par\n|move|p2a: Alakazam|Psychic|p1a: Chansey\n|-damage|p1a: Chansey|57/100 par\n|-unboost|p1a: Chansey|spa|1\n|-unboost|p1a: Chansey|spd|1\n|\n|upkeep\n|turn|43\n|\n|t:|1781482152\n|switch|p2a: Tauros|Tauros|39/100\n|move|p1a: Chansey|Soft-Boiled|p1a: Chansey\n|-heal|p1a: Chansey|100/100 par\n|\n|upkeep\n|turn|44\n|\n|t:|1781482156\n|move|p2a: Tauros|Body Slam|p1a: Chansey\n|-damage|p1a: Chansey|59/100 par\n|cant|p1a: Chansey|par\n|\n|upkeep\n|turn|45\n|\n|t:|1781482161\n|move|p2a: Tauros|Hyper Beam|p1a: Chansey\n|-damage|p1a: Chansey|0 fnt\n|faint|p1a: Chansey\n|\n|t:|1781482174\n|switch|p1a: Tauros|Tauros|45/100\n|turn|46\n|\n|t:|1781482180\n|switch|p2a: Exeggutor|Exeggutor|100/100 slp\n|move|p1a: Tauros|Hyper Beam|p2a: Exeggutor\n|-damage|p2a: Exeggutor|49/100 slp\n|-mustrecharge|p1a: Tauros\n|\n|upkeep\n|turn|47\n|\n|t:|1781482185\n|switch|p2a: Alakazam|Alakazam|75/100\n|cant|p1a: Tauros|recharge\n|\n|upkeep\n|turn|48\n|\n|t:|1781482192\n|switch|p1a: Gengar|Gengar|100/100 slp\n|move|p2a: Alakazam|Psychic|p1a: Gengar\n|-supereffective|p1a: Gengar\n|-damage|p1a: Gengar|36/100 slp\n|-unboost|p1a: Gengar|spa|1\n|-unboost|p1a: Gengar|spd|1\n|\n|upkeep\n|turn|49\n|\n|t:|1781482198\n|move|p2a: Alakazam|Recover|p2a: Alakazam\n|-heal|p2a: Alakazam|100/100\n|cant|p1a: Gengar|slp\n|\n|upkeep\n|turn|50\n|\n|t:|1781482200\n|move|p2a: Alakazam|Psychic|p1a: Gengar\n|-crit|p1a: Gengar\n|-supereffective|p1a: Gengar\n|-damage|p1a: Gengar|0 fnt\n|faint|p1a: Gengar\n|\n|t:|1781482211\n|switch|p1a: Snorlax|Snorlax|49/100 par\n|turn|51\n|\n|t:|1781482221\n|switch|p2a: Rhydon|Rhydon|18/100\n|cant|p1a: Snorlax|par\n|\n|upkeep\n|turn|52\n|\n|t:|1781482225\n|move|p2a: Rhydon|Earthquake|p1a: Snorlax\n|-damage|p1a: Snorlax|13/100 par\n|move|p1a: Snorlax|Reflect|p1a: Snorlax\n|-start|p1a: Snorlax|Reflect\n|\n|upkeep\n|turn|53\n|\n|t:|1781482229\n|move|p2a: Rhydon|Earthquake|p1a: Snorlax\n|-damage|p1a: Snorlax|0 fnt\n|faint|p1a: Snorlax\n|\n|t:|1781482231\n|switch|p1a: Tauros|Tauros|45/100\n|turn|54\n|\n|t:|1781482240\n|move|p1a: Tauros|Earthquake|p2a: Rhydon\n|-supereffective|p2a: Rhydon\n|-damage|p2a: Rhydon|0 fnt\n|faint|p2a: Rhydon\n|\n|t:|1781482241\n|switch|p2a: Alakazam|Alakazam|100/100\n|turn|55\n|\n|t:|1781482242\n|move|p2a: Alakazam|Psychic|p1a: Tauros\n|-crit|p1a: Tauros\n|-damage|p1a: Tauros|0 fnt\n|faint|p1a: Tauros\n|\n|t:|1781482245\n|switch|p1a: Rhydon|Rhydon|42/100\n|turn|56\n|\n|t:|1781482246\n|move|p2a: Alakazam|Psychic|p1a: Rhydon\n|-damage|p1a: Rhydon|0 fnt\n|faint|p1a: Rhydon\n|\n|win|Teh\n|c|☆yimb|gg\n|c|☆Teh|gg\n|player|p2|\n","uploadtime":1781482246,"views":"94","formatid":"gen1ou","rating":null,"private":0,"password":null}