{"id":"smogtours-gen1ou-947481","format":"[Gen 1] OU","players":["Kristyl ★","magialice"],"log":"|inactive|Battle timer is ON: inactive players will automatically lose when time's up.\n|t:|1781564745\n|gametype|singles\n|player|p1|Kristyl ★|dawn|\n|player|p2|magialice|#pmplivdachsbuns|\n|gen|1\n|tier|[Gen 1] OU\n|rule|Desync Clause Mod: Desyncs changed to move failure.\n|rule|HP Percentage Mod: HP is shown in percentages\n|rule|Endless Battle Clause: Forcing endless battles is banned\n|rule|Sleep Clause Mod: Limit one foe put to sleep\n|rule|Freeze Clause Mod: Limit one foe frozen\n|rule|Species Clause: Limit one of each Pokémon\n|rule|OHKO Clause: OHKO moves are banned\n|rule|Evasion Moves Clause: Evasion moves are banned\n|\n|t:|1781564745\n|teamsize|p1|6\n|teamsize|p2|6\n|start\n|switch|p1a: Starmie|Starmie|100/100\n|switch|p2a: Starmie|Starmie|100/100\n|turn|1\n|c|☆magialice|glhf\n|c|☆Kristyl ★|u2\n|\n|t:|1781564752\n|switch|p2a: Chansey|Chansey|100/100\n|move|p1a: Starmie|Blizzard|p2a: Chansey\n|-damage|p2a: Chansey|87/100\n|-status|p2a: Chansey|frz\n|\n|upkeep\n|turn|2\n|\n|t:|1781564758\n|move|p1a: Starmie|Thunder Wave|p2a: Chansey\n|-fail|p2a: Chansey\n|cant|p2a: Chansey|frz\n|\n|upkeep\n|turn|3\n|\n|t:|1781564762\n|move|p1a: Starmie|Psychic|p2a: Chansey\n|-damage|p2a: Chansey|72/100 frz\n|-unboost|p2a: Chansey|spa|1\n|-unboost|p2a: Chansey|spd|1\n|cant|p2a: Chansey|frz\n|\n|upkeep\n|turn|4\n|\n|t:|1781564764\n|switch|p2a: Exeggutor|Exeggutor|100/100\n|move|p1a: Starmie|Psychic|p2a: Exeggutor\n|-resisted|p2a: Exeggutor\n|-damage|p2a: Exeggutor|88/100\n|\n|upkeep\n|turn|5\n|\n|t:|1781564766\n|move|p1a: Starmie|Blizzard|p2a: Exeggutor\n|-crit|p2a: Exeggutor\n|-supereffective|p2a: Exeggutor\n|-damage|p2a: Exeggutor|5/100\n|move|p2a: Exeggutor|Sleep Powder|p1a: Starmie\n|-status|p1a: Starmie|slp|[from] move: Sleep Powder\n|\n|upkeep\n|turn|6\n|\n|t:|1781564772\n|cant|p1a: Starmie|slp\n|move|p2a: Exeggutor|Explosion|p1a: Starmie\n|-damage|p1a: Starmie|10/100 slp\n|faint|p2a: Exeggutor\n|\n|t:|1781564775\n|switch|p2a: Tauros|Tauros|100/100\n|turn|7\n|\n|t:|1781564791\n|switch|p1a: Snorlax|Snorlax|100/100\n|move|p2a: Tauros|Body Slam|p1a: Snorlax\n|-damage|p1a: Snorlax|77/100\n|\n|upkeep\n|turn|8\n|\n|t:|1781564794\n|switch|p2a: Cloyster|Cloyster|100/100\n|move|p1a: Snorlax|Body Slam|p2a: Cloyster\n|-damage|p2a: Cloyster|79/100\n|\n|upkeep\n|turn|9\n|\n|t:|1781564802\n|switch|p1a: Chansey|Chansey|100/100\n|move|p2a: Cloyster|Blizzard|p1a: Chansey\n|-damage|p1a: Chansey|83/100\n|\n|upkeep\n|turn|10\n|\n|t:|1781564805\n|move|p2a: Cloyster|Clamp|p1a: Chansey\n|-crit|p1a: Chansey\n|-damage|p1a: Chansey|73/100\n|cant|p1a: Chansey|partiallytrapped\n|\n|upkeep\n|turn|11\n|\n|t:|1781564808\n|switch|p1a: Gengar|Gengar|100/100\n|move|p2a: Cloyster|Clamp|p1a: Gengar|[miss]\n|-miss|p2a: Cloyster\n|\n|upkeep\n|turn|12\n|\n|t:|1781564814\n|switch|p2a: Chansey|Chansey|72/100 frz\n|move|p1a: Gengar|Hypnosis|p2a: Chansey|[miss]\n|-miss|p1a: Gengar\n|\n|upkeep\n|turn|13\n|\n|t:|1781564818\n|switch|p2a: Snorlax|Snorlax|100/100\n|move|p1a: Gengar|Hypnosis|p2a: Snorlax\n|-status|p2a: Snorlax|slp|[from] move: Hypnosis\n|\n|upkeep\n|turn|14\n|\n|t:|1781564821\n|move|p1a: Gengar|Thunderbolt|p2a: Snorlax\n|-damage|p2a: Snorlax|77/100 slp\n|cant|p2a: Snorlax|slp\n|\n|upkeep\n|turn|15\n|\n|t:|1781564827\n|switch|p2a: Chansey|Chansey|72/100 frz\n|move|p1a: Gengar|Thunderbolt|p2a: Chansey\n|-damage|p2a: Chansey|59/100 frz\n|\n|upkeep\n|turn|16\n|\n|t:|1781564829\n|move|p1a: Gengar|Thunderbolt|p2a: Chansey\n|-damage|p2a: Chansey|46/100 frz\n|cant|p2a: Chansey|frz\n|\n|upkeep\n|turn|17\n|\n|t:|1781564831\n|move|p1a: Gengar|Thunderbolt|p2a: Chansey\n|-damage|p2a: Chansey|35/100 frz\n|cant|p2a: Chansey|frz\n|\n|upkeep\n|turn|18\n|\n|t:|1781564834\n|move|p1a: Gengar|Thunderbolt|p2a: Chansey\n|-damage|p2a: Chansey|23/100 frz\n|cant|p2a: Chansey|frz\n|\n|upkeep\n|turn|19\n|\n|t:|1781564838\n|move|p1a: Gengar|Thunderbolt|p2a: Chansey\n|-damage|p2a: Chansey|11/100 frz\n|cant|p2a: Chansey|frz\n|\n|upkeep\n|turn|20\n|inactive|Kristyl ★ disconnected and has 300 seconds to reconnect!\n|player|p1|\n|inactive|Kristyl ★ reconnected and has 285 seconds left.\n|player|p1|Kristyl ★|dawn|\n|\n|t:|1781564863\n|move|p1a: Gengar|Thunderbolt|p2a: Chansey|[miss]\n|-miss|p1a: Gengar\n|-hint|In Gen 1, moves with 100% accuracy can still miss 1/256 of the time.\n|cant|p2a: Chansey|frz\n|\n|upkeep\n|turn|21\n|\n|t:|1781564866\n|move|p1a: Gengar|Night Shade|p2a: Chansey\n|-damage|p2a: Chansey|0 fnt\n|faint|p2a: Chansey\n|\n|t:|1781564868\n|switch|p2a: Starmie|Starmie|100/100\n|turn|22\n|\n|t:|1781564872\n|switch|p1a: Starmie|Starmie|10/100 slp\n|move|p2a: Starmie|Thunder Wave|p1a: Starmie\n|-fail|p1a: Starmie\n|\n|upkeep\n|turn|23\n|\n|t:|1781564875\n|move|p2a: Starmie|Psychic|p1a: Starmie\n|-resisted|p1a: Starmie\n|-damage|p1a: Starmie|0 fnt\n|faint|p1a: Starmie\n|\n|t:|1781564878\n|switch|p1a: Chansey|Chansey|73/100\n|turn|24\n|\n|t:|1781564882\n|switch|p2a: Snorlax|Snorlax|77/100 slp\n|move|p1a: Chansey|Thunder Wave|p2a: Snorlax\n|-fail|p2a: Snorlax\n|\n|upkeep\n|turn|25\n|\n|t:|1781564887\n|switch|p1a: Gengar|Gengar|100/100\n|cant|p2a: Snorlax|slp\n|\n|upkeep\n|turn|26\n|\n|t:|1781564890\n|move|p1a: Gengar|Thunderbolt|p2a: Snorlax\n|-crit|p2a: Snorlax\n|-damage|p2a: Snorlax|35/100 slp\n|cant|p2a: Snorlax|slp\n|\n|upkeep\n|turn|27\n|\n|t:|1781564892\n|switch|p2a: Starmie|Starmie|100/100\n|move|p1a: Gengar|Thunderbolt|p2a: Starmie\n|-supereffective|p2a: Starmie\n|-damage|p2a: Starmie|49/100\n|\n|upkeep\n|turn|28\n|\n|t:|1781564894\n|switch|p1a: Chansey|Chansey|73/100\n|move|p2a: Starmie|Thunder Wave|p1a: Chansey\n|-status|p1a: Chansey|par\n|\n|upkeep\n|turn|29\n|\n|t:|1781564899\n|move|p2a: Starmie|Recover|p2a: Starmie\n|-heal|p2a: Starmie|99/100\n|cant|p1a: Chansey|par\n|\n|upkeep\n|turn|30\n|\n|t:|1781564902\n|switch|p2a: Snorlax|Snorlax|35/100 slp\n|move|p1a: Chansey|Thunderbolt|p2a: Snorlax\n|-damage|p2a: Snorlax|14/100 slp\n|\n|upkeep\n|turn|31\n|\n|t:|1781564904\n|cant|p2a: Snorlax|slp\n|move|p1a: Chansey|Thunderbolt|p2a: Snorlax\n|-damage|p2a: Snorlax|0 fnt\n|faint|p2a: Snorlax\n|\n|t:|1781564909\n|switch|p2a: Cloyster|Cloyster|79/100\n|turn|32\n|\n|t:|1781564912\n|move|p2a: Cloyster|Clamp|p1a: Chansey\n|-damage|p1a: Chansey|68/100 par\n|cant|p1a: Chansey|partiallytrapped\n|\n|upkeep\n|turn|33\n|\n|t:|1781564914\n|switch|p1a: Gengar|Gengar|100/100\n|move|p2a: Cloyster|Clamp|p1a: Gengar|[miss]\n|-miss|p2a: Cloyster\n|\n|upkeep\n|turn|34\n|\n|t:|1781564917\n|move|p1a: Gengar|Hypnosis|p2a: Cloyster\n|-status|p2a: Cloyster|slp|[from] move: Hypnosis\n|cant|p2a: Cloyster|slp\n|\n|upkeep\n|turn|35\n|\n|t:|1781564920\n|switch|p2a: Tauros|Tauros|100/100\n|move|p1a: Gengar|Thunderbolt|p2a: Tauros\n|-damage|p2a: Tauros|69/100\n|\n|upkeep\n|turn|36\n|\n|t:|1781564931\n|move|p1a: Gengar|Thunderbolt|p2a: Tauros\n|-damage|p2a: Tauros|36/100\n|move|p2a: Tauros|Earthquake|p1a: Gengar\n|-crit|p1a: Gengar\n|-supereffective|p1a: Gengar\n|-damage|p1a: Gengar|0 fnt\n|faint|p1a: Gengar\n|\n|t:|1781564941\n|switch|p1a: Exeggutor|Exeggutor|100/100\n|turn|37\n|\n|t:|1781564944\n|switch|p2a: Starmie|Starmie|99/100\n|move|p1a: Exeggutor|Psychic|p2a: Starmie\n|-resisted|p2a: Starmie\n|-damage|p2a: Starmie|81/100\n|-unboost|p2a: Starmie|spa|1\n|-unboost|p2a: Starmie|spd|1\n|\n|upkeep\n|turn|38\n|\n|t:|1781564947\n|switch|p1a: Chansey|Chansey|68/100 par\n|move|p2a: Starmie|Thunder Wave|p1a: Chansey\n|-fail|p1a: Chansey|par\n|\n|upkeep\n|turn|39\n|\n|t:|1781564949\n|switch|p2a: Tauros|Tauros|36/100\n|move|p1a: Chansey|Soft-Boiled|p1a: Chansey\n|-heal|p1a: Chansey|100/100 par\n|\n|upkeep\n|turn|40\n|\n|t:|1781564953\n|switch|p2a: Cloyster|Cloyster|79/100 slp\n|move|p1a: Chansey|Thunder Wave|p2a: Cloyster\n|-fail|p2a: Cloyster\n|\n|upkeep\n|turn|41\n|\n|t:|1781564957\n|cant|p2a: Cloyster|slp\n|move|p1a: Chansey|Thunderbolt|p2a: Cloyster\n|-supereffective|p2a: Cloyster\n|-damage|p2a: Cloyster|26/100 slp\n|\n|upkeep\n|turn|42\n|\n|t:|1781564959\n|switch|p2a: Tauros|Tauros|36/100\n|move|p1a: Chansey|Thunderbolt|p2a: Tauros\n|-crit|p2a: Tauros\n|-damage|p2a: Tauros|0 fnt\n|faint|p2a: Tauros\n|\n|t:|1781564961\n|switch|p2a: Starmie|Starmie|81/100\n|turn|43\n|\n|t:|1781564962\n|move|p2a: Starmie|Psychic|p1a: Chansey\n|-damage|p1a: Chansey|86/100 par\n|move|p1a: Chansey|Thunder Wave|p2a: Starmie\n|-status|p2a: Starmie|par\n|\n|upkeep\n|turn|44\n|\n|t:|1781564964\n|move|p2a: Starmie|Psychic|p1a: Chansey\n|-damage|p1a: Chansey|71/100 par\n|cant|p1a: Chansey|par\n|\n|upkeep\n|turn|45\n|\n|t:|1781564965\n|cant|p2a: Starmie|par\n|move|p1a: Chansey|Thunderbolt|p2a: Starmie\n|-supereffective|p2a: Starmie\n|-damage|p2a: Starmie|29/100 par\n|\n|upkeep\n|turn|46\n|\n|t:|1781564966\n|cant|p2a: Starmie|par\n|move|p1a: Chansey|Thunderbolt|p2a: Starmie\n|-supereffective|p2a: Starmie\n|-damage|p2a: Starmie|0 fnt\n|faint|p2a: Starmie\n|c|☆magialice|gg\n|\n|t:|1781564969\n|switch|p2a: Cloyster|Cloyster|26/100 slp\n|turn|47\n|c|☆Kristyl ★|ggs mb for this one \n|\n|t:|1781564973\n|cant|p2a: Cloyster|slp\n|move|p1a: Chansey|Thunderbolt|p2a: Cloyster\n|-supereffective|p2a: Cloyster\n|-damage|p2a: Cloyster|0 fnt\n|faint|p2a: Cloyster\n|\n|win|Kristyl ★\n|player|p1|\n|player|p1|Kristyl ★|dawn|\n|player|p2|\n","uploadtime":1781564973,"views":"103","formatid":"gen1ou","rating":null,"private":0,"password":null}