{"id":"smogtours-gen1ou-950671","format":"[Gen 1] OU","players":["Soda Krys","TG2513"],"log":"|inactive|Battle timer is ON: inactive players will automatically lose when time's up.\n|t:|1782579961\n|gametype|singles\n|player|p1|Soda Krys|gwynn|\n|player|p2|TG2513|brycenman|\n|gen|1\n|tier|[Gen 1] OU\n|rule|Desync Clause Mod: Desyncs changed to move failure.\n|rule|HP Percentage Mod: HP is shown in percentages\n|rule|Endless Battle Clause: Forcing endless battles is banned\n|rule|Sleep Clause Mod: Limit one foe put to sleep\n|rule|Freeze Clause Mod: Limit one foe frozen\n|rule|Species Clause: Limit one of each Pokémon\n|rule|OHKO Clause: OHKO moves are banned\n|rule|Evasion Moves Clause: Evasion moves are banned\n|\n|t:|1782579961\n|teamsize|p1|6\n|teamsize|p2|6\n|start\n|switch|p1a: Starmie|Starmie|100/100\n|switch|p2a: Starmie|Starmie|100/100\n|turn|1\n|\n|t:|1782579970\n|switch|p1a: Chansey|Chansey|100/100\n|switch|p2a: Chansey|Chansey|100/100\n|\n|upkeep\n|turn|2\n|\n|t:|1782579974\n|switch|p2a: Exeggutor|Exeggutor|100/100\n|move|p1a: Chansey|Ice Beam|p2a: Exeggutor\n|-supereffective|p2a: Exeggutor\n|-damage|p2a: Exeggutor|66/100\n|\n|upkeep\n|turn|3\n|\n|t:|1782579978\n|switch|p2a: Chansey|Chansey|100/100\n|switch|p1a: Starmie|Starmie|100/100\n|\n|upkeep\n|turn|4\n|\n|t:|1782579982\n|move|p1a: Starmie|Blizzard|p2a: Chansey\n|-damage|p2a: Chansey|88/100\n|move|p2a: Chansey|Sing|p1a: Starmie|[miss]\n|-miss|p2a: Chansey\n|\n|upkeep\n|turn|5\n|\n|t:|1782579985\n|move|p1a: Starmie|Blizzard|p2a: Chansey\n|-damage|p2a: Chansey|76/100\n|move|p2a: Chansey|Thunder Wave|p1a: Starmie\n|-status|p1a: Starmie|par\n|\n|upkeep\n|turn|6\n|\n|t:|1782579993\n|move|p2a: Chansey|Soft-Boiled|p2a: Chansey\n|-heal|p2a: Chansey|100/100\n|move|p1a: Starmie|Blizzard|p2a: Chansey|[miss]\n|-miss|p1a: Starmie\n|\n|upkeep\n|turn|7\n|\n|t:|1782579998\n|switch|p2a: Snorlax|Snorlax|100/100\n|switch|p1a: Exeggutor|Exeggutor|100/100\n|\n|upkeep\n|turn|8\n|\n|t:|1782580002\n|switch|p2a: Exeggutor|Exeggutor|66/100\n|move|p1a: Exeggutor|Sleep Powder|p2a: Exeggutor\n|-status|p2a: Exeggutor|slp|[from] move: Sleep Powder\n|\n|upkeep\n|turn|9\n|\n|t:|1782580007\n|switch|p2a: Snorlax|Snorlax|100/100\n|move|p1a: Exeggutor|Stun Spore|p2a: Snorlax\n|-status|p2a: Snorlax|par\n|\n|upkeep\n|turn|10\n|\n|t:|1782580010\n|move|p1a: Exeggutor|Psychic|p2a: Snorlax\n|-damage|p2a: Snorlax|71/100 par\n|move|p2a: Snorlax|Body Slam|p1a: Exeggutor\n|-damage|p1a: Exeggutor|72/100\n|\n|upkeep\n|turn|11\n|\n|t:|1782580014\n|switch|p1a: Snorlax|Snorlax|100/100\n|move|p2a: Snorlax|Self-Destruct|p1a: Snorlax\n|-damage|p1a: Snorlax|21/100\n|faint|p2a: Snorlax\n|\n|t:|1782580021\n|switch|p2a: Tauros|Tauros|100/100\n|turn|12\n|\n|t:|1782580028\n|move|p2a: Tauros|Body Slam|p1a: Snorlax\n|-damage|p1a: Snorlax|0 fnt\n|faint|p1a: Snorlax\n|\n|t:|1782580033\n|switch|p1a: Exeggutor|Exeggutor|72/100\n|turn|13\n|\n|t:|1782580040\n|switch|p2a: Chansey|Chansey|100/100\n|move|p1a: Exeggutor|Stun Spore|p2a: Chansey\n|-status|p2a: Chansey|par\n|\n|upkeep\n|turn|14\n|\n|t:|1782580047\n|switch|p1a: Tauros|Tauros|100/100\n|cant|p2a: Chansey|par\n|\n|upkeep\n|turn|15\n|\n|t:|1782580050\n|move|p1a: Tauros|Body Slam|p2a: Chansey\n|-damage|p2a: Chansey|62/100 par\n|move|p2a: Chansey|Thunder Wave|p1a: Tauros\n|-status|p1a: Tauros|par\n|\n|upkeep\n|turn|16\n|\n|t:|1782580058\n|switch|p2a: Starmie|Starmie|100/100\n|move|p1a: Tauros|Body Slam|p2a: Starmie\n|-damage|p2a: Starmie|66/100\n|\n|upkeep\n|turn|17\n|\n|t:|1782580064\n|move|p2a: Starmie|Thunderbolt|p1a: Tauros\n|-damage|p1a: Tauros|72/100 par\n|move|p1a: Tauros|Body Slam|p2a: Starmie\n|-crit|p2a: Starmie\n|-damage|p2a: Starmie|0 fnt\n|faint|p2a: Starmie\n|\n|t:|1782580073\n|switch|p2a: Tauros|Tauros|100/100\n|turn|18\n|\n|t:|1782580077\n|move|p2a: Tauros|Body Slam|p1a: Tauros\n|-damage|p1a: Tauros|40/100 par\n|move|p1a: Tauros|Hyper Beam|p2a: Tauros\n|-damage|p2a: Tauros|47/100\n|-mustrecharge|p1a: Tauros\n|\n|upkeep\n|turn|19\n|\n|t:|1782580081\n|move|p2a: Tauros|Hyper Beam|p1a: Tauros\n|-damage|p1a: Tauros|0 fnt\n|faint|p1a: Tauros\n|\n|t:|1782580086\n|switch|p1a: Exeggutor|Exeggutor|72/100\n|turn|20\n|\n|t:|1782580099\n|move|p2a: Tauros|Body Slam|p1a: Exeggutor\n|-crit|p1a: Exeggutor\n|-damage|p1a: Exeggutor|21/100\n|-status|p1a: Exeggutor|par\n|move|p1a: Exeggutor|Psychic|p2a: Tauros\n|-damage|p2a: Tauros|2/100\n|\n|upkeep\n|turn|21\n|\n|t:|1782580105\n|move|p2a: Tauros|Body Slam|p1a: Exeggutor\n|-crit|p1a: Exeggutor\n|-damage|p1a: Exeggutor|0 fnt\n|faint|p1a: Exeggutor\n|\n|t:|1782580107\n|switch|p1a: Slowbro|Slowbro|100/100\n|turn|22\n|\n|t:|1782580117\n|switch|p2a: Chansey|Chansey|62/100 par\n|move|p1a: Slowbro|Amnesia|p1a: Slowbro\n|-boost|p1a: Slowbro|spa|2\n|-boost|p1a: Slowbro|spd|2\n|\n|upkeep\n|turn|23\n|\n|t:|1782580119\n|move|p1a: Slowbro|Amnesia|p1a: Slowbro\n|-boost|p1a: Slowbro|spa|2\n|-boost|p1a: Slowbro|spd|2\n|move|p2a: Chansey|Sing|p1a: Slowbro|[miss]\n|-miss|p2a: Chansey\n|\n|upkeep\n|turn|24\n|\n|t:|1782580122\n|move|p1a: Slowbro|Psychic|p2a: Chansey\n|-damage|p2a: Chansey|24/100 par\n|move|p2a: Chansey|Sing|p1a: Slowbro|[miss]\n|-miss|p2a: Chansey\n|\n|upkeep\n|turn|25\n|\n|t:|1782580125\n|move|p1a: Slowbro|Psychic|p2a: Chansey\n|-damage|p2a: Chansey|0 fnt\n|faint|p2a: Chansey\n|\n|t:|1782580128\n|switch|p2a: Zapdos|Zapdos|100/100\n|turn|26\n|\n|t:|1782580130\n|move|p2a: Zapdos|Thunder Wave|p1a: Slowbro\n|-status|p1a: Slowbro|par\n|move|p1a: Slowbro|Thunder Wave|p2a: Zapdos\n|-status|p2a: Zapdos|par\n|\n|upkeep\n|turn|27\n|\n|t:|1782580135\n|cant|p2a: Zapdos|par\n|move|p1a: Slowbro|Amnesia|p1a: Slowbro\n|-boost|p1a: Slowbro|spa|2\n|-boost|p1a: Slowbro|spd|2\n|\n|upkeep\n|turn|28\n|\n|t:|1782580138\n|cant|p1a: Slowbro|par\n|move|p2a: Zapdos|Thunderbolt|p1a: Slowbro\n|-crit|p1a: Slowbro\n|-supereffective|p1a: Slowbro\n|-damage|p1a: Slowbro|0 fnt\n|faint|p1a: Slowbro\n|\n|t:|1782580140\n|switch|p1a: Chansey|Chansey|100/100\n|turn|29\n|\n|t:|1782580143\n|move|p1a: Chansey|Ice Beam|p2a: Zapdos\n|-crit|p2a: Zapdos\n|-supereffective|p2a: Zapdos\n|-damage|p2a: Zapdos|34/100 par\n|move|p2a: Zapdos|Thunder Wave|p1a: Chansey\n|-status|p1a: Chansey|par\n|\n|upkeep\n|turn|30\n|\n|t:|1782580146\n|cant|p1a: Chansey|par\n|move|p2a: Zapdos|Drill Peck|p1a: Chansey\n|-damage|p1a: Chansey|66/100 par\n|\n|upkeep\n|turn|31\n|\n|t:|1782580157\n|switch|p2a: Exeggutor|Exeggutor|66/100 slp\n|move|p1a: Chansey|Soft-Boiled|p1a: Chansey\n|-heal|p1a: Chansey|100/100 par\n|\n|upkeep\n|turn|32\n|\n|t:|1782580159\n|cant|p2a: Exeggutor|slp\n|cant|p1a: Chansey|par\n|\n|upkeep\n|turn|33\n|\n|t:|1782580161\n|cant|p2a: Exeggutor|slp\n|move|p1a: Chansey|Ice Beam|p2a: Exeggutor\n|-supereffective|p2a: Exeggutor\n|-damage|p2a: Exeggutor|31/100 slp\n|\n|upkeep\n|turn|34\n|\n|t:|1782580162\n|cant|p2a: Exeggutor|slp\n|move|p1a: Chansey|Ice Beam|p2a: Exeggutor\n|-supereffective|p2a: Exeggutor\n|-damage|p2a: Exeggutor|0 fnt\n|faint|p2a: Exeggutor\n|\n|t:|1782580166\n|switch|p2a: Zapdos|Zapdos|34/100 par\n|turn|35\n|\n|t:|1782580169\n|move|p2a: Zapdos|Drill Peck|p1a: Chansey\n|-crit|p1a: Chansey\n|-damage|p1a: Chansey|38/100 par\n|move|p1a: Chansey|Soft-Boiled|p1a: Chansey\n|-heal|p1a: Chansey|88/100 par\n|\n|upkeep\n|turn|36\n|\n|t:|1782580174\n|move|p2a: Zapdos|Drill Peck|p1a: Chansey\n|-damage|p1a: Chansey|56/100 par\n|move|p1a: Chansey|Soft-Boiled|p1a: Chansey\n|-heal|p1a: Chansey|100/100 par\n|\n|upkeep\n|turn|37\n|\n|t:|1782580177\n|switch|p1a: Starmie|Starmie|100/100 par\n|move|p2a: Zapdos|Drill Peck|p1a: Starmie\n|-damage|p1a: Starmie|72/100 par\n|\n|upkeep\n|turn|38\n|\n|t:|1782580180\n|move|p1a: Starmie|Blizzard|p2a: Zapdos\n|-supereffective|p2a: Zapdos\n|-damage|p2a: Zapdos|0 fnt\n|faint|p2a: Zapdos\n|\n|t:|1782580182\n|switch|p2a: Tauros|Tauros|2/100\n|turn|39\n|\n|t:|1782580187\n|move|p2a: Tauros|Thunderbolt|p1a: Starmie\n|-supereffective|p1a: Starmie\n|-damage|p1a: Starmie|33/100 par\n|move|p1a: Starmie|Psychic|p2a: Tauros\n|-damage|p2a: Tauros|0 fnt\n|faint|p2a: Tauros\n|\n|win|Soda Krys\n|c|☆Soda Krys|13-18\n","uploadtime":1782580187,"views":"61","formatid":"gen1ou","rating":null,"private":0,"password":null}