{"id":"smogtours-gen1ou-958052","format":"[Gen 1] OU","players":["Laroxyl","TheStupe"],"log":"|inactive|Battle timer is ON: inactive players will automatically lose when time's up.\n|t:|1784665333\n|gametype|singles\n|player|p1|Laroxyl|#splxviitigers2|\n|player|p2|TheStupe|psychicf-gen4|\n|gen|1\n|tier|[Gen 1] OU\n|rule|Desync Clause Mod: Desyncs resolve to link battle behavior from the acting player's perspective.\n|rule|HP Percentage Mod: HP is shown in percentages\n|rule|Endless Battle Clause: Forcing endless battles is banned\n|rule|Sleep Clause Mod: Limit one foe put to sleep\n|rule|Freeze Clause Mod: Limit one foe frozen\n|rule|Species Clause: Limit one of each Pokémon\n|rule|OHKO Clause: OHKO moves are banned\n|rule|Evasion Moves Clause: Evasion moves are banned\n|\n|t:|1784665333\n|teamsize|p1|6\n|teamsize|p2|6\n|start\n|switch|p1a: Gengar|Gengar|100/100\n|switch|p2a: Alakazam|Alakazam|100/100\n|turn|1\n|c|☆TheStupe|hf\n|inactive|Laroxyl has 270 seconds left.\n|c|☆Laroxyl|hf\n|inactive|Laroxyl has 240 seconds left.\n|\n|t:|1784665409\n|switch|p1a: Chansey|Chansey|100/100\n|move|p2a: Alakazam|Psychic|p1a: Chansey\n|-damage|p1a: Chansey|83/100\n|-unboost|p1a: Chansey|spa|1\n|-unboost|p1a: Chansey|spd|1\n|\n|upkeep\n|turn|2\n|\n|t:|1784665420\n|move|p2a: Alakazam|Thunder Wave|p1a: Chansey\n|-status|p1a: Chansey|par\n|move|p1a: Chansey|Soft-Boiled|p1a: Chansey\n|-heal|p1a: Chansey|100/100 par\n|\n|upkeep\n|turn|3\n|\n|t:|1784665444\n|switch|p1a: Exeggutor|Exeggutor|100/100\n|move|p2a: Alakazam|Psychic|p1a: Exeggutor\n|-resisted|p1a: Exeggutor\n|-damage|p1a: Exeggutor|86/100\n|\n|upkeep\n|turn|4\n|\n|t:|1784665463\n|switch|p1a: Chansey|Chansey|100/100 par\n|move|p2a: Alakazam|Thunder Wave|p1a: Chansey\n|-fail|p1a: Chansey|par\n|\n|upkeep\n|turn|5\n|\n|t:|1784665469\n|move|p2a: Alakazam|Psychic|p1a: Chansey\n|-crit|p1a: Chansey\n|-damage|p1a: Chansey|63/100 par\n|-unboost|p1a: Chansey|spa|1\n|-unboost|p1a: Chansey|spd|1\n|cant|p1a: Chansey|par\n|\n|upkeep\n|turn|6\n|\n|t:|1784665473\n|move|p2a: Alakazam|Psychic|p1a: Chansey\n|-crit|p1a: Chansey\n|-damage|p1a: Chansey|26/100 par\n|-unboost|p1a: Chansey|spa|1\n|-unboost|p1a: Chansey|spd|1\n|move|p1a: Chansey|Soft-Boiled|p1a: Chansey\n|-heal|p1a: Chansey|76/100 par\n|\n|upkeep\n|turn|7\n|\n|t:|1784665480\n|move|p2a: Alakazam|Psychic|p1a: Chansey\n|-crit|p1a: Chansey\n|-damage|p1a: Chansey|42/100 par\n|cant|p1a: Chansey|par\n|\n|upkeep\n|turn|8\n|\n|t:|1784665490\n|switch|p1a: Exeggutor|Exeggutor|86/100\n|move|p2a: Alakazam|Psychic|p1a: Exeggutor\n|-resisted|p1a: Exeggutor\n|-damage|p1a: Exeggutor|72/100\n|\n|upkeep\n|turn|9\n|\n|t:|1784665504\n|move|p2a: Alakazam|Seismic Toss|p1a: Exeggutor\n|-damage|p1a: Exeggutor|46/100\n|move|p1a: Exeggutor|Explosion|p2a: Alakazam\n|-damage|p2a: Alakazam|0 fnt\n|faint|p2a: Alakazam\n|faint|p1a: Exeggutor\n|inactive|Laroxyl has 270 seconds left.\n|inactive|TheStupe has 270 seconds left.\n|inactive|TheStupe has 240 seconds left.\n|\n|t:|1784665570\n|switch|p2a: Tauros|Tauros|100/100\n|switch|p1a: Snorlax|Snorlax|100/100\n|turn|10\n|inactive|TheStupe has 240 seconds left.\n|inactive|Laroxyl has 270 seconds left.\n|\n|t:|1784665583\n|move|p2a: Tauros|Blizzard|p1a: Snorlax\n|-damage|p1a: Snorlax|80/100\n|move|p1a: Snorlax|Body Slam|p2a: Tauros\n|-damage|p2a: Tauros|70/100\n|\n|upkeep\n|turn|11\n|\n|t:|1784665588\n|switch|p2a: Snorlax|Snorlax|100/100\n|move|p1a: Snorlax|Body Slam|p2a: Snorlax\n|-damage|p2a: Snorlax|74/100\n|\n|upkeep\n|turn|12\n|\n|t:|1784665593\n|move|p2a: Snorlax|Earthquake|p1a: Snorlax\n|-damage|p1a: Snorlax|61/100\n|move|p1a: Snorlax|Reflect|p1a: Snorlax\n|-start|p1a: Snorlax|Reflect\n|\n|upkeep\n|turn|13\n|\n|t:|1784665597\n|move|p1a: Snorlax|Earthquake|p2a: Snorlax\n|-damage|p2a: Snorlax|54/100\n|move|p2a: Snorlax|Counter|p1a: Snorlax\n|-fail|p2a: Snorlax\n|\n|upkeep\n|turn|14\n|inactive|TheStupe has 270 seconds left.\n|inactive|Laroxyl has 270 seconds left.\n|inactive|TheStupe has 240 seconds left.\n|\n|t:|1784665654\n|switch|p2a: Zapdos|Zapdos|100/100\n|move|p1a: Snorlax|Body Slam|p2a: Zapdos\n|-damage|p2a: Zapdos|68/100\n|-status|p2a: Zapdos|par\n|\n|upkeep\n|turn|15\n|inactive|Laroxyl has 240 seconds left.\n|\n|t:|1784665684\n|move|p1a: Snorlax|Body Slam|p2a: Zapdos\n|-damage|p2a: Zapdos|35/100 par\n|move|p2a: Zapdos|Agility|p2a: Zapdos\n|-boost|p2a: Zapdos|spe|2\n|\n|upkeep\n|turn|16\n|inactive|Laroxyl has 240 seconds left.\n|\n|t:|1784665696\n|cant|p2a: Zapdos|par\n|move|p1a: Snorlax|Body Slam|p2a: Zapdos\n|-damage|p2a: Zapdos|5/100 par\n|\n|upkeep\n|turn|17\n|inactive|Laroxyl has 240 seconds left.\n|\n|t:|1784665701\n|move|p2a: Zapdos|Thunderbolt|p1a: Snorlax\n|-damage|p1a: Snorlax|28/100\n|move|p1a: Snorlax|Body Slam|p2a: Zapdos\n|-damage|p2a: Zapdos|0 fnt\n|faint|p2a: Zapdos\n|\n|t:|1784665710\n|switch|p2a: Victreebel|Victreebel|100/100\n|turn|18\n|inactive|TheStupe has 270 seconds left.\n|inactive|Laroxyl has 240 seconds left.\n|inactive|Laroxyl has 210 seconds left.\n|inactive|Laroxyl has 180 seconds left.\n|inactive|Laroxyl has 150 seconds left.\n|inactive|Laroxyl has 120 seconds left.\n|inactive|Laroxyl has 90 seconds left.\n|\n|t:|1784665888\n|switch|p1a: Gengar|Gengar|100/100\n|move|p2a: Victreebel|Wrap|p1a: Gengar\n|-damage|p1a: Gengar|100/100\n|\n|upkeep\n|turn|19\n|inactive|TheStupe has 270 seconds left.\n|\n|t:|1784665908\n|switch|p1a: Starmie|Starmie|100/100\n|move|p2a: Victreebel|Wrap|p1a: Starmie\n|-damage|p1a: Starmie|96/100\n|\n|upkeep\n|turn|20\n|inactive|TheStupe has 270 seconds left.\n|\n|t:|1784665932\n|switch|p1a: Gengar|Gengar|100/100\n|switch|p2a: Snorlax|Snorlax|54/100\n|\n|upkeep\n|turn|21\n|inactive|Laroxyl has 60 seconds left.\n|inactive|Laroxyl has 30 seconds left.\n|inactive|Laroxyl has 20 seconds left.\n|inactive|Laroxyl has 15 seconds left.\n|inactive|Laroxyl has 10 seconds left.\n|\n|t:|1784666008\n|move|p1a: Gengar|Hypnosis|p2a: Snorlax\n|-status|p2a: Snorlax|slp|[from] move: Hypnosis\n|cant|p2a: Snorlax|slp\n|\n|upkeep\n|turn|22\n|inactive|Laroxyl has 20 seconds left this turn.\n|inactive|Laroxyl has 15 seconds left.\n|inactive|Laroxyl has 10 seconds left.\n|\n|t:|1784666022\n|move|p1a: Gengar|Night Shade|p2a: Snorlax\n|-damage|p2a: Snorlax|35/100 slp\n|-curestatus|p2a: Snorlax|slp|[msg]\n|\n|upkeep\n|turn|23\n|inactive|Laroxyl has 20 seconds left this turn.\n|inactive|Laroxyl has 15 seconds left.\n|\n|t:|1784666031\n|move|p1a: Gengar|Thunderbolt|p2a: Snorlax\n|-damage|p2a: Snorlax|12/100\n|move|p2a: Snorlax|Earthquake|p1a: Gengar\n|-supereffective|p1a: Gengar\n|-damage|p1a: Gengar|35/100\n|\n|upkeep\n|turn|24\n|inactive|Laroxyl has 25 seconds left this turn.\n|inactive|Laroxyl has 20 seconds left.\n|inactive|Laroxyl has 15 seconds left.\n|inactive|Laroxyl has 10 seconds left.\n|inactive|Laroxyl has 5 seconds left.\n|\n|t:|1784666052\n|move|p1a: Gengar|Night Shade|p2a: Snorlax\n|-damage|p2a: Snorlax|0 fnt\n|faint|p2a: Snorlax\n|\n|t:|1784666053\n|switch|p2a: Tauros|Tauros|70/100\n|turn|25\n|inactive|Laroxyl has 20 seconds left this turn.\n|inactive|Laroxyl has 15 seconds left.\n|inactive|Laroxyl has 10 seconds left.\n|\n|t:|1784666069\n|switch|p1a: Snorlax|Snorlax|28/100\n|move|p2a: Tauros|Earthquake|p1a: Snorlax\n|-crit|p1a: Snorlax\n|-damage|p1a: Snorlax|0 fnt\n|faint|p1a: Snorlax\n|inactive|Laroxyl has 15 seconds left this turn.\n|inactive|Laroxyl has 10 seconds left.\n|\n|t:|1784666078\n|switch|p1a: Starmie|Starmie|96/100\n|turn|26\n|inactive|Laroxyl has 20 seconds left this turn.\n|inactive|TheStupe has 270 seconds left.\n|\n|t:|1784666114\n|switch|p2a: Victreebel|Victreebel|100/100\n|move|p1a: Starmie|Thunder Wave|p2a: Victreebel\n|-status|p2a: Victreebel|par\n|\n|upkeep\n|turn|27\n|inactive|Laroxyl has 30 seconds left this turn.\n|inactive|TheStupe has 270 seconds left.\n|inactive|Laroxyl has 20 seconds left.\n|inactive|Laroxyl has 15 seconds left.\n|inactive|Laroxyl has 10 seconds left.\n|\n|t:|1784666137\n|switch|p1a: Chansey|Chansey|42/100 par\n|move|p2a: Victreebel|Razor Leaf|p1a: Chansey\n|-crit|p1a: Chansey\n|-damage|p1a: Chansey|26/100 par\n|\n|upkeep\n|turn|28\n|inactive|Laroxyl has 20 seconds left this turn.\n|inactive|Laroxyl has 15 seconds left.\n|inactive|Laroxyl has 10 seconds left.\n|\n|t:|1784666151\n|move|p2a: Victreebel|Wrap|p1a: Chansey\n|-damage|p1a: Chansey|21/100 par\n|cant|p1a: Chansey|partiallytrapped\n|\n|upkeep\n|turn|29\n|inactive|Laroxyl has 20 seconds left this turn.\n|\n|t:|1784666159\n|switch|p1a: Gengar|Gengar|35/100\n|move|p2a: Victreebel|Wrap|p1a: Gengar|[miss]\n|-miss|p2a: Victreebel\n|\n|upkeep\n|turn|30\n|inactive|Laroxyl has 30 seconds left this turn.\n|inactive|Laroxyl has 20 seconds left.\n|inactive|Laroxyl has 15 seconds left.\n|inactive|Laroxyl has 10 seconds left.\n|\n|t:|1784666185\n|move|p1a: Gengar|Explosion|p2a: Victreebel\n|-damage|p2a: Victreebel|33/100 par\n|faint|p1a: Gengar\n|inactive|Laroxyl has 15 seconds left this turn.\n|\n|t:|1784666189\n|switch|p1a: Starmie|Starmie|96/100\n|turn|31\n|inactive|Laroxyl has 25 seconds left this turn.\n|\n|t:|1784666195\n|move|p1a: Starmie|Psychic|p2a: Victreebel\n|-supereffective|p2a: Victreebel\n|-damage|p2a: Victreebel|0 fnt\n|faint|p2a: Victreebel\n|\n|t:|1784666196\n|switch|p2a: Slowbro|Slowbro|100/100\n|turn|32\n|\n|t:|1784666209\n|move|p1a: Starmie|Thunder Wave|p2a: Slowbro\n|-status|p2a: Slowbro|par\n|cant|p2a: Slowbro|par\n|\n|upkeep\n|turn|33\n|\n|t:|1784666219\n|switch|p1a: Tauros|Tauros|100/100\n|move|p2a: Slowbro|Amnesia|p2a: Slowbro\n|-boost|p2a: Slowbro|spa|2\n|-boost|p2a: Slowbro|spd|2\n|\n|upkeep\n|turn|34\n|\n|t:|1784666223\n|move|p1a: Tauros|Body Slam|p2a: Slowbro\n|-crit|p2a: Slowbro\n|-damage|p2a: Slowbro|56/100 par\n|move|p2a: Slowbro|Surf|p1a: Tauros\n|-damage|p1a: Tauros|33/100\n|\n|upkeep\n|turn|35\n|inactive|TheStupe has 270 seconds left.\n|\n|t:|1784666256\n|move|p1a: Tauros|Hyper Beam|p2a: Slowbro\n|-damage|p2a: Slowbro|11/100 par\n|-mustrecharge|p1a: Tauros\n|move|p2a: Slowbro|Surf|p1a: Tauros\n|-damage|p1a: Tauros|0 fnt\n|faint|p1a: Tauros\n|\n|t:|1784666267\n|switch|p1a: Chansey|Chansey|21/100 par\n|turn|36\n|inactive|TheStupe has 270 seconds left.\n|\n|t:|1784666285\n|move|p1a: Chansey|Thunderbolt|p2a: Slowbro\n|-supereffective|p2a: Slowbro\n|-damage|p2a: Slowbro|0 fnt\n|faint|p2a: Slowbro\n|\n|t:|1784666286\n|switch|p2a: Tauros|Tauros|70/100\n|turn|37\n|\n|t:|1784666289\n|move|p2a: Tauros|Body Slam|p1a: Chansey\n|-damage|p1a: Chansey|0 fnt\n|faint|p1a: Chansey\n|\n|t:|1784666291\n|switch|p1a: Starmie|Starmie|96/100\n|turn|38\n|\n|t:|1784666296\n|move|p1a: Starmie|Thunder Wave|p2a: Tauros\n|-status|p2a: Tauros|par\n|move|p2a: Tauros|Body Slam|p1a: Starmie\n|-damage|p1a: Starmie|62/100\n|\n|upkeep\n|turn|39\n|\n|t:|1784666305\n|move|p1a: Starmie|Recover|p1a: Starmie\n|-heal|p1a: Starmie|100/100\n|move|p2a: Tauros|Body Slam|p1a: Starmie\n|-damage|p1a: Starmie|65/100\n|\n|upkeep\n|turn|40\n|\n|t:|1784666327\n|move|p1a: Starmie|Psychic|p2a: Tauros\n|-damage|p2a: Tauros|30/100 par\n|-unboost|p2a: Tauros|spa|1\n|-unboost|p2a: Tauros|spd|1\n|cant|p2a: Tauros|par\n|\n|upkeep\n|turn|41\n|c|☆TheStupe|ggs\n|\n|t:|1784666332\n|move|p1a: Starmie|Psychic|p2a: Tauros\n|-damage|p2a: Tauros|0 fnt\n|faint|p2a: Tauros\n|\n|win|Laroxyl\n|c|☆Laroxyl|ggs\n","uploadtime":1784666332,"views":"68","formatid":"gen1ou","rating":null,"private":0,"password":null}