{"id":"smogtours-gen1ou-960616","format":"[Gen 1] OU","players":["violet river","TheStupe"],"log":"|inactive|Battle timer is ON: inactive players will automatically lose when time's up.\n|t:|1785546661\n|gametype|singles\n|player|p1|violet river|#advplvi|\n|player|p2|TheStupe|psychicf-gen4|\n|gen|1\n|tier|[Gen 1] OU\n|rule|Desync Clause Mod: Desyncs resolve to link battle behavior from the acting player's perspective.\n|rule|HP Percentage Mod: HP is shown in percentages\n|rule|Endless Battle Clause: Forcing endless battles is banned\n|rule|Sleep Clause Mod: Limit one foe put to sleep\n|rule|Freeze Clause Mod: Limit one foe frozen\n|rule|Species Clause: Limit one of each Pokémon\n|rule|OHKO Clause: OHKO moves are banned\n|rule|Evasion Moves Clause: Evasion moves are banned\n|\n|t:|1785546661\n|teamsize|p1|6\n|teamsize|p2|6\n|start\n|switch|p1a: Chansey|Chansey|100/100\n|switch|p2a: Jynx|Jynx|100/100\n|turn|1\n|c|☆TheStupe|hf\n|c|☆violet river|==\n|\n|t:|1785546671\n|move|p2a: Jynx|Lovely Kiss|p1a: Chansey|[miss]\n|-miss|p2a: Jynx\n|move|p1a: Chansey|Sing|p2a: Jynx\n|-status|p2a: Jynx|slp|[from] move: Sing\n|\n|upkeep\n|turn|2\n|\n|t:|1785546678\n|switch|p1a: Tauros|Tauros|100/100\n|cant|p2a: Jynx|slp\n|\n|upkeep\n|turn|3\n|\n|t:|1785546680\n|switch|p2a: Snorlax|Snorlax|100/100\n|move|p1a: Tauros|Body Slam|p2a: Snorlax\n|-damage|p2a: Snorlax|78/100\n|\n|upkeep\n|turn|4\n|\n|t:|1785546687\n|move|p1a: Tauros|Body Slam|p2a: Snorlax\n|-damage|p2a: Snorlax|54/100\n|move|p2a: Snorlax|Body Slam|p1a: Tauros\n|-damage|p1a: Tauros|69/100\n|\n|upkeep\n|turn|5\n|\n|t:|1785546693\n|switch|p1a: Rhydon|Rhydon|100/100\n|move|p2a: Snorlax|Counter|p1a: Rhydon\n|-damage|p1a: Rhydon|46/100\n|\n|upkeep\n|turn|6\n|\n|t:|1785546697\n|switch|p2a: Exeggutor|Exeggutor|100/100\n|move|p1a: Rhydon|Earthquake|p2a: Exeggutor\n|-resisted|p2a: Exeggutor\n|-damage|p2a: Exeggutor|80/100\n|\n|upkeep\n|turn|7\n|\n|t:|1785546716\n|switch|p1a: Exeggutor|Exeggutor|100/100\n|move|p2a: Exeggutor|Sleep Powder|p1a: Exeggutor\n|-status|p1a: Exeggutor|slp|[from] move: Sleep Powder\n|\n|upkeep\n|turn|8\n|\n|t:|1785546722\n|switch|p2a: Tauros|Tauros|100/100\n|switch|p1a: Chansey|Chansey|100/100\n|\n|upkeep\n|turn|9\n|\n|t:|1785546726\n|switch|p2a: Jynx|Jynx|100/100 slp\n|move|p1a: Chansey|Thunder Wave|p2a: Jynx\n|-fail|p2a: Jynx\n|\n|upkeep\n|turn|10\n|\n|t:|1785546730\n|cant|p2a: Jynx|slp\n|move|p1a: Chansey|Seismic Toss|p2a: Jynx\n|-damage|p2a: Jynx|70/100 slp\n|\n|upkeep\n|turn|11\n|\n|t:|1785546751\n|cant|p2a: Jynx|slp\n|move|p1a: Chansey|Seismic Toss|p2a: Jynx\n|-damage|p2a: Jynx|40/100 slp\n|\n|upkeep\n|turn|12\n|\n|t:|1785546766\n|switch|p2a: Gengar|Gengar|100/100\n|move|p1a: Chansey|Seismic Toss|p2a: Gengar\n|-damage|p2a: Gengar|70/100\n|\n|upkeep\n|turn|13\n|\n|t:|1785546775\n|switch|p1a: Exeggutor|Exeggutor|100/100 slp\n|move|p2a: Gengar|Explosion|p1a: Exeggutor\n|-damage|p1a: Exeggutor|47/100 slp\n|faint|p2a: Gengar\n|\n|t:|1785546778\n|switch|p2a: Tauros|Tauros|100/100\n|turn|14\n|\n|t:|1785546786\n|switch|p1a: Starmie|Starmie|100/100\n|move|p2a: Tauros|Body Slam|p1a: Starmie\n|-damage|p1a: Starmie|66/100\n|\n|upkeep\n|turn|15\n|inactive|TheStupe has 270 seconds left.\n|\n|t:|1785546826\n|switch|p2a: Exeggutor|Exeggutor|80/100\n|move|p1a: Starmie|Thunder Wave|p2a: Exeggutor\n|-status|p2a: Exeggutor|par\n|\n|upkeep\n|turn|16\n|\n|t:|1785546833\n|switch|p1a: Chansey|Chansey|100/100\n|move|p2a: Exeggutor|Stun Spore|p1a: Chansey\n|-status|p1a: Chansey|par\n|\n|upkeep\n|turn|17\n|\n|t:|1785546847\n|switch|p2a: Snorlax|Snorlax|54/100\n|move|p1a: Chansey|Seismic Toss|p2a: Snorlax\n|-damage|p2a: Snorlax|35/100\n|\n|upkeep\n|turn|18\n|\n|t:|1785546856\n|switch|p1a: Exeggutor|Exeggutor|47/100 slp\n|move|p2a: Snorlax|Body Slam|p1a: Exeggutor\n|-damage|p1a: Exeggutor|19/100 slp\n|\n|upkeep\n|turn|19\n|\n|t:|1785546862\n|switch|p2a: Tauros|Tauros|100/100\n|cant|p1a: Exeggutor|slp\n|\n|upkeep\n|turn|20\n|\n|t:|1785546874\n|move|p2a: Tauros|Body Slam|p1a: Exeggutor\n|-damage|p1a: Exeggutor|0 fnt\n|faint|p1a: Exeggutor\n|\n|t:|1785546875\n|switch|p1a: Snorlax|Snorlax|100/100\n|turn|21\n|inactive|TheStupe has 270 seconds left.\n|\n|t:|1785546907\n|move|p2a: Tauros|Body Slam|p1a: Snorlax\n|-crit|p1a: Snorlax\n|-damage|p1a: Snorlax|48/100\n|move|p1a: Snorlax|Body Slam|p2a: Tauros\n|-damage|p2a: Tauros|69/100\n|\n|upkeep\n|turn|22\n|\n|t:|1785546913\n|move|p2a: Tauros|Body Slam|p1a: Snorlax\n|-damage|p1a: Snorlax|22/100\n|move|p1a: Snorlax|Hyper Beam|p2a: Tauros|[miss]\n|-miss|p1a: Snorlax\n|\n|upkeep\n|turn|23\n|c|☆TheStupe|sry\n|\n|t:|1785546922\n|move|p2a: Tauros|Body Slam|p1a: Snorlax\n|-damage|p1a: Snorlax|0 fnt\n|faint|p1a: Snorlax\n|\n|t:|1785546923\n|switch|p1a: Starmie|Starmie|66/100\n|turn|24\n|\n|t:|1785546929\n|switch|p2a: Exeggutor|Exeggutor|80/100 par\n|move|p1a: Starmie|Recover|p1a: Starmie\n|-heal|p1a: Starmie|100/100\n|\n|upkeep\n|turn|25\n|\n|t:|1785546937\n|switch|p1a: Chansey|Chansey|100/100 par\n|move|p2a: Exeggutor|Psychic|p1a: Chansey\n|-damage|p1a: Chansey|83/100 par\n|\n|upkeep\n|turn|26\n|\n|t:|1785546941\n|switch|p2a: Snorlax|Snorlax|35/100\n|move|p1a: Chansey|Seismic Toss|p2a: Snorlax\n|-damage|p2a: Snorlax|16/100\n|\n|upkeep\n|turn|27\n|\n|t:|1785546951\n|switch|p1a: Tauros|Tauros|69/100\n|move|p2a: Snorlax|Earthquake|p1a: Tauros\n|-damage|p1a: Tauros|43/100\n|\n|upkeep\n|turn|28\n|\n|t:|1785546956\n|switch|p2a: Jynx|Jynx|40/100 slp\n|move|p1a: Tauros|Body Slam|p2a: Jynx\n|-damage|p2a: Jynx|0 fnt\n|faint|p2a: Jynx\n|inactive|TheStupe has 270 seconds left.\n|\n|t:|1785547002\n|switch|p2a: Exeggutor|Exeggutor|80/100 par\n|turn|29\n|\n|t:|1785547007\n|switch|p1a: Chansey|Chansey|83/100 par\n|move|p2a: Exeggutor|Psychic|p1a: Chansey\n|-damage|p1a: Chansey|66/100 par\n|-unboost|p1a: Chansey|spa|1\n|-unboost|p1a: Chansey|spd|1\n|\n|upkeep\n|turn|30\n|inactive|TheStupe has 270 seconds left.\n|\n|t:|1785547040\n|move|p2a: Exeggutor|Psychic|p1a: Chansey\n|-damage|p1a: Chansey|37/100 par\n|move|p1a: Chansey|Seismic Toss|p2a: Exeggutor\n|-damage|p2a: Exeggutor|55/100 par\n|\n|upkeep\n|turn|31\n|\n|t:|1785547047\n|move|p2a: Exeggutor|Explosion|p1a: Chansey\n|-damage|p1a: Chansey|0 fnt\n|faint|p1a: Chansey\n|faint|p2a: Exeggutor\n|\n|t:|1785547056\n|switch|p2a: Starmie|Starmie|100/100\n|switch|p1a: Rhydon|Rhydon|46/100\n|turn|32\n|\n|t:|1785547060\n|switch|p1a: Starmie|Starmie|100/100\n|move|p2a: Starmie|Surf|p1a: Starmie\n|-resisted|p1a: Starmie\n|-damage|p1a: Starmie|83/100\n|\n|upkeep\n|turn|33\n|inactive|TheStupe has 270 seconds left.\n|\n|t:|1785547066\n|move|p2a: Starmie|Thunder Wave|p1a: Starmie\n|-status|p1a: Starmie|par\n|move|p1a: Starmie|Thunder Wave|p2a: Starmie\n|-status|p2a: Starmie|par\n|\n|upkeep\n|turn|34\n|\n|t:|1785547069\n|switch|p1a: Rhydon|Rhydon|46/100\n|move|p2a: Starmie|Thunderbolt|p1a: Rhydon\n|-immune|p1a: Rhydon\n|\n|upkeep\n|turn|35\n|\n|t:|1785547085\n|move|p1a: Rhydon|Substitute|p1a: Rhydon\n|-start|p1a: Rhydon|Substitute\n|-damage|p1a: Rhydon|21/100\n|move|p2a: Starmie|Surf|p1a: Rhydon\n|-supereffective|p1a: Rhydon\n|-end|p1a: Rhydon|Substitute\n|\n|upkeep\n|turn|36\n|inactive|TheStupe has 270 seconds left.\n|\n|t:|1785547122\n|switch|p2a: Snorlax|Snorlax|16/100\n|move|p1a: Rhydon|Earthquake|p2a: Snorlax\n|-crit|p2a: Snorlax\n|-damage|p2a: Snorlax|0 fnt\n|faint|p2a: Snorlax\n|\n|t:|1785547123\n|switch|p2a: Tauros|Tauros|69/100\n|turn|37\n|\n|t:|1785547132\n|move|p2a: Tauros|Body Slam|p1a: Rhydon\n|-crit|p1a: Rhydon\n|-resisted|p1a: Rhydon\n|-damage|p1a: Rhydon|1/100\n|move|p1a: Rhydon|Earthquake|p2a: Tauros\n|-crit|p2a: Tauros\n|-damage|p2a: Tauros|0 fnt\n|faint|p2a: Tauros\n|\n|t:|1785547134\n|switch|p2a: Starmie|Starmie|100/100 par\n|turn|38\n|\n|t:|1785547136\n|move|p1a: Rhydon|Earthquake|p2a: Starmie\n|-damage|p2a: Starmie|54/100 par\n|move|p2a: Starmie|Surf|p1a: Rhydon\n|-crit|p1a: Rhydon\n|-supereffective|p1a: Rhydon\n|-damage|p1a: Rhydon|0 fnt\n|faint|p1a: Rhydon\n|\n|t:|1785547141\n|switch|p1a: Tauros|Tauros|43/100\n|turn|39\n|\n|t:|1785547146\n|move|p1a: Tauros|Hyper Beam|p2a: Starmie\n|-damage|p2a: Starmie|0 fnt\n|faint|p2a: Starmie\n|\n|win|violet river\n|c|☆TheStupe|gg\n|c|☆violet river|gg\n|player|p1|\n","uploadtime":1785547146,"views":"70","formatid":"gen1ou","rating":null,"private":0,"password":null}