{"id":"smogtours-gen1ou-821270","format":"[Gen 1] OU","players":["Luispeikou","chuva de perereca"],"log":"|inactive|Battle timer is ON: inactive players will automatically lose when time's up.\n|t:|1740241149\n|gametype|singles\n|player|p1|Luispeikou|#splxvityrants2|\n|player|p2|chuva de perereca|lyra|\n|teamsize|p1|6\n|teamsize|p2|6\n|gen|1\n|tier|[Gen 1] OU\n|rule|Desync Clause Mod: Desyncs changed to move failure.\n|rule|Sleep Clause Mod: Limit one foe put to sleep\n|rule|Freeze Clause Mod: Limit one foe frozen\n|rule|Species Clause: Limit one of each Pokémon\n|rule|OHKO Clause: OHKO moves are banned\n|rule|Evasion Moves Clause: Evasion moves are banned\n|rule|Endless Battle Clause: Forcing endless battles is banned\n|rule|HP Percentage Mod: HP is shown in percentages\n|\n|t:|1740241149\n|start\n|switch|p1a: Starmie|Starmie|100/100\n|switch|p2a: Jynx|Jynx|100/100\n|turn|1\n|inactive|Luispeikou also wants the timer to be on.\n|c|☆chuva de perereca|hf\n|c|☆Luispeikou|hf\n|\n|t:|1740241166\n|switch|p2a: Chansey|Chansey|100/100\n|move|p1a: Starmie|Thunder Wave|p2a: Chansey\n|-status|p2a: Chansey|par\n|\n|upkeep\n|turn|2\n|\n|t:|1740241170\n|switch|p1a: Snorlax|Snorlax|100/100\n|cant|p2a: Chansey|par\n|\n|upkeep\n|turn|3\n|\n|t:|1740241175\n|switch|p2a: Snorlax|Snorlax|100/100\n|move|p1a: Snorlax|Body Slam|p2a: Snorlax\n|-damage|p2a: Snorlax|73/100\n|\n|upkeep\n|turn|4\n|\n|t:|1740241182\n|switch|p1a: Exeggutor|Exeggutor|100/100\n|move|p2a: Snorlax|Reflect|p2a: Snorlax\n|-start|p2a: Snorlax|Reflect\n|\n|upkeep\n|turn|5\n|\n|t:|1740241186\n|switch|p1a: Snorlax|Snorlax|100/100\n|switch|p2a: Chansey|Chansey|100/100 par\n|\n|upkeep\n|turn|6\n|\n|t:|1740241188\n|switch|p2a: Snorlax|Snorlax|73/100\n|move|p1a: Snorlax|Body Slam|p2a: Snorlax\n|-damage|p2a: Snorlax|48/100\n|\n|upkeep\n|turn|7\n|\n|t:|1740241192\n|switch|p1a: Exeggutor|Exeggutor|100/100\n|move|p2a: Snorlax|Self-Destruct|p1a: Exeggutor\n|-damage|p1a: Exeggutor|12/100\n|faint|p2a: Snorlax\n|\n|t:|1740241201\n|switch|p2a: Tauros|Tauros|100/100\n|turn|8\n|\n|t:|1740241206\n|switch|p1a: Snorlax|Snorlax|100/100\n|move|p2a: Tauros|Body Slam|p1a: Snorlax\n|-damage|p1a: Snorlax|74/100\n|\n|upkeep\n|turn|9\n|\n|t:|1740241210\n|move|p2a: Tauros|Body Slam|p1a: Snorlax\n|-damage|p1a: Snorlax|51/100\n|move|p1a: Snorlax|Body Slam|p2a: Tauros\n|-damage|p2a: Tauros|67/100\n|\n|upkeep\n|turn|10\n|\n|t:|1740241216\n|move|p2a: Tauros|Body Slam|p1a: Snorlax\n|-crit|p1a: Snorlax\n|-damage|p1a: Snorlax|3/100\n|move|p1a: Snorlax|Self-Destruct|p2a: Tauros\n|-damage|p2a: Tauros|0 fnt\n|faint|p2a: Tauros\n|faint|p1a: Snorlax\n|\n|t:|1740241230\n|switch|p2a: Exeggutor|Exeggutor|100/100\n|switch|p1a: Starmie|Starmie|100/100\n|turn|11\n|\n|t:|1740241238\n|switch|p1a: Exeggutor|Exeggutor|12/100\n|switch|p2a: Chansey|Chansey|100/100 par\n|\n|upkeep\n|turn|12\n|\n|t:|1740241247\n|switch|p2a: Jynx|Jynx|100/100\n|move|p1a: Exeggutor|Rest|p1a: Exeggutor\n|-status|p1a: Exeggutor|slp|[from] move: Rest\n|-heal|p1a: Exeggutor|100/100 slp|[silent]\n|\n|upkeep\n|turn|13\n|\n|t:|1740241253\n|switch|p1a: Starmie|Starmie|100/100\n|move|p2a: Jynx|Lovely Kiss|p1a: Starmie\n|-status|p1a: Starmie|slp|[from] move: Lovely Kiss\n|\n|upkeep\n|turn|14\n|\n|t:|1740241257\n|cant|p1a: Starmie|slp\n|move|p2a: Jynx|Blizzard|p1a: Starmie\n|-resisted|p1a: Starmie\n|-damage|p1a: Starmie|80/100 slp\n|\n|upkeep\n|turn|15\n|\n|t:|1740241260\n|cant|p1a: Starmie|slp\n|move|p2a: Jynx|Blizzard|p1a: Starmie\n|-resisted|p1a: Starmie\n|-damage|p1a: Starmie|60/100 slp\n|\n|upkeep\n|turn|16\n|\n|t:|1740241263\n|cant|p1a: Starmie|slp\n|move|p2a: Jynx|Blizzard|p1a: Starmie\n|-resisted|p1a: Starmie\n|-damage|p1a: Starmie|40/100 slp\n|\n|upkeep\n|turn|17\n|\n|t:|1740241266\n|cant|p1a: Starmie|slp\n|move|p2a: Jynx|Blizzard|p1a: Starmie\n|-resisted|p1a: Starmie\n|-damage|p1a: Starmie|20/100 slp\n|\n|upkeep\n|turn|18\n|\n|t:|1740241270\n|switch|p1a: Chansey|Chansey|100/100\n|move|p2a: Jynx|Blizzard|p1a: Chansey\n|-damage|p1a: Chansey|81/100\n|\n|upkeep\n|turn|19\n|\n|t:|1740241274\n|switch|p2a: Chansey|Chansey|100/100 par\n|move|p1a: Chansey|Thunder Wave|p2a: Chansey\n|-fail|p2a: Chansey|par\n|\n|upkeep\n|turn|20\n|\n|t:|1740241278\n|switch|p1a: Tauros|Tauros|100/100\n|move|p2a: Chansey|Ice Beam|p1a: Tauros\n|-damage|p1a: Tauros|72/100\n|\n|upkeep\n|turn|21\n|\n|t:|1740241282\n|move|p1a: Tauros|Body Slam|p2a: Chansey\n|-damage|p2a: Chansey|61/100 par\n|cant|p2a: Chansey|par\n|\n|upkeep\n|turn|22\n|\n|t:|1740241286\n|switch|p2a: Exeggutor|Exeggutor|100/100\n|move|p1a: Tauros|Body Slam|p2a: Exeggutor\n|-damage|p2a: Exeggutor|71/100\n|\n|upkeep\n|turn|23\n|\n|t:|1740241295\n|move|p1a: Tauros|Body Slam|p2a: Exeggutor\n|-damage|p2a: Exeggutor|42/100\n|move|p2a: Exeggutor|Psychic|p1a: Tauros\n|-damage|p1a: Tauros|29/100\n|\n|upkeep\n|turn|24\n|\n|t:|1740241305\n|switch|p2a: Articuno|Articuno|100/100\n|move|p1a: Tauros|Hyper Beam|p2a: Articuno\n|-damage|p2a: Articuno|57/100\n|-mustrecharge|p1a: Tauros\n|\n|upkeep\n|turn|25\n|\n|t:|1740241310\n|cant|p1a: Tauros|recharge\n|move|p2a: Articuno|Ice Beam|p1a: Tauros\n|-crit|p1a: Tauros\n|-damage|p1a: Tauros|0 fnt\n|faint|p1a: Tauros\n|inactive|Luispeikou has 270 seconds left.\n|\n|t:|1740241347\n|switch|p1a: Chansey|Chansey|81/100\n|turn|26\n|\n|t:|1740241354\n|switch|p2a: Chansey|Chansey|61/100 par\n|move|p1a: Chansey|Seismic Toss|p2a: Chansey\n|-damage|p2a: Chansey|47/100 par\n|\n|upkeep\n|turn|27\n|\n|t:|1740241359\n|switch|p1a: Rhydon|Rhydon|100/100\n|move|p2a: Chansey|Ice Beam|p1a: Rhydon\n|-supereffective|p1a: Rhydon\n|-damage|p1a: Rhydon|38/100\n|\n|upkeep\n|turn|28\n|\n|t:|1740241369\n|switch|p2a: Jynx|Jynx|100/100\n|move|p1a: Rhydon|Body Slam|p2a: Jynx\n|-crit|p2a: Jynx\n|-damage|p2a: Jynx|21/100\n|\n|upkeep\n|turn|29\n|\n|t:|1740241379\n|switch|p2a: Chansey|Chansey|47/100 par\n|switch|p1a: Chansey|Chansey|81/100\n|\n|upkeep\n|turn|30\n|inactive|Luispeikou has 270 seconds left.\n|\n|t:|1740241431\n|switch|p1a: Rhydon|Rhydon|38/100\n|move|p2a: Chansey|Ice Beam|p1a: Rhydon\n|-supereffective|p1a: Rhydon\n|-damage|p1a: Rhydon|0 fnt\n|faint|p1a: Rhydon\n|\n|t:|1740241438\n|switch|p1a: Exeggutor|Exeggutor|100/100 slp\n|turn|31\n|\n|t:|1740241444\n|cant|p1a: Exeggutor|slp\n|move|p2a: Chansey|Ice Beam|p1a: Exeggutor\n|-supereffective|p1a: Exeggutor\n|-damage|p1a: Exeggutor|67/100 slp\n|\n|upkeep\n|turn|32\n|\n|t:|1740241450\n|-curestatus|p1a: Exeggutor|slp|[msg]\n|move|p2a: Chansey|Ice Beam|p1a: Exeggutor\n|-supereffective|p1a: Exeggutor\n|-damage|p1a: Exeggutor|31/100\n|\n|upkeep\n|turn|33\n|\n|t:|1740241453\n|move|p1a: Exeggutor|Psychic|p2a: Chansey|[miss]\n|-miss|p1a: Exeggutor\n|-hint|In Gen 1, moves with 100% accuracy can still miss 1/256 of the time.\n|move|p2a: Chansey|Ice Beam|p1a: Exeggutor\n|-supereffective|p1a: Exeggutor\n|-damage|p1a: Exeggutor|0 fnt\n|faint|p1a: Exeggutor\n|c|☆Luispeikou|ggs\n|c|☆chuva de perereca|ggs\n|-message|Luispeikou forfeited.\n|\n|win|chuva de perereca\n","uploadtime":1740241462,"views":"1599","formatid":"gen1ou","rating":null,"private":0,"password":null}