{"id":"smogtours-gen1ou-922875","format":"[Gen 1] OU","players":["Sceptross","BeeOrSomething"],"log":"|inactive|Battle timer is ON: inactive players will automatically lose when time's up.\n|t:|1775311825\n|gametype|singles\n|player|p1|Sceptross|#splxviicryonicles2|\n|player|p2|BeeOrSomething|#beeorsomething|\n|gen|1\n|tier|[Gen 1] OU\n|rule|Desync Clause Mod: Desyncs changed to move failure.\n|rule|HP Percentage Mod: HP is shown in percentages\n|rule|Endless Battle Clause: Forcing endless battles is banned\n|rule|Sleep Clause Mod: Limit one foe put to sleep\n|rule|Freeze Clause Mod: Limit one foe frozen\n|rule|Species Clause: Limit one of each Pokémon\n|rule|OHKO Clause: OHKO moves are banned\n|rule|Evasion Moves Clause: Evasion moves are banned\n|\n|t:|1775311825\n|teamsize|p1|6\n|teamsize|p2|6\n|start\n|switch|p1a: Starmie|Starmie|100/100\n|switch|p2a: Oblivion|Jynx|100/100\n|turn|1\n|c|☆BeeOrSomething|glhf\n|c|☆Sceptross|gl hf\n|rated|Smogon Premier League\n|inactive|Sceptross has 270 seconds left.\n|\n|t:|1775311864\n|move|p1a: Starmie|Thunder Wave|p2a: Oblivion\n|-status|p2a: Oblivion|par\n|move|p2a: Oblivion|Lovely Kiss|p1a: Starmie\n|-status|p1a: Starmie|slp|[from] move: Lovely Kiss\n|\n|upkeep\n|turn|2\n|\n|t:|1775311877\n|switch|p1a: Chansey|Chansey|100/100\n|move|p2a: Oblivion|Blizzard|p1a: Chansey\n|-crit|p1a: Chansey\n|-damage|p1a: Chansey|61/100\n|\n|upkeep\n|turn|3\n|\n|t:|1775311894\n|move|p1a: Chansey|Seismic Toss|p2a: Oblivion\n|-damage|p2a: Oblivion|70/100 par\n|cant|p2a: Oblivion|par\n|\n|upkeep\n|turn|4\n|inactive|Sceptross has 270 seconds left.\n|inactive|BeeOrSomething has 270 seconds left.\n|\n|t:|1775311941\n|move|p1a: Chansey|Seismic Toss|p2a: Oblivion\n|-damage|p2a: Oblivion|40/100 par\n|move|p2a: Oblivion|Blizzard|p1a: Chansey\n|-damage|p1a: Chansey|42/100\n|\n|upkeep\n|turn|5\n|inactive|BeeOrSomething has 270 seconds left.\n|\n|t:|1775311976\n|move|p1a: Chansey|Soft-Boiled|p1a: Chansey\n|-heal|p1a: Chansey|92/100\n|move|p2a: Oblivion|Rest|p2a: Oblivion\n|-status|p2a: Oblivion|slp|[from] move: Rest\n|-heal|p2a: Oblivion|100/100 slp|[silent]\n|\n|upkeep\n|turn|6\n|\n|t:|1775311987\n|move|p1a: Chansey|Seismic Toss|p2a: Oblivion\n|-damage|p2a: Oblivion|70/100 slp\n|cant|p2a: Oblivion|slp\n|\n|upkeep\n|turn|7\n|\n|t:|1775311994\n|switch|p2a: Grave Warden|Chansey|100/100\n|move|p1a: Chansey|Seismic Toss|p2a: Grave Warden\n|-damage|p2a: Grave Warden|86/100\n|\n|upkeep\n|turn|8\n|\n|t:|1775312002\n|switch|p2a: Oblivion|Jynx|70/100 slp\n|move|p1a: Chansey|Sing|p2a: Oblivion|[miss]\n|-miss|p1a: Chansey\n|\n|upkeep\n|turn|9\n|\n|t:|1775312020\n|-curestatus|p2a: Oblivion|slp|[msg]\n|move|p1a: Chansey|Seismic Toss|p2a: Oblivion\n|-damage|p2a: Oblivion|40/100\n|\n|upkeep\n|turn|10\n|inactive|BeeOrSomething has 240 seconds left.\n|\n|t:|1775312058\n|move|p2a: Oblivion|Blizzard|p1a: Chansey\n|-damage|p1a: Chansey|74/100\n|move|p1a: Chansey|Seismic Toss|p2a: Oblivion\n|-damage|p2a: Oblivion|10/100\n|\n|upkeep\n|turn|11\n|\n|t:|1775312086\n|switch|p1a: Tauros|Tauros|100/100\n|move|p2a: Oblivion|Rest|p2a: Oblivion\n|-status|p2a: Oblivion|slp|[from] move: Rest\n|-heal|p2a: Oblivion|100/100 slp|[silent]\n|\n|upkeep\n|turn|12\n|\n|t:|1775312095\n|switch|p2a: No Escape|Starmie|100/100\n|move|p1a: Tauros|Body Slam|p2a: No Escape\n|-damage|p2a: No Escape|69/100\n|\n|upkeep\n|turn|13\n|\n|t:|1775312111\n|switch|p1a: Chansey|Chansey|74/100\n|move|p2a: No Escape|Thunder Wave|p1a: Chansey\n|-status|p1a: Chansey|par\n|\n|upkeep\n|turn|14\n|\n|t:|1775312124\n|move|p2a: No Escape|Recover|p2a: No Escape\n|-heal|p2a: No Escape|100/100\n|move|p1a: Chansey|Sing|p2a: No Escape\n|-status|p2a: No Escape|slp|[from] move: Sing\n|\n|upkeep\n|turn|15\n|\n|t:|1775312138\n|switch|p2a: Countdown|Snorlax|100/100\n|switch|p1a: Tauros|Tauros|100/100\n|\n|upkeep\n|turn|16\n|inactive|Sceptross has 270 seconds left.\n|\n|t:|1775312160\n|switch|p1a: Snorlax|Snorlax|100/100\n|move|p2a: Countdown|Body Slam|p1a: Snorlax\n|-damage|p1a: Snorlax|73/100\n|\n|upkeep\n|turn|17\n|\n|t:|1775312165\n|move|p2a: Countdown|Body Slam|p1a: Snorlax\n|-damage|p1a: Snorlax|47/100\n|move|p1a: Snorlax|Reflect|p1a: Snorlax\n|-start|p1a: Snorlax|Reflect\n|\n|upkeep\n|turn|18\n|\n|t:|1775312179\n|move|p2a: Countdown|Body Slam|p1a: Snorlax\n|-damage|p1a: Snorlax|33/100\n|move|p1a: Snorlax|Rest|p1a: Snorlax\n|-status|p1a: Snorlax|slp|[from] move: Rest\n|-heal|p1a: Snorlax|100/100 slp|[silent]\n|\n|upkeep\n|turn|19\n|\n|t:|1775312186\n|cant|p1a: Snorlax|slp\n|move|p2a: Countdown|Body Slam|p1a: Snorlax\n|-damage|p1a: Snorlax|87/100 slp\n|\n|upkeep\n|turn|20\n|\n|t:|1775312190\n|switch|p2a: Grave Warden|Chansey|86/100\n|-curestatus|p1a: Snorlax|slp|[msg]\n|\n|upkeep\n|turn|21\n|inactive|Sceptross has 270 seconds left.\n|\n|t:|1775312231\n|switch|p1a: Chansey|Chansey|74/100 par\n|move|p2a: Grave Warden|Ice Beam|p1a: Chansey\n|-damage|p1a: Chansey|63/100 par\n|\n|upkeep\n|turn|22\n|\n|t:|1775312239\n|switch|p2a: End Of Days|Rhydon|100/100\n|move|p1a: Chansey|Thunder Wave|p2a: End Of Days\n|-immune|p2a: End Of Days\n|\n|upkeep\n|turn|23\n|\n|t:|1775312244\n|switch|p1a: Exeggutor|Exeggutor|100/100\n|move|p2a: End Of Days|Body Slam|p1a: Exeggutor\n|-damage|p1a: Exeggutor|79/100\n|\n|upkeep\n|turn|24\n|inactive|Sceptross has 270 seconds left.\n|inactive|BeeOrSomething has 270 seconds left.\n|inactive|Sceptross has 240 seconds left.\n|inactive|Sceptross has 210 seconds left.\n|inactive|Sceptross has 180 seconds left.\n|inactive|Sceptross has 150 seconds left.\n|inactive|Sceptross has 120 seconds left.\n|inactive|Sceptross has 90 seconds left.\n|\n|t:|1775312449\n|switch|p1a: Chansey|Chansey|63/100 par\n|switch|p2a: Grave Warden|Chansey|86/100\n|\n|upkeep\n|turn|25\n|inactive|Sceptross has 90 seconds left.\n|inactive|BeeOrSomething has 270 seconds left.\n|\n|t:|1775312463\n|switch|p2a: Countdown|Snorlax|100/100\n|move|p1a: Chansey|Seismic Toss|p2a: Countdown\n|-damage|p2a: Countdown|81/100\n|\n|upkeep\n|turn|26\n|inactive|BeeOrSomething has 270 seconds left.\n|\n|t:|1775312475\n|switch|p1a: Snorlax|Snorlax|87/100\n|move|p2a: Countdown|Earthquake|p1a: Snorlax\n|-damage|p1a: Snorlax|66/100\n|\n|upkeep\n|turn|27\n|inactive|BeeOrSomething has 270 seconds left.\n|\n|t:|1775312494\n|move|p1a: Snorlax|Reflect|p1a: Snorlax\n|-start|p1a: Snorlax|Reflect\n|move|p2a: Countdown|Body Slam|p1a: Snorlax\n|-damage|p1a: Snorlax|53/100\n|\n|upkeep\n|turn|28\n|inactive|Sceptross has 90 seconds left.\n|inactive|BeeOrSomething has 270 seconds left.\n|inactive|Sceptross has 60 seconds left.\n|inactive|BeeOrSomething has 240 seconds left.\n|\n|t:|1775312569\n|switch|p2a: End Of Days|Rhydon|100/100\n|move|p1a: Snorlax|Rest|p1a: Snorlax\n|-status|p1a: Snorlax|slp|[from] move: Rest\n|-heal|p1a: Snorlax|100/100 slp|[silent]\n|\n|upkeep\n|turn|29\n|\n|t:|1775312574\n|move|p2a: End Of Days|Earthquake|p1a: Snorlax\n|-damage|p1a: Snorlax|83/100 slp\n|cant|p1a: Snorlax|slp\n|\n|upkeep\n|turn|30\n|\n|t:|1775312576\n|move|p2a: End Of Days|Earthquake|p1a: Snorlax\n|-damage|p1a: Snorlax|64/100 slp\n|-curestatus|p1a: Snorlax|slp|[msg]\n|\n|upkeep\n|turn|31\n|\n|t:|1775312581\n|move|p2a: End Of Days|Earthquake|p1a: Snorlax\n|-crit|p1a: Snorlax\n|-damage|p1a: Snorlax|0 fnt\n|faint|p1a: Snorlax\n|\n|t:|1775312594\n|switch|p1a: Tauros|Tauros|100/100\n|turn|32\n|\n|t:|1775312610\n|switch|p2a: Oblivion|Jynx|100/100 slp\n|move|p1a: Tauros|Blizzard|p2a: Oblivion\n|-resisted|p2a: Oblivion\n|-damage|p2a: Oblivion|88/100 slp\n|\n|upkeep\n|turn|33\n|\n|t:|1775312617\n|move|p1a: Tauros|Body Slam|p2a: Oblivion\n|-crit|p2a: Oblivion\n|-damage|p2a: Oblivion|0 fnt\n|faint|p2a: Oblivion\n|\n|t:|1775312624\n|switch|p2a: Countdown|Snorlax|81/100\n|turn|34\n|inactive|Sceptross has 90 seconds left.\n|\n|t:|1775312636\n|move|p1a: Tauros|Body Slam|p2a: Countdown\n|-damage|p2a: Countdown|57/100\n|move|p2a: Countdown|Earthquake|p1a: Tauros\n|-damage|p1a: Tauros|77/100\n|\n|upkeep\n|turn|35\n|inactive|Sceptross has 90 seconds left.\n|inactive|Sceptross has 60 seconds left.\n|\n|t:|1775312692\n|move|p1a: Tauros|Body Slam|p2a: Countdown\n|-crit|p2a: Countdown\n|-damage|p2a: Countdown|12/100\n|move|p2a: Countdown|Body Slam|p1a: Tauros\n|-damage|p1a: Tauros|44/100\n|\n|upkeep\n|turn|36\n|\n|t:|1775312699\n|move|p1a: Tauros|Body Slam|p2a: Countdown\n|-damage|p2a: Countdown|0 fnt\n|faint|p2a: Countdown\n|\n|t:|1775312700\n|switch|p2a: Time's Up|Tauros|100/100\n|turn|37\n|inactive|Sceptross has 60 seconds left.\n|inactive|Sceptross has 30 seconds left.\n|inactive|BeeOrSomething has 240 seconds left.\n|\n|t:|1775312742\n|switch|p1a: Starmie|Starmie|100/100 slp\n|move|p2a: Time's Up|Body Slam|p1a: Starmie\n|-damage|p1a: Starmie|69/100 slp\n|\n|upkeep\n|turn|38\n|\n|t:|1775312745\n|-curestatus|p1a: Starmie|slp|[msg]\n|move|p2a: Time's Up|Body Slam|p1a: Starmie\n|-damage|p1a: Starmie|36/100\n|\n|upkeep\n|turn|39\n|inactive|Sceptross has 30 seconds left.\n|inactive|BeeOrSomething has 240 seconds left.\n|inactive|Sceptross has 20 seconds left.\n|inactive|Sceptross has 15 seconds left.\n|\n|t:|1775312776\n|switch|p2a: Grave Warden|Chansey|86/100\n|move|p1a: Starmie|Thunder Wave|p2a: Grave Warden\n|-status|p2a: Grave Warden|par\n|\n|upkeep\n|turn|40\n|inactive|Sceptross has 25 seconds left this turn.\n|inactive|Sceptross has 20 seconds left.\n|inactive|Sceptross has 15 seconds left.\n|\n|t:|1775312787\n|move|p1a: Starmie|Recover|p1a: Starmie\n|-heal|p1a: Starmie|86/100\n|move|p2a: Grave Warden|Ice Beam|p1a: Starmie\n|-resisted|p1a: Starmie\n|-damage|p1a: Starmie|74/100\n|\n|upkeep\n|turn|41\n|inactive|Sceptross has 25 seconds left this turn.\n|inactive|Sceptross has 20 seconds left.\n|\n|t:|1775312797\n|switch|p1a: Chansey|Chansey|63/100 par\n|move|p2a: Grave Warden|Ice Beam|p1a: Chansey\n|-damage|p1a: Chansey|52/100 par\n|\n|upkeep\n|turn|42\n|inactive|Sceptross has 30 seconds left this turn.\n|inactive|Sceptross has 20 seconds left.\n|inactive|BeeOrSomething has 240 seconds left.\n|\n|t:|1775312810\n|switch|p2a: End Of Days|Rhydon|100/100\n|cant|p1a: Chansey|par\n|\n|upkeep\n|turn|43\n|inactive|Sceptross has 30 seconds left this turn.\n|\n|t:|1775312815\n|switch|p1a: Exeggutor|Exeggutor|79/100\n|move|p2a: End Of Days|Body Slam|p1a: Exeggutor\n|-damage|p1a: Exeggutor|55/100\n|\n|upkeep\n|turn|44\n|inactive|Sceptross has 30 seconds left.\n|inactive|Sceptross has 20 seconds left.\n|inactive|Sceptross has 15 seconds left.\n|\n|t:|1775312845\n|switch|p2a: Grave Warden|Chansey|86/100 par\n|move|p1a: Exeggutor|Psychic|p2a: Grave Warden\n|-damage|p2a: Grave Warden|68/100 par\n|-unboost|p2a: Grave Warden|spa|1\n|-unboost|p2a: Grave Warden|spd|1\n|\n|upkeep\n|turn|45\n|inactive|Sceptross has 25 seconds left this turn.\n|inactive|Sceptross has 20 seconds left.\n|\n|t:|1775312854\n|move|p1a: Exeggutor|Mega Drain|p2a: Grave Warden\n|-damage|p2a: Grave Warden|57/100 par\n|-heal|p1a: Exeggutor|65/100|[from] drain|[of] p2a: Grave Warden\n|move|p2a: Grave Warden|Ice Beam|p1a: Exeggutor\n|-supereffective|p1a: Exeggutor\n|-damage|p1a: Exeggutor|42/100\n|\n|upkeep\n|turn|46\n|inactive|Sceptross has 30 seconds left this turn.\n|\n|t:|1775312864\n|move|p1a: Exeggutor|Mega Drain|p2a: Grave Warden\n|-damage|p2a: Grave Warden|45/100 par\n|-heal|p1a: Exeggutor|53/100|[from] drain|[of] p2a: Grave Warden\n|cant|p2a: Grave Warden|par\n|\n|upkeep\n|turn|47\n|inactive|Sceptross has 30 seconds left.\n|inactive|Sceptross has 20 seconds left.\n|\n|t:|1775312881\n|move|p1a: Exeggutor|Psychic|p2a: Grave Warden\n|-damage|p2a: Grave Warden|18/100 par\n|-unboost|p2a: Grave Warden|spa|1\n|-unboost|p2a: Grave Warden|spd|1\n|move|p2a: Grave Warden|Ice Beam|p1a: Exeggutor\n|-supereffective|p1a: Exeggutor\n|-damage|p1a: Exeggutor|36/100\n|\n|upkeep\n|turn|48\n|inactive|Sceptross has 30 seconds left this turn.\n|inactive|BeeOrSomething has 270 seconds left.\n|inactive|Sceptross has 20 seconds left.\n|\n|t:|1775312893\n|move|p1a: Exeggutor|Psychic|p2a: Grave Warden\n|-damage|p2a: Grave Warden|0 fnt\n|faint|p2a: Grave Warden\n|\n|t:|1775312894\n|switch|p2a: Time's Up|Tauros|100/100\n|turn|49\n|inactive|Sceptross has 30 seconds left.\n|inactive|BeeOrSomething has 270 seconds left.\n|inactive|Sceptross has 20 seconds left.\n|inactive|BeeOrSomething has 240 seconds left.\n|\n|t:|1775312936\n|switch|p1a: Chansey|Chansey|52/100 par\n|move|p2a: Time's Up|Body Slam|p1a: Chansey\n|-damage|p1a: Chansey|12/100 par\n|\n|upkeep\n|turn|50\n|inactive|Sceptross has 30 seconds left this turn.\n|\n|t:|1775312941\n|move|p2a: Time's Up|Body Slam|p1a: Chansey\n|-damage|p1a: Chansey|0 fnt\n|faint|p1a: Chansey\n|inactive|Sceptross has 30 seconds left this turn.\n|inactive|Sceptross has 20 seconds left.\n|\n|t:|1775312952\n|switch|p1a: Starmie|Starmie|74/100\n|turn|51\n|inactive|Sceptross has 30 seconds left this turn.\n|inactive|Sceptross has 20 seconds left.\n|inactive|Sceptross has 15 seconds left.\n|\n|t:|1775312970\n|switch|p1a: Exeggutor|Exeggutor|36/100\n|switch|p2a: No Escape|Starmie|100/100 slp\n|\n|upkeep\n|turn|52\n|inactive|Sceptross has 25 seconds left this turn.\n|\n|t:|1775312976\n|switch|p2a: Time's Up|Tauros|100/100\n|move|p1a: Exeggutor|Mega Drain|p2a: Time's Up\n|-damage|p2a: Time's Up|80/100\n|-heal|p1a: Exeggutor|46/100|[from] drain|[of] p2a: Time's Up\n|\n|upkeep\n|turn|53\n|inactive|Sceptross has 30 seconds left.\n|inactive|Sceptross has 20 seconds left.\n|inactive|Sceptross has 15 seconds left.\n|inactive|Sceptross has 10 seconds left.\n|inactive|BeeOrSomething has 240 seconds left.\n|inactive|Sceptross has 5 seconds left.\n|\n|t:|1775313010\n|move|p2a: Time's Up|Hyper Beam|p1a: Exeggutor\n|-crit|p1a: Exeggutor\n|-damage|p1a: Exeggutor|0 fnt\n|faint|p1a: Exeggutor\n|inactive|Sceptross has 10 seconds left this turn.\n|inactive|Sceptross has 5 seconds left.\n|\n|t:|1775313016\n|switch|p1a: Starmie|Starmie|74/100\n|turn|54\n|inactive|Sceptross has 15 seconds left this turn.\n|inactive|Sceptross has 10 seconds left.\n|\n|t:|1775313023\n|move|p1a: Starmie|Psychic|p2a: Time's Up\n|-damage|p2a: Time's Up|40/100\n|move|p2a: Time's Up|Body Slam|p1a: Starmie\n|-damage|p1a: Starmie|40/100\n|-status|p1a: Starmie|par\n|\n|upkeep\n|turn|55\n|inactive|Sceptross has 20 seconds left this turn.\n|\n|t:|1775313033\n|switch|p2a: End Of Days|Rhydon|100/100\n|switch|p1a: Zapdos|Zapdos|100/100\n|\n|upkeep\n|turn|56\n|inactive|Sceptross has 30 seconds left this turn.\n|inactive|Sceptross has 20 seconds left.\n|inactive|Sceptross has 15 seconds left.\n|\n|t:|1775313051\n|move|p1a: Zapdos|Drill Peck|p2a: End Of Days\n|-resisted|p2a: End Of Days\n|-damage|p2a: End Of Days|91/100\n|move|p2a: End Of Days|Substitute|p2a: End Of Days\n|-start|p2a: End Of Days|Substitute\n|-damage|p2a: End Of Days|66/100\n|\n|upkeep\n|turn|57\n|inactive|Sceptross has 25 seconds left this turn.\n|\n|t:|1775313053\n|move|p1a: Zapdos|Drill Peck|p2a: End Of Days\n|-resisted|p2a: End Of Days\n|-activate|p2a: End Of Days|Substitute|[damage]\n|move|p2a: End Of Days|Body Slam|p1a: Zapdos\n|-damage|p1a: Zapdos|79/100\n|\n|upkeep\n|turn|58\n|\n|t:|1775313057\n|move|p1a: Zapdos|Drill Peck|p2a: End Of Days\n|-crit|p2a: End Of Days\n|-resisted|p2a: End Of Days\n|-end|p2a: End Of Days|Substitute\n|move|p2a: End Of Days|Body Slam|p1a: Zapdos\n|-damage|p1a: Zapdos|56/100\n|\n|upkeep\n|turn|59\n|inactive|Sceptross has 30 seconds left.\n|\n|t:|1775313079\n|move|p1a: Zapdos|Drill Peck|p2a: End Of Days\n|-resisted|p2a: End Of Days\n|-damage|p2a: End Of Days|56/100\n|move|p2a: End Of Days|Body Slam|p1a: Zapdos\n|-damage|p1a: Zapdos|34/100\n|\n|upkeep\n|turn|60\n|inactive|Sceptross has 30 seconds left.\n|inactive|Sceptross has 20 seconds left.\n|\n|t:|1775313096\n|move|p1a: Zapdos|Drill Peck|p2a: End Of Days\n|-crit|p2a: End Of Days\n|-resisted|p2a: End Of Days\n|-damage|p2a: End Of Days|37/100\n|move|p2a: End Of Days|Substitute|p2a: End Of Days\n|-start|p2a: End Of Days|Substitute\n|-damage|p2a: End Of Days|12/100\n|\n|upkeep\n|turn|61\n|inactive|Sceptross has 30 seconds left this turn.\n|\n|t:|1775313111\n|move|p1a: Zapdos|Drill Peck|p2a: End Of Days\n|-crit|p2a: End Of Days\n|-resisted|p2a: End Of Days\n|-activate|p2a: End Of Days|Substitute|[damage]\n|move|p2a: End Of Days|Rest|p2a: End Of Days\n|-status|p2a: End Of Days|slp|[from] move: Rest\n|-heal|p2a: End Of Days|100/100 slp|[silent]\n|\n|upkeep\n|turn|62\n|\n|t:|1775313119\n|switch|p1a: Tauros|Tauros|44/100\n|cant|p2a: End Of Days|slp\n|\n|upkeep\n|turn|63\n|\n|t:|1775313124\n|move|p1a: Tauros|Earthquake|p2a: End Of Days\n|-crit|p2a: End Of Days\n|-supereffective|p2a: End Of Days\n|-end|p2a: End Of Days|Substitute\n|-curestatus|p2a: End Of Days|slp|[msg]\n|\n|upkeep\n|turn|64\n|\n|t:|1775313148\n|switch|p2a: No Escape|Starmie|100/100 slp\n|move|p1a: Tauros|Blizzard|p2a: No Escape\n|-resisted|p2a: No Escape\n|-damage|p2a: No Escape|88/100 slp\n|\n|upkeep\n|turn|65\n|\n|t:|1775313155\n|cant|p2a: No Escape|slp\n|move|p1a: Tauros|Body Slam|p2a: No Escape\n|-damage|p2a: No Escape|55/100 slp\n|\n|upkeep\n|turn|66\n|inactive|Sceptross has 30 seconds left.\n|inactive|BeeOrSomething has 270 seconds left.\n|inactive|Sceptross has 20 seconds left.\n|inactive|Sceptross has 15 seconds left.\n|inactive|BeeOrSomething has 240 seconds left.\n|\n|t:|1775313220\n|cant|p2a: No Escape|slp\n|move|p1a: Tauros|Body Slam|p2a: No Escape\n|-crit|p2a: No Escape\n|-damage|p2a: No Escape|0 fnt\n|faint|p2a: No Escape\n|\n|t:|1775313224\n|switch|p2a: Time's Up|Tauros|40/100\n|turn|67\n|inactive|Sceptross has 30 seconds left this turn.\n|inactive|Sceptross has 20 seconds left.\n|inactive|Sceptross has 15 seconds left.\n|inactive|BeeOrSomething has 240 seconds left.\n|\n|t:|1775313244\n|switch|p2a: End Of Days|Rhydon|100/100\n|move|p1a: Tauros|Blizzard|p2a: End Of Days|[miss]\n|-miss|p1a: Tauros\n|\n|upkeep\n|turn|68\n|inactive|Sceptross has 25 seconds left this turn.\n|inactive|Sceptross has 20 seconds left.\n|\n|t:|1775313251\n|move|p1a: Tauros|Blizzard|p2a: End Of Days\n|-supereffective|p2a: End Of Days\n|-damage|p2a: End Of Days|45/100\n|move|p2a: End Of Days|Earthquake|p1a: Tauros\n|-damage|p1a: Tauros|3/100\n|\n|upkeep\n|turn|69\n|inactive|Sceptross has 30 seconds left this turn.\n|inactive|Sceptross has 20 seconds left.\n|\n|t:|1775313261\n|move|p1a: Tauros|Blizzard|p2a: End Of Days\n|-supereffective|p2a: End Of Days\n|-damage|p2a: End Of Days|0 fnt\n|faint|p2a: End Of Days\n|\n|t:|1775313263\n|switch|p2a: Time's Up|Tauros|40/100\n|turn|70\n|inactive|Sceptross has 30 seconds left.\n|\n|t:|1775313268\n|move|p1a: Tauros|Hyper Beam|p2a: Time's Up\n|-damage|p2a: Time's Up|0 fnt\n|faint|p2a: Time's Up\n|\n|win|Sceptross\n|c|☆Sceptross|gg\n|c|☆BeeOrSomething|gg\n|player|p2|\n","uploadtime":1775313268,"views":"1110","formatid":"gen1ou","rating":null,"private":0,"password":null}