{"id":"smogtours-gen1ou-950537","format":"[Gen 1] OU","players":["Kristyl ★","RoboKyII"],"log":"|inactive|Battle timer is ON: inactive players will automatically lose when time's up.\n|t:|1782559650\n|gametype|singles\n|player|p1|Kristyl ★|dawn|\n|player|p2|RoboKyII|rosa-pokestar3|\n|gen|1\n|tier|[Gen 1] OU\n|rule|Desync Clause Mod: Desyncs changed to move failure.\n|rule|HP Percentage Mod: HP is shown in percentages\n|rule|Endless Battle Clause: Forcing endless battles is banned\n|rule|Sleep Clause Mod: Limit one foe put to sleep\n|rule|Freeze Clause Mod: Limit one foe frozen\n|rule|Species Clause: Limit one of each Pokémon\n|rule|OHKO Clause: OHKO moves are banned\n|rule|Evasion Moves Clause: Evasion moves are banned\n|\n|t:|1782559650\n|teamsize|p1|6\n|teamsize|p2|6\n|start\n|switch|p1a: Jynx|Jynx|100/100\n|switch|p2a: Alakazam|Alakazam|100/100\n|turn|1\n|c|☆RoboKyII|glhf\n|c|☆Kristyl ★|u2\n|\n|t:|1782559665\n|move|p2a: Alakazam|Thunder Wave|p1a: Jynx\n|-status|p1a: Jynx|par\n|move|p1a: Jynx|Lovely Kiss|p2a: Alakazam\n|-status|p2a: Alakazam|slp|[from] move: Lovely Kiss\n|\n|upkeep\n|turn|2\n|\n|t:|1782559670\n|switch|p2a: Chansey|Chansey|100/100\n|move|p1a: Jynx|Blizzard|p2a: Chansey\n|-damage|p2a: Chansey|83/100\n|\n|upkeep\n|turn|3\n|\n|t:|1782559676\n|move|p2a: Chansey|Seismic Toss|p1a: Jynx\n|-damage|p1a: Jynx|70/100 par\n|move|p1a: Jynx|Blizzard|p2a: Chansey\n|-crit|p2a: Chansey\n|-damage|p2a: Chansey|48/100\n|\n|upkeep\n|turn|4\n|\n|t:|1782559682\n|move|p2a: Chansey|Soft-Boiled|p2a: Chansey\n|-heal|p2a: Chansey|98/100\n|cant|p1a: Jynx|par\n|\n|upkeep\n|turn|5\n|\n|t:|1782559689\n|move|p2a: Chansey|Seismic Toss|p1a: Jynx\n|-damage|p1a: Jynx|40/100 par\n|cant|p1a: Jynx|par\n|\n|upkeep\n|turn|6\n|\n|t:|1782559695\n|switch|p2a: Tauros|Tauros|100/100\n|move|p1a: Jynx|Rest|p1a: Jynx\n|-status|p1a: Jynx|slp|[from] move: Rest\n|-heal|p1a: Jynx|100/100 slp|[silent]\n|\n|upkeep\n|turn|7\n|\n|t:|1782559701\n|switch|p1a: Starmie|Starmie|100/100\n|move|p2a: Tauros|Body Slam|p1a: Starmie\n|-crit|p1a: Starmie\n|-damage|p1a: Starmie|39/100\n|-status|p1a: Starmie|par\n|\n|upkeep\n|turn|8\n|\n|t:|1782559707\n|move|p2a: Tauros|Hyper Beam|p1a: Starmie\n|-damage|p1a: Starmie|0 fnt\n|faint|p1a: Starmie\n|\n|t:|1782559710\n|switch|p1a: Tauros|Tauros|100/100\n|turn|9\n|\n|t:|1782559718\n|move|p1a: Tauros|Body Slam|p2a: Tauros\n|-damage|p2a: Tauros|72/100\n|move|p2a: Tauros|Body Slam|p1a: Tauros\n|-damage|p1a: Tauros|71/100\n|\n|upkeep\n|turn|10\n|\n|t:|1782559724\n|move|p1a: Tauros|Blizzard|p2a: Tauros\n|-damage|p2a: Tauros|43/100\n|-status|p2a: Tauros|frz\n|cant|p2a: Tauros|frz\n|\n|upkeep\n|turn|11\n|c|☆RoboKyII|ohhhh\n|c|☆RoboKyII|okl\n|\n|t:|1782559743\n|cant|p2a: Tauros|frz\n|move|p1a: Tauros|Body Slam|p2a: Tauros\n|-damage|p2a: Tauros|15/100 frz\n|\n|upkeep\n|turn|12\n|\n|t:|1782559752\n|cant|p2a: Tauros|frz\n|move|p1a: Tauros|Body Slam|p2a: Tauros\n|-damage|p2a: Tauros|0 fnt\n|faint|p2a: Tauros\n|\n|t:|1782559758\n|switch|p2a: Cloyster|Cloyster|100/100\n|turn|13\n|\n|t:|1782559764\n|switch|p1a: Chansey|Chansey|100/100\n|move|p2a: Cloyster|Blizzard|p1a: Chansey\n|-damage|p1a: Chansey|83/100\n|-status|p1a: Chansey|frz\n|\n|upkeep\n|turn|14\n|c|☆RoboKyII|im a chuddy\n|c|☆RoboKyII|sry\n|c|☆Kristyl ★|complain into hax, classic\n|c|☆RoboKyII|wanna talk abt g1\n|c|☆Kristyl ★|wanna talk abt g2 \n|inactive|RoboKyII has 270 seconds left.\n|inactive|Kristyl ★ has 270 seconds left.\n|c|☆RoboKyII|that was pretty bad luck too if i boomed on eggy that was sweet riding w rhydon\n|c|☆RoboKyII|maybe\n|inactive|RoboKyII has 240 seconds left.\n|c|☆RoboKyII|i dont like whinging tho sry\n|c|☆Kristyl ★|big maybe\n|\n|t:|1782559826\n|switch|p1a: Jynx|Jynx|100/100 slp\n|move|p2a: Cloyster|Blizzard|p1a: Jynx\n|-resisted|p1a: Jynx\n|-damage|p1a: Jynx|82/100 slp\n|\n|upkeep\n|turn|15\n|c|☆Kristyl ★|i dont either its fine lol\n|inactive|RoboKyII has 240 seconds left.\n|\n|t:|1782559841\n|switch|p2a: Snorlax|Snorlax|100/100\n|cant|p1a: Jynx|slp\n|\n|upkeep\n|turn|16\n|inactive|Kristyl ★ has 270 seconds left.\n|\n|t:|1782559877\n|switch|p1a: Rhydon|Rhydon|100/100\n|move|p2a: Snorlax|Hyper Beam|p1a: Rhydon\n|-resisted|p1a: Rhydon\n|-damage|p1a: Rhydon|81/100\n|-mustrecharge|p2a: Snorlax\n|\n|upkeep\n|turn|17\n|c|☆RoboKyII|oh damn\n|c|☆RoboKyII|im a hog\n|c|☆RoboKyII|wp\n|\n|t:|1782559886\n|move|p1a: Rhydon|Earthquake|p2a: Snorlax\n|-damage|p2a: Snorlax|66/100\n|cant|p2a: Snorlax|recharge\n|\n|upkeep\n|turn|18\n|\n|t:|1782559892\n|switch|p2a: Exeggutor|Exeggutor|100/100\n|move|p1a: Rhydon|Body Slam|p2a: Exeggutor\n|-crit|p2a: Exeggutor\n|-damage|p2a: Exeggutor|60/100\n|\n|upkeep\n|turn|19\n|\n|t:|1782559900\n|switch|p1a: Jynx|Jynx|82/100 slp\n|move|p2a: Exeggutor|Psychic|p1a: Jynx\n|-resisted|p1a: Jynx\n|-damage|p1a: Jynx|64/100 slp\n|-unboost|p1a: Jynx|spa|1\n|-unboost|p1a: Jynx|spd|1\n|\n|upkeep\n|turn|20\n|\n|t:|1782559908\n|-curestatus|p1a: Jynx|slp|[msg]\n|move|p2a: Exeggutor|Sleep Powder|p1a: Jynx\n|-status|p1a: Jynx|slp|[from] move: Sleep Powder\n|\n|upkeep\n|turn|21\n|inactive|RoboKyII has 270 seconds left.\n|\n|t:|1782559938\n|switch|p1a: Chansey|Chansey|83/100 frz\n|move|p2a: Exeggutor|Stun Spore|p1a: Chansey\n|-fail|p1a: Chansey\n|\n|upkeep\n|turn|22\n|\n|t:|1782559944\n|move|p2a: Exeggutor|Stun Spore|p1a: Chansey\n|-fail|p1a: Chansey\n|cant|p1a: Chansey|frz\n|\n|upkeep\n|turn|23\n|\n|t:|1782559951\n|move|p2a: Exeggutor|Stun Spore|p1a: Chansey\n|-fail|p1a: Chansey\n|cant|p1a: Chansey|frz\n|\n|upkeep\n|turn|24\n|\n|t:|1782559952\n|move|p2a: Exeggutor|Stun Spore|p1a: Chansey\n|-fail|p1a: Chansey\n|cant|p1a: Chansey|frz\n|\n|upkeep\n|turn|25\n|\n|t:|1782559953\n|move|p2a: Exeggutor|Stun Spore|p1a: Chansey|[miss]\n|-miss|p2a: Exeggutor\n|cant|p1a: Chansey|frz\n|\n|upkeep\n|turn|26\n|\n|t:|1782559954\n|move|p2a: Exeggutor|Stun Spore|p1a: Chansey\n|-fail|p1a: Chansey\n|cant|p1a: Chansey|frz\n|\n|upkeep\n|turn|27\n|\n|t:|1782559955\n|move|p2a: Exeggutor|Stun Spore|p1a: Chansey\n|-fail|p1a: Chansey\n|cant|p1a: Chansey|frz\n|\n|upkeep\n|turn|28\n|\n|t:|1782559956\n|move|p2a: Exeggutor|Psychic|p1a: Chansey\n|-damage|p1a: Chansey|67/100 frz\n|cant|p1a: Chansey|frz\n|\n|upkeep\n|turn|29\n|\n|t:|1782559957\n|move|p2a: Exeggutor|Stun Spore|p1a: Chansey\n|-fail|p1a: Chansey\n|cant|p1a: Chansey|frz\n|\n|upkeep\n|turn|30\n|\n|t:|1782559958\n|move|p2a: Exeggutor|Stun Spore|p1a: Chansey\n|-fail|p1a: Chansey\n|cant|p1a: Chansey|frz\n|\n|upkeep\n|turn|31\n|\n|t:|1782559959\n|move|p2a: Exeggutor|Stun Spore|p1a: Chansey\n|-fail|p1a: Chansey\n|cant|p1a: Chansey|frz\n|\n|upkeep\n|turn|32\n|\n|t:|1782559960\n|move|p2a: Exeggutor|Stun Spore|p1a: Chansey\n|-fail|p1a: Chansey\n|cant|p1a: Chansey|frz\n|\n|upkeep\n|turn|33\n|\n|t:|1782559961\n|move|p2a: Exeggutor|Stun Spore|p1a: Chansey\n|-fail|p1a: Chansey\n|cant|p1a: Chansey|frz\n|\n|upkeep\n|turn|34\n|\n|t:|1782559962\n|move|p2a: Exeggutor|Psychic|p1a: Chansey\n|-damage|p1a: Chansey|49/100 frz\n|cant|p1a: Chansey|frz\n|\n|upkeep\n|turn|35\n|\n|t:|1782559964\n|move|p2a: Exeggutor|Stun Spore|p1a: Chansey\n|-fail|p1a: Chansey\n|cant|p1a: Chansey|frz\n|\n|upkeep\n|turn|36\n|\n|t:|1782559966\n|move|p2a: Exeggutor|Stun Spore|p1a: Chansey\n|-fail|p1a: Chansey\n|cant|p1a: Chansey|frz\n|\n|upkeep\n|turn|37\n|\n|t:|1782559967\n|move|p2a: Exeggutor|Psychic|p1a: Chansey\n|-damage|p1a: Chansey|31/100 frz\n|cant|p1a: Chansey|frz\n|\n|upkeep\n|turn|38\n|\n|t:|1782559968\n|move|p2a: Exeggutor|Psychic|p1a: Chansey\n|-damage|p1a: Chansey|13/100 frz\n|-unboost|p1a: Chansey|spa|1\n|-unboost|p1a: Chansey|spd|1\n|cant|p1a: Chansey|frz\n|\n|upkeep\n|turn|39\n|\n|t:|1782559970\n|move|p2a: Exeggutor|Stun Spore|p1a: Chansey\n|-fail|p1a: Chansey\n|cant|p1a: Chansey|frz\n|\n|upkeep\n|turn|40\n|\n|t:|1782559971\n|move|p2a: Exeggutor|Psychic|p1a: Chansey\n|-damage|p1a: Chansey|0 fnt\n|faint|p1a: Chansey\n|\n|t:|1782559974\n|switch|p1a: Tauros|Tauros|71/100\n|turn|41\n|inactive|RoboKyII has 270 seconds left.\n|inactive|RoboKyII has 240 seconds left.\n|\n|t:|1782560052\n|switch|p2a: Alakazam|Alakazam|100/100 slp\n|move|p1a: Tauros|Body Slam|p2a: Alakazam\n|-damage|p2a: Alakazam|51/100 slp\n|\n|upkeep\n|turn|42\n|\n|t:|1782560056\n|cant|p2a: Alakazam|slp\n|move|p1a: Tauros|Body Slam|p2a: Alakazam\n|-damage|p2a: Alakazam|1/100 slp\n|\n|upkeep\n|turn|43\n|\n|t:|1782560058\n|cant|p2a: Alakazam|slp\n|move|p1a: Tauros|Body Slam|p2a: Alakazam\n|-crit|p2a: Alakazam\n|-damage|p2a: Alakazam|0 fnt\n|faint|p2a: Alakazam\n|\n|t:|1782560062\n|switch|p2a: Cloyster|Cloyster|100/100\n|turn|44\n|\n|t:|1782560063\n|move|p1a: Tauros|Body Slam|p2a: Cloyster\n|-damage|p2a: Cloyster|79/100\n|-status|p2a: Cloyster|par\n|move|p2a: Cloyster|Blizzard|p1a: Tauros\n|-crit|p1a: Tauros\n|-damage|p1a: Tauros|0 fnt\n|faint|p1a: Tauros\n|\n|t:|1782560068\n|switch|p1a: Slowbro|Slowbro|100/100\n|turn|45\n|\n|t:|1782560072\n|switch|p2a: Chansey|Chansey|98/100\n|move|p1a: Slowbro|Amnesia|p1a: Slowbro\n|-boost|p1a: Slowbro|spa|2\n|-boost|p1a: Slowbro|spd|2\n|\n|upkeep\n|turn|46\n|\n|t:|1782560074\n|move|p2a: Chansey|Thunder Wave|p1a: Slowbro\n|-status|p1a: Slowbro|par\n|move|p1a: Slowbro|Thunder Wave|p2a: Chansey\n|-status|p2a: Chansey|par\n|\n|upkeep\n|turn|47\n|\n|t:|1782560076\n|move|p2a: Chansey|Seismic Toss|p1a: Slowbro\n|-damage|p1a: Slowbro|75/100 par\n|move|p1a: Slowbro|Amnesia|p1a: Slowbro\n|-boost|p1a: Slowbro|spa|2\n|-boost|p1a: Slowbro|spd|2\n|\n|upkeep\n|turn|48\n|\n|t:|1782560078\n|move|p1a: Slowbro|Rest|p1a: Slowbro\n|-status|p1a: Slowbro|slp|[from] move: Rest\n|-heal|p1a: Slowbro|100/100 slp|[silent]\n|move|p2a: Chansey|Seismic Toss|p1a: Slowbro\n|-damage|p1a: Slowbro|75/100 slp\n|\n|upkeep\n|turn|49\n|\n|t:|1782560080\n|cant|p1a: Slowbro|slp\n|move|p2a: Chansey|Seismic Toss|p1a: Slowbro\n|-damage|p1a: Slowbro|50/100 slp\n|\n|upkeep\n|turn|50\n|\n|t:|1782560092\n|switch|p2a: Snorlax|Snorlax|66/100\n|-curestatus|p1a: Slowbro|slp|[msg]\n|\n|upkeep\n|turn|51\n|\n|t:|1782560097\n|switch|p1a: Rhydon|Rhydon|81/100\n|move|p2a: Snorlax|Body Slam|p1a: Rhydon\n|-resisted|p1a: Rhydon\n|-damage|p1a: Rhydon|70/100\n|\n|upkeep\n|turn|52\n|\n|t:|1782560105\n|move|p1a: Rhydon|Body Slam|p2a: Snorlax\n|-damage|p2a: Snorlax|47/100\n|move|p2a: Snorlax|Reflect|p2a: Snorlax\n|-start|p2a: Snorlax|Reflect\n|\n|upkeep\n|turn|53\n|\n|t:|1782560107\n|move|p1a: Rhydon|Earthquake|p2a: Snorlax\n|-damage|p2a: Snorlax|29/100\n|move|p2a: Snorlax|Body Slam|p1a: Rhydon\n|-resisted|p1a: Rhydon\n|-damage|p1a: Rhydon|59/100\n|\n|upkeep\n|turn|54\n|\n|t:|1782560109\n|move|p1a: Rhydon|Earthquake|p2a: Snorlax\n|-damage|p2a: Snorlax|13/100\n|move|p2a: Snorlax|Rest|p2a: Snorlax\n|-status|p2a: Snorlax|slp|[from] move: Rest\n|-heal|p2a: Snorlax|100/100 slp|[silent]\n|\n|upkeep\n|turn|55\n|\n|t:|1782560111\n|switch|p1a: Slowbro|Slowbro|50/100\n|cant|p2a: Snorlax|slp\n|\n|upkeep\n|turn|56\n|\n|t:|1782560117\n|-curestatus|p2a: Snorlax|slp|[msg]\n|move|p1a: Slowbro|Thunder Wave|p2a: Snorlax\n|-status|p2a: Snorlax|par\n|\n|upkeep\n|turn|57\n|\n|t:|1782560119\n|switch|p1a: Rhydon|Rhydon|59/100\n|move|p2a: Snorlax|Body Slam|p1a: Rhydon\n|-resisted|p1a: Rhydon\n|-damage|p1a: Rhydon|47/100\n|-status|p1a: Rhydon|par\n|\n|upkeep\n|turn|58\n|\n|t:|1782560126\n|switch|p2a: Exeggutor|Exeggutor|60/100\n|move|p1a: Rhydon|Rest|p1a: Rhydon\n|-status|p1a: Rhydon|slp|[from] move: Rest\n|-heal|p1a: Rhydon|100/100 slp|[silent]\n|\n|upkeep\n|turn|59\n|\n|t:|1782560128\n|switch|p1a: Slowbro|Slowbro|50/100\n|move|p2a: Exeggutor|Psychic|p1a: Slowbro\n|-resisted|p1a: Slowbro\n|-damage|p1a: Slowbro|32/100\n|\n|upkeep\n|turn|60\n|\n|t:|1782560130\n|move|p2a: Exeggutor|Psychic|p1a: Slowbro\n|-resisted|p1a: Slowbro\n|-damage|p1a: Slowbro|14/100\n|move|p1a: Slowbro|Thunder Wave|p2a: Exeggutor\n|-status|p2a: Exeggutor|par\n|\n|upkeep\n|turn|61\n|\n|t:|1782560132\n|move|p1a: Slowbro|Rest|p1a: Slowbro\n|-status|p1a: Slowbro|slp|[from] move: Rest\n|-heal|p1a: Slowbro|100/100 slp|[silent]\n|cant|p2a: Exeggutor|par\n|\n|upkeep\n|turn|62\n|\n|t:|1782560135\n|cant|p1a: Slowbro|slp\n|move|p2a: Exeggutor|Psychic|p1a: Slowbro\n|-resisted|p1a: Slowbro\n|-damage|p1a: Slowbro|82/100 slp\n|\n|upkeep\n|turn|63\n|\n|t:|1782560136\n|-curestatus|p1a: Slowbro|slp|[msg]\n|move|p2a: Exeggutor|Explosion|p1a: Slowbro\n|-damage|p1a: Slowbro|18/100\n|faint|p2a: Exeggutor\n|inactive|RoboKyII has 270 seconds left.\n|\n|t:|1782560194\n|switch|p2a: Cloyster|Cloyster|79/100 par\n|turn|64\n|\n|t:|1782560198\n|move|p1a: Slowbro|Rest|p1a: Slowbro\n|-status|p1a: Slowbro|slp|[from] move: Rest\n|-heal|p1a: Slowbro|100/100 slp|[silent]\n|move|p2a: Cloyster|Blizzard|p1a: Slowbro\n|-resisted|p1a: Slowbro\n|-damage|p1a: Slowbro|81/100 slp\n|\n|upkeep\n|turn|65\n|\n|t:|1782560200\n|cant|p1a: Slowbro|slp\n|move|p2a: Cloyster|Blizzard|p1a: Slowbro\n|-resisted|p1a: Slowbro\n|-damage|p1a: Slowbro|62/100 slp\n|\n|upkeep\n|turn|66\n|\n|t:|1782560203\n|switch|p1a: Jynx|Jynx|64/100 slp\n|move|p2a: Cloyster|Blizzard|p1a: Jynx\n|-resisted|p1a: Jynx\n|-damage|p1a: Jynx|45/100 slp\n|\n|upkeep\n|turn|67\n|\n|t:|1782560206\n|switch|p1a: Slowbro|Slowbro|62/100 slp\n|switch|p2a: Snorlax|Snorlax|100/100 par\n|\n|upkeep\n|turn|68\n|\n|t:|1782560227\n|switch|p1a: Rhydon|Rhydon|100/100 slp\n|move|p2a: Snorlax|Body Slam|p1a: Rhydon\n|-resisted|p1a: Rhydon\n|-damage|p1a: Rhydon|89/100 slp\n|\n|upkeep\n|turn|69\n|\n|t:|1782560231\n|cant|p1a: Rhydon|slp\n|move|p2a: Snorlax|Body Slam|p1a: Rhydon\n|-resisted|p1a: Rhydon\n|-damage|p1a: Rhydon|77/100 slp\n|\n|upkeep\n|turn|70\n|\n|t:|1782560235\n|-curestatus|p1a: Rhydon|slp|[msg]\n|move|p2a: Snorlax|Reflect|p2a: Snorlax\n|-start|p2a: Snorlax|Reflect\n|\n|upkeep\n|turn|71\n|\n|t:|1782560238\n|move|p1a: Rhydon|Substitute|p1a: Rhydon\n|-start|p1a: Rhydon|Substitute\n|-damage|p1a: Rhydon|52/100\n|move|p2a: Snorlax|Body Slam|p1a: Rhydon\n|-resisted|p1a: Rhydon\n|-activate|p1a: Rhydon|Substitute|[damage]\n|\n|upkeep\n|turn|72\n|\n|t:|1782560239\n|move|p1a: Rhydon|Body Slam|p2a: Snorlax\n|-damage|p2a: Snorlax|90/100 par\n|move|p2a: Snorlax|Hyper Beam|p1a: Rhydon\n|-resisted|p1a: Rhydon\n|-end|p1a: Rhydon|Substitute\n|\n|upkeep\n|turn|73\n|\n|t:|1782560242\n|move|p1a: Rhydon|Substitute|p1a: Rhydon\n|-start|p1a: Rhydon|Substitute\n|-damage|p1a: Rhydon|27/100\n|move|p2a: Snorlax|Body Slam|p1a: Rhydon\n|-resisted|p1a: Rhydon\n|-activate|p1a: Rhydon|Substitute|[damage]\n|\n|upkeep\n|turn|74\n|\n|t:|1782560244\n|move|p1a: Rhydon|Body Slam|p2a: Snorlax\n|-damage|p2a: Snorlax|81/100 par\n|move|p2a: Snorlax|Hyper Beam|p1a: Rhydon\n|-resisted|p1a: Rhydon\n|-end|p1a: Rhydon|Substitute\n|\n|upkeep\n|turn|75\n|\n|t:|1782560246\n|switch|p2a: Cloyster|Cloyster|79/100 par\n|move|p1a: Rhydon|Rest|p1a: Rhydon\n|-status|p1a: Rhydon|slp|[from] move: Rest\n|-heal|p1a: Rhydon|100/100 slp|[silent]\n|\n|upkeep\n|turn|76\n|\n|t:|1782560248\n|switch|p1a: Slowbro|Slowbro|62/100 slp\n|move|p2a: Cloyster|Blizzard|p1a: Slowbro|[miss]\n|-miss|p2a: Cloyster\n|\n|upkeep\n|turn|77\n|\n|t:|1782560260\n|-curestatus|p1a: Slowbro|slp|[msg]\n|cant|p2a: Cloyster|par\n|\n|upkeep\n|turn|78\n|\n|t:|1782560268\n|switch|p2a: Chansey|Chansey|98/100 par\n|move|p1a: Slowbro|Rest|p1a: Slowbro\n|-status|p1a: Slowbro|slp|[from] move: Rest\n|-heal|p1a: Slowbro|100/100 slp|[silent]\n|\n|upkeep\n|turn|79\n|\n|t:|1782560270\n|cant|p1a: Slowbro|slp\n|move|p2a: Chansey|Seismic Toss|p1a: Slowbro\n|-damage|p1a: Slowbro|75/100 slp\n|\n|upkeep\n|turn|80\n|\n|t:|1782560273\n|-curestatus|p1a: Slowbro|slp|[msg]\n|move|p2a: Chansey|Thunder Wave|p1a: Slowbro\n|-status|p1a: Slowbro|par\n|\n|upkeep\n|turn|81\n|\n|t:|1782560281\n|move|p2a: Chansey|Seismic Toss|p1a: Slowbro\n|-damage|p1a: Slowbro|50/100 par\n|move|p1a: Slowbro|Amnesia|p1a: Slowbro\n|-boost|p1a: Slowbro|spa|2\n|-boost|p1a: Slowbro|spd|2\n|\n|upkeep\n|turn|82\n|\n|t:|1782560284\n|cant|p1a: Slowbro|par\n|cant|p2a: Chansey|par\n|\n|upkeep\n|turn|83\n|\n|t:|1782560286\n|move|p1a: Slowbro|Rest|p1a: Slowbro\n|-status|p1a: Slowbro|slp|[from] move: Rest\n|-heal|p1a: Slowbro|100/100 slp|[silent]\n|cant|p2a: Chansey|par\n|\n|upkeep\n|turn|84\n|\n|t:|1782560287\n|cant|p1a: Slowbro|slp\n|cant|p2a: Chansey|par\n|\n|upkeep\n|turn|85\n|\n|t:|1782560289\n|-curestatus|p1a: Slowbro|slp|[msg]\n|move|p2a: Chansey|Thunder Wave|p1a: Slowbro\n|-status|p1a: Slowbro|par\n|\n|upkeep\n|turn|86\n|\n|t:|1782560291\n|cant|p2a: Chansey|par\n|move|p1a: Slowbro|Amnesia|p1a: Slowbro\n|-boost|p1a: Slowbro|spa|2\n|-boost|p1a: Slowbro|spd|2\n|\n|upkeep\n|turn|87\n|\n|t:|1782560293\n|move|p1a: Slowbro|Surf|p2a: Chansey\n|-damage|p2a: Chansey|60/100 par\n|move|p2a: Chansey|Seismic Toss|p1a: Slowbro\n|-damage|p1a: Slowbro|75/100 par\n|\n|upkeep\n|turn|88\n|\n|t:|1782560295\n|move|p1a: Slowbro|Surf|p2a: Chansey\n|-damage|p2a: Chansey|19/100 par\n|move|p2a: Chansey|Seismic Toss|p1a: Slowbro\n|-damage|p1a: Slowbro|50/100 par\n|\n|upkeep\n|turn|89\n|\n|t:|1782560297\n|move|p1a: Slowbro|Surf|p2a: Chansey\n|-crit|p2a: Chansey\n|-damage|p2a: Chansey|0 fnt\n|faint|p2a: Chansey\n|\n|t:|1782560326\n|switch|p2a: Snorlax|Snorlax|81/100 par\n|turn|90\n|\n|t:|1782560344\n|move|p2a: Snorlax|Body Slam|p1a: Slowbro\n|-damage|p1a: Slowbro|23/100 par\n|cant|p1a: Slowbro|par\n|\n|upkeep\n|turn|91\n|\n|t:|1782560357\n|switch|p1a: Rhydon|Rhydon|100/100 slp\n|cant|p2a: Snorlax|par\n|\n|upkeep\n|turn|92\n|\n|t:|1782560360\n|switch|p2a: Cloyster|Cloyster|79/100 par\n|cant|p1a: Rhydon|slp\n|\n|upkeep\n|turn|93\n|\n|t:|1782560364\n|switch|p1a: Jynx|Jynx|45/100 slp\n|move|p2a: Cloyster|Clamp|p1a: Jynx\n|-damage|p1a: Jynx|34/100 slp\n|\n|upkeep\n|turn|94\n|\n|t:|1782560373\n|switch|p1a: Slowbro|Slowbro|23/100 par\n|move|p2a: Cloyster|Clamp|p1a: Slowbro\n|-crit|p1a: Slowbro\n|-resisted|p1a: Slowbro\n|-damage|p1a: Slowbro|13/100 par\n|\n|upkeep\n|turn|95\n|\n|t:|1782560377\n|switch|p1a: Jynx|Jynx|34/100 slp\n|move|p2a: Cloyster|Clamp|p1a: Jynx\n|-damage|p1a: Jynx|23/100 slp\n|\n|upkeep\n|turn|96\n|\n|t:|1782560379\n|cant|p1a: Jynx|slp\n|move|p2a: Cloyster|Clamp|p1a: Jynx|[from] Clamp\n|-damage|p1a: Jynx|11/100 slp\n|\n|upkeep\n|turn|97\n|\n|t:|1782560387\n|cant|p1a: Jynx|slp\n|move|p2a: Cloyster|Clamp|p1a: Jynx|[from] Clamp\n|-damage|p1a: Jynx|0 fnt\n|faint|p1a: Jynx\n|\n|t:|1782560388\n|switch|p1a: Slowbro|Slowbro|13/100 par\n|turn|98\n|\n|t:|1782560396\n|move|p2a: Cloyster|Blizzard|p1a: Slowbro\n|-resisted|p1a: Slowbro\n|-damage|p1a: Slowbro|0 fnt\n|faint|p1a: Slowbro\n|\n|t:|1782560398\n|switch|p1a: Rhydon|Rhydon|100/100 slp\n|turn|99\n|\n|t:|1782560399\n|-curestatus|p1a: Rhydon|slp|[msg]\n|cant|p2a: Cloyster|par\n|\n|upkeep\n|turn|100\n|\n|t:|1782560402\n|move|p1a: Rhydon|Earthquake|p2a: Cloyster|[miss]\n|-miss|p1a: Rhydon\n|-hint|In Gen 1, moves with 100% accuracy can still miss 1/256 of the time.\n|move|p2a: Cloyster|Clamp|p1a: Rhydon\n|-supereffective|p1a: Rhydon\n|-damage|p1a: Rhydon|44/100\n|\n|upkeep\n|turn|101\n|\n|t:|1782560405\n|move|p2a: Cloyster|Clamp|p1a: Rhydon|[from] Clamp\n|-damage|p1a: Rhydon|0 fnt\n|faint|p1a: Rhydon\n|\n|win|RoboKyII\n|c|☆RoboKyII|gg\n|c|☆RoboKyII|sry\n","uploadtime":1782560405,"views":"106","formatid":"gen1ou","rating":null,"private":0,"password":null}