{"id":"smogtours-gen1ou-949932","format":"[Gen 1] OU","players":["TG2513","Soda Krys"],"log":"|inactive|Battle timer is ON: inactive players will automatically lose when time's up.\n|t:|1782332440\n|gametype|singles\n|player|p1|TG2513|brycenman|\n|player|p2|Soda Krys|lass-gen1rb|\n|gen|1\n|tier|[Gen 1] OU\n|rule|Desync Clause Mod: Desyncs changed to move failure.\n|rule|HP Percentage Mod: HP is shown in percentages\n|rule|Endless Battle Clause: Forcing endless battles is banned\n|rule|Sleep Clause Mod: Limit one foe put to sleep\n|rule|Freeze Clause Mod: Limit one foe frozen\n|rule|Species Clause: Limit one of each Pokémon\n|rule|OHKO Clause: OHKO moves are banned\n|rule|Evasion Moves Clause: Evasion moves are banned\n|\n|t:|1782332440\n|teamsize|p1|6\n|teamsize|p2|6\n|start\n|switch|p1a: Gengar|Gengar|100/100\n|switch|p2a: Firework|Gengar|100/100\n|turn|1\n|inactive|Soda Krys also wants the timer to be on.\n|\n|t:|1782332447\n|move|p2a: Firework|Hypnosis|p1a: Gengar|[miss]\n|-miss|p2a: Firework\n|move|p1a: Gengar|Hypnosis|p2a: Firework\n|-status|p2a: Firework|slp|[from] move: Hypnosis\n|\n|upkeep\n|turn|2\n|\n|t:|1782332449\n|cant|p2a: Firework|slp\n|move|p1a: Gengar|Psychic|p2a: Firework\n|-supereffective|p2a: Firework\n|-damage|p2a: Firework|55/100 slp\n|\n|upkeep\n|turn|3\n|\n|t:|1782332453\n|switch|p2a: E.T.|Exeggutor|100/100\n|move|p1a: Gengar|Psychic|p2a: E.T.\n|-resisted|p2a: E.T.\n|-damage|p2a: E.T.|92/100\n|\n|upkeep\n|turn|4\n|\n|t:|1782332456\n|move|p1a: Gengar|Thunderbolt|p2a: E.T.\n|-resisted|p2a: E.T.\n|-damage|p2a: E.T.|82/100\n|move|p2a: E.T.|Psychic|p1a: Gengar\n|-supereffective|p1a: Gengar\n|-damage|p1a: Gengar|41/100\n|\n|upkeep\n|turn|5\n|\n|t:|1782332466\n|switch|p2a: Firework|Gengar|55/100 slp\n|move|p1a: Gengar|Psychic|p2a: Firework\n|-supereffective|p2a: Firework\n|-damage|p2a: Firework|12/100 slp\n|\n|upkeep\n|turn|6\n|\n|t:|1782332470\n|switch|p2a: E.T.|Exeggutor|82/100\n|move|p1a: Gengar|Thunderbolt|p2a: E.T.\n|-resisted|p2a: E.T.\n|-damage|p2a: E.T.|72/100\n|\n|upkeep\n|turn|7\n|\n|t:|1782332474\n|move|p1a: Gengar|Explosion|p2a: E.T.\n|-crit|p2a: E.T.\n|-damage|p2a: E.T.|0 fnt\n|faint|p2a: E.T.\n|faint|p1a: Gengar\n|\n|t:|1782332482\n|switch|p1a: Chansey|Chansey|100/100\n|switch|p2a: California Gurls|Jynx|100/100\n|turn|8\n|c|☆TG2513|3 sleepers. damn\n|\n|t:|1782332495\n|move|p2a: California Gurls|Lovely Kiss|p1a: Chansey|[miss]\n|-miss|p2a: California Gurls\n|move|p1a: Chansey|Thunder Wave|p2a: California Gurls\n|-status|p2a: California Gurls|par\n|\n|upkeep\n|turn|9\n|c|☆Soda Krys|no\n|c|☆Soda Krys|2 sleepers\n|\n|t:|1782332505\n|move|p1a: Chansey|Ice Beam|p2a: California Gurls\n|-resisted|p2a: California Gurls\n|-damage|p2a: California Gurls|89/100 par\n|cant|p2a: California Gurls|par\n|\n|upkeep\n|turn|10\n|c|☆Soda Krys|!showset 5\n|c| Soda Krys|/raw <div class=\"infobox\">E.T. (Exeggutor)  <br />Ability: No Ability  <br />EVs: 252 HP &#x2f; 252 Atk &#x2f; 252 Def &#x2f; 252 SpA &#x2f; 252 SpD &#x2f; 252 Spe  <br />Serious Nature  <br />IVs: 30 HP &#x2f; 30 Atk &#x2f; 30 Def &#x2f; 30 SpA &#x2f; 30 SpD &#x2f; 30 Spe  <br />- Stun Spore  <br />- Psychic  <br />- Mega Drain  <br />- Rest  <br /><br /></div>\n|\n|t:|1782332510\n|move|p1a: Chansey|Ice Beam|p2a: California Gurls\n|-resisted|p2a: California Gurls\n|-damage|p2a: California Gurls|77/100 par\n|move|p2a: California Gurls|Lovely Kiss|p1a: Chansey\n|-status|p1a: Chansey|slp|[from] move: Lovely Kiss\n|\n|upkeep\n|turn|11\n|\n|t:|1782332515\n|switch|p1a: Cloyster|Cloyster|100/100\n|cant|p2a: California Gurls|par\n|\n|upkeep\n|turn|12\n|\n|t:|1782332519\n|move|p1a: Cloyster|Clamp|p2a: California Gurls\n|-damage|p2a: California Gurls|66/100 par\n|cant|p2a: California Gurls|partiallytrapped\n|\n|upkeep\n|turn|13\n|\n|t:|1782332522\n|switch|p2a: Last Friday Night|Tauros|100/100\n|move|p1a: Cloyster|Clamp|p2a: Last Friday Night\n|-damage|p2a: Last Friday Night|86/100\n|\n|upkeep\n|turn|14\n|\n|t:|1782332525\n|switch|p2a: Peacock|Chansey|100/100\n|move|p1a: Cloyster|Clamp|p2a: Peacock\n|-damage|p2a: Peacock|95/100\n|\n|upkeep\n|turn|15\n|\n|t:|1782332534\n|move|p1a: Cloyster|Clamp|p2a: Peacock|[from] Clamp\n|-damage|p2a: Peacock|90/100\n|\n|upkeep\n|turn|16\n|\n|t:|1782332536\n|move|p1a: Cloyster|Clamp|p2a: Peacock|[from] Clamp\n|-damage|p2a: Peacock|85/100\n|\n|upkeep\n|turn|17\n|\n|t:|1782332538\n|move|p1a: Cloyster|Clamp|p2a: Peacock|[from] Clamp\n|-damage|p2a: Peacock|80/100\n|\n|upkeep\n|turn|18\n|\n|t:|1782332541\n|move|p1a: Cloyster|Clamp|p2a: Peacock|[miss]\n|-miss|p1a: Cloyster\n|move|p2a: Peacock|Thunder Wave|p1a: Cloyster\n|-status|p1a: Cloyster|par\n|\n|upkeep\n|turn|19\n|\n|t:|1782332545\n|switch|p2a: Firework|Gengar|12/100 slp\n|move|p1a: Cloyster|Blizzard|p2a: Firework|[miss]\n|-miss|p1a: Cloyster\n|\n|upkeep\n|turn|20\n|\n|t:|1782332549\n|switch|p2a: California Gurls|Jynx|66/100 par\n|move|p1a: Cloyster|Blizzard|p2a: California Gurls|[miss]\n|-miss|p1a: Cloyster\n|\n|upkeep\n|turn|21\n|\n|t:|1782332553\n|move|p2a: California Gurls|Psychic|p1a: Cloyster\n|-damage|p1a: Cloyster|61/100 par\n|move|p1a: Cloyster|Blizzard|p2a: California Gurls\n|-resisted|p2a: California Gurls\n|-damage|p2a: California Gurls|45/100 par\n|\n|upkeep\n|turn|22\n|\n|t:|1782332557\n|cant|p2a: California Gurls|par\n|cant|p1a: Cloyster|par\n|\n|upkeep\n|turn|23\n|\n|t:|1782332559\n|move|p2a: California Gurls|Psychic|p1a: Cloyster\n|-crit|p1a: Cloyster\n|-damage|p1a: Cloyster|0 fnt\n|faint|p1a: Cloyster\n|c|☆TG2513|how did I lose that interaction\n|\n|t:|1782332573\n|switch|p1a: Snorlax|Snorlax|100/100\n|turn|24\n|\n|t:|1782332577\n|switch|p2a: Firework|Gengar|12/100 slp\n|move|p1a: Snorlax|Body Slam|p2a: Firework\n|-immune|p2a: Firework\n|\n|upkeep\n|turn|25\n|\n|t:|1782332582\n|switch|p2a: Teenage Dream|Snorlax|100/100\n|move|p1a: Snorlax|Earthquake|p2a: Teenage Dream\n|-damage|p2a: Teenage Dream|79/100\n|\n|upkeep\n|turn|26\n|\n|t:|1782332584\n|move|p2a: Teenage Dream|Reflect|p2a: Teenage Dream\n|-start|p2a: Teenage Dream|Reflect\n|move|p1a: Snorlax|Body Slam|p2a: Teenage Dream\n|-damage|p2a: Teenage Dream|65/100\n|\n|upkeep\n|turn|27\n|\n|t:|1782332587\n|move|p2a: Teenage Dream|Ice Beam|p1a: Snorlax\n|-damage|p1a: Snorlax|86/100\n|move|p1a: Snorlax|Counter|p2a: Teenage Dream\n|-fail|p1a: Snorlax\n|\n|upkeep\n|turn|28\n|\n|t:|1782332592\n|move|p2a: Teenage Dream|Ice Beam|p1a: Snorlax\n|-damage|p1a: Snorlax|71/100\n|move|p1a: Snorlax|Body Slam|p2a: Teenage Dream\n|-damage|p2a: Teenage Dream|51/100\n|\n|upkeep\n|turn|29\n|\n|t:|1782332596\n|move|p2a: Teenage Dream|Ice Beam|p1a: Snorlax\n|-damage|p1a: Snorlax|57/100\n|move|p1a: Snorlax|Body Slam|p2a: Teenage Dream\n|-damage|p2a: Teenage Dream|39/100\n|\n|upkeep\n|turn|30\n|\n|t:|1782332600\n|move|p2a: Teenage Dream|Ice Beam|p1a: Snorlax\n|-damage|p1a: Snorlax|43/100\n|move|p1a: Snorlax|Hyper Beam|p2a: Teenage Dream\n|-damage|p2a: Teenage Dream|13/100\n|-mustrecharge|p1a: Snorlax\n|\n|upkeep\n|turn|31\n|\n|t:|1782332604\n|move|p2a: Teenage Dream|Rest|p2a: Teenage Dream\n|-status|p2a: Teenage Dream|slp|[from] move: Rest\n|-heal|p2a: Teenage Dream|100/100 slp|[silent]\n|cant|p1a: Snorlax|recharge\n|\n|upkeep\n|turn|32\n|\n|t:|1782332607\n|switch|p1a: Zapdos|Zapdos|100/100\n|cant|p2a: Teenage Dream|slp\n|\n|upkeep\n|turn|33\n|\n|t:|1782332609\n|move|p1a: Zapdos|Thunderbolt|p2a: Teenage Dream\n|-damage|p2a: Teenage Dream|69/100 slp\n|-curestatus|p2a: Teenage Dream|slp|[msg]\n|\n|upkeep\n|turn|34\n|\n|t:|1782332611\n|move|p1a: Zapdos|Thunder Wave|p2a: Teenage Dream\n|-status|p2a: Teenage Dream|par\n|move|p2a: Teenage Dream|Body Slam|p1a: Zapdos\n|-damage|p1a: Zapdos|69/100\n|\n|upkeep\n|turn|35\n|\n|t:|1782332617\n|switch|p1a: Snorlax|Snorlax|43/100\n|move|p2a: Teenage Dream|Body Slam|p1a: Snorlax\n|-damage|p1a: Snorlax|16/100\n|\n|upkeep\n|turn|36\n|\n|t:|1782332623\n|move|p1a: Snorlax|Body Slam|p2a: Teenage Dream\n|-damage|p2a: Teenage Dream|57/100 par\n|move|p2a: Teenage Dream|Ice Beam|p1a: Snorlax\n|-damage|p1a: Snorlax|3/100\n|\n|upkeep\n|turn|37\n|\n|t:|1782332628\n|move|p1a: Snorlax|Hyper Beam|p2a: Teenage Dream\n|-damage|p2a: Teenage Dream|33/100 par\n|-mustrecharge|p1a: Snorlax\n|move|p2a: Teenage Dream|Ice Beam|p1a: Snorlax\n|-damage|p1a: Snorlax|0 fnt\n|faint|p1a: Snorlax\n|\n|t:|1782332637\n|switch|p1a: Zapdos|Zapdos|69/100\n|turn|38\n|\n|t:|1782332660\n|move|p1a: Zapdos|Thunderbolt|p2a: Teenage Dream\n|-damage|p2a: Teenage Dream|3/100 par\n|move|p2a: Teenage Dream|Body Slam|p1a: Zapdos\n|-damage|p1a: Zapdos|39/100\n|\n|upkeep\n|turn|39\n|\n|t:|1782332665\n|move|p1a: Zapdos|Drill Peck|p2a: Teenage Dream\n|-crit|p2a: Teenage Dream\n|-damage|p2a: Teenage Dream|0 fnt\n|faint|p2a: Teenage Dream\n|\n|t:|1782332671\n|switch|p2a: Peacock|Chansey|80/100\n|turn|40\n|\n|t:|1782332674\n|move|p1a: Zapdos|Thunder Wave|p2a: Peacock\n|-status|p2a: Peacock|par\n|move|p2a: Peacock|Thunder Wave|p1a: Zapdos\n|-status|p1a: Zapdos|par\n|\n|upkeep\n|turn|41\n|\n|t:|1782332680\n|cant|p1a: Zapdos|par\n|move|p2a: Peacock|Seismic Toss|p1a: Zapdos\n|-damage|p1a: Zapdos|13/100 par\n|\n|upkeep\n|turn|42\n|\n|t:|1782332697\n|switch|p2a: Firework|Gengar|12/100 slp\n|move|p1a: Zapdos|Drill Peck|p2a: Firework\n|-damage|p2a: Firework|0 fnt\n|faint|p2a: Firework\n|\n|t:|1782332699\n|switch|p2a: Last Friday Night|Tauros|86/100\n|turn|43\n|\n|t:|1782332702\n|move|p2a: Last Friday Night|Body Slam|p1a: Zapdos\n|-damage|p1a: Zapdos|0 fnt\n|faint|p1a: Zapdos\n|\n|t:|1782332704\n|switch|p1a: Tauros|Tauros|100/100\n|turn|44\n|\n|t:|1782332715\n|move|p1a: Tauros|Body Slam|p2a: Last Friday Night\n|-damage|p2a: Last Friday Night|56/100\n|move|p2a: Last Friday Night|Body Slam|p1a: Tauros\n|-damage|p1a: Tauros|70/100\n|\n|upkeep\n|turn|45\n|\n|t:|1782332722\n|move|p1a: Tauros|Body Slam|p2a: Last Friday Night\n|-damage|p2a: Last Friday Night|27/100\n|move|p2a: Last Friday Night|Body Slam|p1a: Tauros\n|-damage|p1a: Tauros|40/100\n|\n|upkeep\n|turn|46\n|\n|t:|1782332729\n|move|p1a: Tauros|Body Slam|p2a: Last Friday Night\n|-damage|p2a: Last Friday Night|0 fnt\n|faint|p2a: Last Friday Night\n|\n|t:|1782332732\n|switch|p2a: Peacock|Chansey|80/100 par\n|turn|47\n|\n|t:|1782332738\n|switch|p1a: Chansey|Chansey|100/100 slp\n|move|p2a: Peacock|Thunder Wave|p1a: Chansey\n|-fail|p1a: Chansey\n|\n|upkeep\n|turn|48\n|\n|t:|1782332741\n|-curestatus|p1a: Chansey|slp|[msg]\n|move|p2a: Peacock|Counter|p1a: Chansey\n|-damage|p1a: Chansey|74/100\n|\n|upkeep\n|turn|49\n|\n|t:|1782332747\n|move|p1a: Chansey|Ice Beam|p2a: Peacock\n|-damage|p2a: Peacock|69/100 par\n|move|p2a: Peacock|Thunder Wave|p1a: Chansey\n|-status|p1a: Chansey|par\n|\n|upkeep\n|turn|50\n|\n|t:|1782332750\n|move|p1a: Chansey|Ice Beam|p2a: Peacock|[miss]\n|-miss|p1a: Chansey\n|-hint|In Gen 1, moves with 100% accuracy can still miss 1/256 of the time.\n|move|p2a: Peacock|Seismic Toss|p1a: Chansey\n|-damage|p1a: Chansey|60/100 par\n|\n|upkeep\n|turn|51\n|\n|t:|1782332758\n|move|p2a: Peacock|Thunder Wave|p1a: Chansey\n|-fail|p1a: Chansey|par\n|move|p1a: Chansey|Ice Beam|p2a: Peacock\n|-damage|p2a: Peacock|58/100 par\n|\n|upkeep\n|turn|52\n|\n|t:|1782332762\n|move|p2a: Peacock|Thunder Wave|p1a: Chansey\n|-fail|p1a: Chansey|par\n|move|p1a: Chansey|Thunder Wave|p2a: Peacock\n|-fail|p2a: Peacock|par\n|\n|upkeep\n|turn|53\n|\n|t:|1782332765\n|move|p2a: Peacock|Soft-Boiled|p2a: Peacock\n|-heal|p2a: Peacock|100/100 par\n|move|p1a: Chansey|Sing|p2a: Peacock\n|-fail|p2a: Peacock\n|\n|upkeep\n|turn|54\n|\n|t:|1782332769\n|move|p1a: Chansey|Soft-Boiled|p1a: Chansey\n|-heal|p1a: Chansey|100/100 par\n|move|p2a: Peacock|Counter|p1a: Chansey\n|-fail|p2a: Peacock\n|\n|upkeep\n|turn|55\n|\n|t:|1782332773\n|move|p2a: Peacock|Seismic Toss|p1a: Chansey\n|-damage|p1a: Chansey|86/100 par\n|cant|p1a: Chansey|par\n|\n|upkeep\n|turn|56\n|\n|t:|1782332777\n|move|p1a: Chansey|Sing|p2a: Peacock|[miss]\n|-miss|p1a: Chansey\n|cant|p2a: Peacock|par\n|\n|upkeep\n|turn|57\n|\n|t:|1782332780\n|move|p2a: Peacock|Thunder Wave|p1a: Chansey\n|-fail|p1a: Chansey|par\n|cant|p1a: Chansey|par\n|\n|upkeep\n|turn|58\n|\n|t:|1782332783\n|move|p1a: Chansey|Sing|p2a: Peacock\n|-fail|p2a: Peacock\n|move|p2a: Peacock|Seismic Toss|p1a: Chansey\n|-damage|p1a: Chansey|72/100 par\n|\n|upkeep\n|turn|59\n|\n|t:|1782332786\n|move|p2a: Peacock|Seismic Toss|p1a: Chansey\n|-damage|p1a: Chansey|58/100 par\n|move|p1a: Chansey|Sing|p2a: Peacock\n|-fail|p2a: Peacock\n|\n|upkeep\n|turn|60\n|\n|t:|1782332789\n|move|p1a: Chansey|Soft-Boiled|p1a: Chansey\n|-heal|p1a: Chansey|100/100 par\n|move|p2a: Peacock|Seismic Toss|p1a: Chansey\n|-damage|p1a: Chansey|86/100 par\n|\n|upkeep\n|turn|61\n|\n|t:|1782332795\n|move|p1a: Chansey|Thunder Wave|p2a: Peacock\n|-fail|p2a: Peacock|par\n|move|p2a: Peacock|Seismic Toss|p1a: Chansey\n|-damage|p1a: Chansey|72/100 par\n|\n|upkeep\n|turn|62\n|\n|t:|1782332798\n|move|p1a: Chansey|Ice Beam|p2a: Peacock\n|-damage|p2a: Peacock|91/100 par\n|move|p2a: Peacock|Counter|p1a: Chansey\n|-fail|p2a: Peacock\n|\n|upkeep\n|turn|63\n|\n|t:|1782332801\n|move|p1a: Chansey|Sing|p2a: Peacock\n|-fail|p2a: Peacock\n|move|p2a: Peacock|Counter|p1a: Chansey\n|-fail|p2a: Peacock\n|\n|upkeep\n|turn|64\n|\n|t:|1782332804\n|move|p1a: Chansey|Sing|p2a: Peacock\n|-fail|p2a: Peacock\n|move|p2a: Peacock|Counter|p1a: Chansey\n|-fail|p2a: Peacock\n|\n|upkeep\n|turn|65\n|\n|t:|1782332806\n|move|p1a: Chansey|Sing|p2a: Peacock\n|-fail|p2a: Peacock\n|cant|p2a: Peacock|par\n|\n|upkeep\n|turn|66\n|\n|t:|1782332809\n|move|p1a: Chansey|Sing|p2a: Peacock|[miss]\n|-miss|p1a: Chansey\n|move|p2a: Peacock|Counter|p1a: Chansey\n|-fail|p2a: Peacock\n|\n|upkeep\n|turn|67\n|\n|t:|1782332812\n|move|p2a: Peacock|Seismic Toss|p1a: Chansey\n|-damage|p1a: Chansey|58/100 par\n|move|p1a: Chansey|Soft-Boiled|p1a: Chansey\n|-heal|p1a: Chansey|100/100 par\n|\n|upkeep\n|turn|68\n|\n|t:|1782332816\n|move|p1a: Chansey|Thunder Wave|p2a: Peacock\n|-fail|p2a: Peacock|par\n|move|p2a: Peacock|Seismic Toss|p1a: Chansey\n|-damage|p1a: Chansey|86/100 par\n|\n|upkeep\n|turn|69\n|\n|t:|1782332822\n|move|p2a: Peacock|Seismic Toss|p1a: Chansey\n|-damage|p1a: Chansey|72/100 par\n|move|p1a: Chansey|Sing|p2a: Peacock\n|-fail|p2a: Peacock\n|\n|upkeep\n|turn|70\n|\n|t:|1782332825\n|move|p1a: Chansey|Sing|p2a: Peacock\n|-fail|p2a: Peacock\n|cant|p2a: Peacock|par\n|\n|upkeep\n|turn|71\n|\n|t:|1782332831\n|move|p2a: Peacock|Thunder Wave|p1a: Chansey\n|-fail|p1a: Chansey|par\n|cant|p1a: Chansey|par\n|\n|upkeep\n|turn|72\n|\n|t:|1782332833\n|move|p2a: Peacock|Thunder Wave|p1a: Chansey\n|-fail|p1a: Chansey|par\n|move|p1a: Chansey|Ice Beam|p2a: Peacock\n|-crit|p2a: Peacock\n|-damage|p2a: Peacock|71/100 par\n|\n|upkeep\n|turn|73\n|\n|t:|1782332837\n|move|p2a: Peacock|Soft-Boiled|p2a: Peacock\n|-heal|p2a: Peacock|100/100 par\n|move|p1a: Chansey|Sing|p2a: Peacock\n|-fail|p2a: Peacock\n|\n|upkeep\n|turn|74\n|\n|t:|1782332841\n|move|p1a: Chansey|Sing|p2a: Peacock\n|-fail|p2a: Peacock\n|move|p2a: Peacock|Counter|p1a: Chansey\n|-fail|p2a: Peacock\n|\n|upkeep\n|turn|75\n|\n|t:|1782332846\n|move|p1a: Chansey|Sing|p2a: Peacock|[miss]\n|-miss|p1a: Chansey\n|move|p2a: Peacock|Seismic Toss|p1a: Chansey\n|-damage|p1a: Chansey|58/100 par\n|\n|upkeep\n|turn|76\n|\n|t:|1782332850\n|move|p1a: Chansey|Soft-Boiled|p1a: Chansey\n|-heal|p1a: Chansey|100/100 par\n|move|p2a: Peacock|Counter|p1a: Chansey\n|-fail|p2a: Peacock\n|\n|upkeep\n|turn|77\n|\n|t:|1782332862\n|move|p1a: Chansey|Thunder Wave|p2a: Peacock\n|-fail|p2a: Peacock|par\n|move|p2a: Peacock|Seismic Toss|p1a: Chansey\n|-damage|p1a: Chansey|86/100 par\n|\n|upkeep\n|turn|78\n|\n|t:|1782332864\n|move|p1a: Chansey|Thunder Wave|p2a: Peacock\n|-fail|p2a: Peacock|par\n|move|p2a: Peacock|Counter|p1a: Chansey\n|-fail|p2a: Peacock\n|\n|upkeep\n|turn|79\n|\n|t:|1782332893\n|move|p1a: Chansey|Thunder Wave|p2a: Peacock\n|-fail|p2a: Peacock|par\n|move|p2a: Peacock|Seismic Toss|p1a: Chansey\n|-damage|p1a: Chansey|72/100 par\n|\n|upkeep\n|turn|80\n|\n|t:|1782332899\n|cant|p1a: Chansey|par\n|move|p2a: Peacock|Counter|p1a: Chansey\n|-fail|p2a: Peacock\n|\n|upkeep\n|turn|81\n|\n|t:|1782332905\n|switch|p2a: California Gurls|Jynx|45/100 par\n|move|p1a: Chansey|Thunder Wave|p2a: California Gurls\n|-fail|p2a: California Gurls|par\n|\n|upkeep\n|turn|82\n|\n|t:|1782332910\n|move|p2a: California Gurls|Psychic|p1a: Chansey\n|-damage|p1a: Chansey|58/100 par\n|move|p1a: Chansey|Ice Beam|p2a: California Gurls\n|-resisted|p2a: California Gurls\n|-damage|p2a: California Gurls|34/100 par\n|\n|upkeep\n|turn|83\n|\n|t:|1782332914\n|cant|p2a: California Gurls|par\n|move|p1a: Chansey|Soft-Boiled|p1a: Chansey\n|-heal|p1a: Chansey|100/100 par\n|\n|upkeep\n|turn|84\n|\n|t:|1782332916\n|move|p2a: California Gurls|Psychic|p1a: Chansey\n|-damage|p1a: Chansey|87/100 par\n|-unboost|p1a: Chansey|spa|1\n|-unboost|p1a: Chansey|spd|1\n|move|p1a: Chansey|Ice Beam|p2a: California Gurls\n|-resisted|p2a: California Gurls\n|-damage|p2a: California Gurls|25/100 par\n|\n|upkeep\n|turn|85\n|\n|t:|1782332920\n|move|p2a: California Gurls|Rest|p2a: California Gurls\n|-status|p2a: California Gurls|slp|[from] move: Rest\n|-heal|p2a: California Gurls|100/100 slp|[silent]\n|cant|p1a: Chansey|par\n|\n|upkeep\n|turn|86\n|\n|t:|1782332925\n|switch|p2a: Peacock|Chansey|100/100 par\n|switch|p1a: Tauros|Tauros|40/100\n|\n|upkeep\n|turn|87\n|\n|t:|1782332931\n|switch|p1a: Chansey|Chansey|87/100 par\n|cant|p2a: Peacock|par\n|\n|upkeep\n|turn|88\n|\n|t:|1782332938\n|switch|p2a: California Gurls|Jynx|100/100 slp\n|cant|p1a: Chansey|par\n|\n|upkeep\n|turn|89\n|\n|t:|1782332940\n|switch|p1a: Tauros|Tauros|40/100\n|cant|p2a: California Gurls|slp\n|\n|upkeep\n|turn|90\n|\n|t:|1782332945\n|move|p1a: Tauros|Body Slam|p2a: California Gurls\n|-damage|p2a: California Gurls|43/100 slp\n|-curestatus|p2a: California Gurls|slp|[msg]\n|\n|upkeep\n|turn|91\n|\n|t:|1782332951\n|move|p1a: Tauros|Body Slam|p2a: California Gurls\n|-damage|p2a: California Gurls|0 fnt\n|faint|p2a: California Gurls\n|\n|t:|1782332953\n|switch|p2a: Peacock|Chansey|100/100 par\n|turn|92\n|\n|t:|1782332959\n|switch|p1a: Chansey|Chansey|87/100 par\n|move|p2a: Peacock|Counter|p1a: Chansey\n|-damage|p1a: Chansey|46/100 par\n|\n|upkeep\n|turn|93\n|\n|t:|1782332963\n|move|p1a: Chansey|Soft-Boiled|p1a: Chansey\n|-heal|p1a: Chansey|96/100 par\n|move|p2a: Peacock|Seismic Toss|p1a: Chansey\n|-damage|p1a: Chansey|82/100 par\n|\n|upkeep\n|turn|94\n|\n|t:|1782332968\n|move|p2a: Peacock|Thunder Wave|p1a: Chansey\n|-fail|p1a: Chansey|par\n|move|p1a: Chansey|Thunder Wave|p2a: Peacock\n|-fail|p2a: Peacock|par\n|\n|upkeep\n|turn|95\n|\n|t:|1782332981\n|cant|p1a: Chansey|par\n|move|p2a: Peacock|Counter|p1a: Chansey\n|-fail|p2a: Peacock\n|\n|upkeep\n|turn|96\n|\n|t:|1782332984\n|move|p1a: Chansey|Thunder Wave|p2a: Peacock\n|-fail|p2a: Peacock|par\n|move|p2a: Peacock|Counter|p1a: Chansey\n|-fail|p2a: Peacock\n|\n|upkeep\n|turn|97\n|\n|t:|1782332988\n|move|p1a: Chansey|Thunder Wave|p2a: Peacock\n|-fail|p2a: Peacock|par\n|move|p2a: Peacock|Seismic Toss|p1a: Chansey\n|-damage|p1a: Chansey|68/100 par\n|\n|upkeep\n|turn|98\n|\n|t:|1782332990\n|move|p1a: Chansey|Thunder Wave|p2a: Peacock\n|-fail|p2a: Peacock|par\n|cant|p2a: Peacock|par\n|\n|upkeep\n|turn|99\n|\n|t:|1782332992\n|move|p1a: Chansey|Sing|p2a: Peacock\n|-fail|p2a: Peacock\n|move|p2a: Peacock|Thunder Wave|p1a: Chansey\n|-fail|p1a: Chansey|par\n|\n|upkeep\n|turn|100\n|\n|t:|1782332994\n|cant|p2a: Peacock|par\n|cant|p1a: Chansey|par\n|\n|upkeep\n|turn|101\n|\n|t:|1782332997\n|move|p2a: Peacock|Seismic Toss|p1a: Chansey\n|-damage|p1a: Chansey|54/100 par\n|move|p1a: Chansey|Sing|p2a: Peacock\n|-fail|p2a: Peacock\n|\n|upkeep\n|turn|102\n|\n|t:|1782332999\n|move|p1a: Chansey|Soft-Boiled|p1a: Chansey\n|-heal|p1a: Chansey|100/100 par\n|move|p2a: Peacock|Thunder Wave|p1a: Chansey\n|-fail|p1a: Chansey|par\n|\n|upkeep\n|turn|103\n|\n|t:|1782333004\n|cant|p2a: Peacock|par\n|cant|p1a: Chansey|par\n|\n|upkeep\n|turn|104\n|\n|t:|1782333006\n|move|p2a: Peacock|Seismic Toss|p1a: Chansey\n|-damage|p1a: Chansey|86/100 par\n|move|p1a: Chansey|Thunder Wave|p2a: Peacock\n|-fail|p2a: Peacock|par\n|\n|upkeep\n|turn|105\n|\n|t:|1782333009\n|cant|p2a: Peacock|par\n|move|p1a: Chansey|Sing|p2a: Peacock|[miss]\n|-miss|p1a: Chansey\n|\n|upkeep\n|turn|106\n|\n|t:|1782333022\n|move|p2a: Peacock|Seismic Toss|p1a: Chansey\n|-damage|p1a: Chansey|72/100 par\n|cant|p1a: Chansey|par\n|\n|upkeep\n|turn|107\n|\n|t:|1782333026\n|move|p1a: Chansey|Thunder Wave|p2a: Peacock\n|-fail|p2a: Peacock|par\n|move|p2a: Peacock|Thunder Wave|p1a: Chansey\n|-fail|p1a: Chansey|par\n|\n|upkeep\n|turn|108\n|\n|t:|1782333034\n|move|p2a: Peacock|Thunder Wave|p1a: Chansey\n|-fail|p1a: Chansey|par\n|cant|p1a: Chansey|par\n|\n|upkeep\n|turn|109\n|\n|t:|1782333037\n|move|p1a: Chansey|Thunder Wave|p2a: Peacock\n|-fail|p2a: Peacock|par\n|move|p2a: Peacock|Thunder Wave|p1a: Chansey\n|-fail|p1a: Chansey|par\n|\n|upkeep\n|turn|110\n|\n|t:|1782333041\n|move|p2a: Peacock|Thunder Wave|p1a: Chansey\n|-fail|p1a: Chansey|par\n|move|p1a: Chansey|Soft-Boiled|p1a: Chansey\n|-heal|p1a: Chansey|100/100 par\n|\n|upkeep\n|turn|111\n|\n|t:|1782333048\n|move|p1a: Chansey|Thunder Wave|p2a: Peacock\n|-fail|p2a: Peacock|par\n|move|p2a: Peacock|Thunder Wave|p1a: Chansey\n|-fail|p1a: Chansey|par\n|\n|upkeep\n|turn|112\n|\n|t:|1782333051\n|move|p1a: Chansey|Thunder Wave|p2a: Peacock\n|-fail|p2a: Peacock|par\n|move|p2a: Peacock|Thunder Wave|p1a: Chansey\n|-fail|p1a: Chansey|par\n|\n|upkeep\n|turn|113\n|\n|t:|1782333055\n|move|p2a: Peacock|Thunder Wave|p1a: Chansey\n|-fail|p1a: Chansey|par\n|cant|p1a: Chansey|par\n|\n|upkeep\n|turn|114\n|\n|t:|1782333070\n|cant|p1a: Chansey|par\n|move|p2a: Peacock|Seismic Toss|p1a: Chansey\n|-damage|p1a: Chansey|86/100 par\n|\n|upkeep\n|turn|115\n|\n|t:|1782333073\n|move|p2a: Peacock|Thunder Wave|p1a: Chansey\n|-fail|p1a: Chansey|par\n|cant|p1a: Chansey|par\n|\n|upkeep\n|turn|116\n|\n|t:|1782333077\n|move|p2a: Peacock|Thunder Wave|p1a: Chansey\n|-fail|p1a: Chansey|par\n|move|p1a: Chansey|Sing|p2a: Peacock\n|-fail|p2a: Peacock\n|\n|upkeep\n|turn|117\n|\n|t:|1782333081\n|cant|p2a: Peacock|par\n|move|p1a: Chansey|Sing|p2a: Peacock|[miss]\n|-miss|p1a: Chansey\n|\n|upkeep\n|turn|118\n|\n|t:|1782333083\n|move|p2a: Peacock|Thunder Wave|p1a: Chansey\n|-fail|p1a: Chansey|par\n|cant|p1a: Chansey|par\n|\n|upkeep\n|turn|119\n|c|☆Soda Krys|LMAO\n|\n|t:|1782333099\n|move|p1a: Chansey|Sing|p2a: Peacock\n|-fail|p2a: Peacock\n|move|p2a: Peacock|Counter|p1a: Chansey\n|-fail|p2a: Peacock\n|\n|upkeep\n|turn|120\n|\n|t:|1782333103\n|move|p1a: Chansey|Thunder Wave|p2a: Peacock\n|-fail|p2a: Peacock|par\n|move|p2a: Peacock|Counter|p1a: Chansey\n|-fail|p2a: Peacock\n|\n|upkeep\n|turn|121\n|\n|t:|1782333106\n|switch|p1a: Tauros|Tauros|40/100\n|move|p2a: Peacock|Thunder Wave|p1a: Tauros\n|-status|p1a: Tauros|par\n|\n|upkeep\n|turn|122\n|\n|t:|1782333109\n|switch|p1a: Chansey|Chansey|86/100 par\n|move|p2a: Peacock|Counter|p1a: Chansey\n|-fail|p2a: Peacock\n|\n|upkeep\n|turn|123\n|\n|t:|1782333114\n|move|p1a: Chansey|Sing|p2a: Peacock\n|-fail|p2a: Peacock\n|cant|p2a: Peacock|par\n|\n|upkeep\n|turn|124\n|\n|t:|1782333118\n|move|p2a: Peacock|Seismic Toss|p1a: Chansey\n|-damage|p1a: Chansey|72/100 par\n|move|p1a: Chansey|Thunder Wave|p2a: Peacock\n|-fail|p2a: Peacock|par\n|\n|upkeep\n|turn|125\n|\n|t:|1782333127\n|move|p1a: Chansey|Thunder Wave|p2a: Peacock\n|-fail|p2a: Peacock|par\n|move|p2a: Peacock|Seismic Toss|p1a: Chansey\n|-damage|p1a: Chansey|58/100 par\n|\n|upkeep\n|turn|126\n|\n|t:|1782333130\n|move|p1a: Chansey|Soft-Boiled|p1a: Chansey\n|-heal|p1a: Chansey|100/100 par\n|cant|p2a: Peacock|par\n|\n|upkeep\n|turn|127\n|\n|t:|1782333134\n|move|p1a: Chansey|Ice Beam|p2a: Peacock\n|-damage|p2a: Peacock|89/100 par\n|move|p2a: Peacock|Thunder Wave|p1a: Chansey\n|-fail|p1a: Chansey|par\n|\n|upkeep\n|turn|128\n|\n|t:|1782333138\n|move|p1a: Chansey|Sing|p2a: Peacock\n|-fail|p2a: Peacock\n|move|p2a: Peacock|Thunder Wave|p1a: Chansey\n|-fail|p1a: Chansey|par\n|\n|upkeep\n|turn|129\n|\n|t:|1782333140\n|cant|p2a: Peacock|par\n|move|p1a: Chansey|Thunder Wave|p2a: Peacock\n|-fail|p2a: Peacock|par\n|\n|upkeep\n|turn|130\n|\n|t:|1782333142\n|move|p2a: Peacock|Thunder Wave|p1a: Chansey\n|-fail|p1a: Chansey|par\n|cant|p1a: Chansey|par\n|\n|upkeep\n|turn|131\n|\n|t:|1782333144\n|switch|p1a: Tauros|Tauros|40/100 par\n|cant|p2a: Peacock|par\n|\n|upkeep\n|turn|132\n|\n|t:|1782333147\n|cant|p1a: Tauros|par\n|move|p2a: Peacock|Counter|p1a: Tauros\n|-fail|p2a: Peacock\n|\n|upkeep\n|turn|133\n|\n|t:|1782333150\n|move|p1a: Tauros|Earthquake|p2a: Peacock\n|-damage|p2a: Peacock|57/100 par\n|move|p2a: Peacock|Counter|p1a: Tauros\n|-fail|p2a: Peacock\n|\n|upkeep\n|turn|134\n|\n|t:|1782333154\n|move|p1a: Tauros|Hyper Beam|p2a: Peacock\n|-crit|p2a: Peacock\n|-damage|p2a: Peacock|0 fnt\n|faint|p2a: Peacock\n|\n|win|TG2513\n|c|☆TG2513|GG\n|c|☆Soda Krys|whatever i lost that long ago\n|c|☆Soda Krys|4-6\n","uploadtime":1782333154,"views":"75","formatid":"gen1ou","rating":null,"private":0,"password":null}