{"id":"smogtours-gen1ou-958129","format":"[Gen 1] OU","players":["violet river","Laroxyl"],"log":"|inactive|Battle timer is ON: inactive players will automatically lose when time's up.\n|t:|1784710393\n|gametype|singles\n|player|p1|violet river|#advplvi|\n|player|p2|Laroxyl|#splxviitigers2|\n|gen|1\n|tier|[Gen 1] OU\n|rule|Desync Clause Mod: Desyncs resolve to link battle behavior from the acting player's perspective.\n|rule|HP Percentage Mod: HP is shown in percentages\n|rule|Endless Battle Clause: Forcing endless battles is banned\n|rule|Sleep Clause Mod: Limit one foe put to sleep\n|rule|Freeze Clause Mod: Limit one foe frozen\n|rule|Species Clause: Limit one of each Pokémon\n|rule|OHKO Clause: OHKO moves are banned\n|rule|Evasion Moves Clause: Evasion moves are banned\n|\n|t:|1784710393\n|teamsize|p1|6\n|teamsize|p2|6\n|start\n|switch|p1a: Chansey|Chansey|100/100\n|switch|p2a: Jynx|Jynx|100/100\n|turn|1\n|c|☆violet river|hf\n|\n|t:|1784710412\n|move|p2a: Jynx|Lovely Kiss|p1a: Chansey\n|-status|p1a: Chansey|slp|[from] move: Lovely Kiss\n|-curestatus|p1a: Chansey|slp|[msg]\n|\n|upkeep\n|turn|2\n|c|☆Laroxyl|hf\n|\n|t:|1784710422\n|move|p2a: Jynx|Lovely Kiss|p1a: Chansey\n|-status|p1a: Chansey|slp|[from] move: Lovely Kiss\n|cant|p1a: Chansey|slp\n|\n|upkeep\n|turn|3\n|\n|t:|1784710428\n|switch|p1a: Starmie|Starmie|100/100\n|move|p2a: Jynx|Psychic|p1a: Starmie\n|-resisted|p1a: Starmie\n|-damage|p1a: Starmie|86/100\n|\n|upkeep\n|turn|4\n|\n|t:|1784710434\n|switch|p2a: Chansey|Chansey|100/100\n|move|p1a: Starmie|Surf|p2a: Chansey\n|-damage|p2a: Chansey|85/100\n|\n|upkeep\n|turn|5\n|\n|t:|1784710439\n|switch|p1a: Exeggutor|Exeggutor|100/100\n|move|p2a: Chansey|Ice Beam|p1a: Exeggutor\n|-supereffective|p1a: Exeggutor\n|-damage|p1a: Exeggutor|65/100\n|\n|upkeep\n|turn|6\n|\n|t:|1784710446\n|switch|p2a: Jynx|Jynx|100/100\n|move|p1a: Exeggutor|Sleep Powder|p2a: Jynx\n|-status|p2a: Jynx|slp|[from] move: Sleep Powder\n|\n|upkeep\n|turn|7\n|\n|t:|1784710449\n|cant|p2a: Jynx|slp\n|move|p1a: Exeggutor|Stun Spore|p2a: Jynx\n|-fail|p2a: Jynx\n|\n|upkeep\n|turn|8\n|\n|t:|1784710455\n|cant|p2a: Jynx|slp\n|move|p1a: Exeggutor|Stun Spore|p2a: Jynx|[miss]\n|-miss|p1a: Exeggutor\n|\n|upkeep\n|turn|9\n|\n|t:|1784710464\n|cant|p2a: Jynx|slp\n|move|p1a: Exeggutor|Stun Spore|p2a: Jynx\n|-fail|p2a: Jynx\n|\n|upkeep\n|turn|10\n|\n|t:|1784710473\n|switch|p2a: Chansey|Chansey|85/100\n|switch|p1a: Tauros|Tauros|100/100\n|\n|upkeep\n|turn|11\n|c|☆violet river|ive been owned.\n|\n|t:|1784710482\n|switch|p1a: Chansey|Chansey|100/100 slp\n|move|p2a: Chansey|Thunder Wave|p1a: Chansey\n|-fail|p1a: Chansey\n|\n|upkeep\n|turn|12\n|\n|t:|1784710497\n|switch|p1a: Snorlax|Snorlax|100/100\n|move|p2a: Chansey|Thunder Wave|p1a: Snorlax\n|-status|p1a: Snorlax|par\n|\n|upkeep\n|turn|13\n|\n|t:|1784710509\n|switch|p2a: Snorlax|Snorlax|100/100\n|cant|p1a: Snorlax|par\n|\n|upkeep\n|turn|14\n|\n|t:|1784710515\n|move|p2a: Snorlax|Body Slam|p1a: Snorlax\n|-damage|p1a: Snorlax|75/100 par\n|move|p1a: Snorlax|Reflect|p1a: Snorlax\n|-start|p1a: Snorlax|Reflect\n|\n|upkeep\n|turn|15\n|\n|t:|1784710519\n|move|p2a: Snorlax|Reflect|p2a: Snorlax\n|-start|p2a: Snorlax|Reflect\n|move|p1a: Snorlax|Body Slam|p2a: Snorlax\n|-damage|p2a: Snorlax|87/100\n|\n|upkeep\n|turn|16\n|\n|t:|1784710522\n|move|p2a: Snorlax|Body Slam|p1a: Snorlax\n|-damage|p1a: Snorlax|61/100 par\n|move|p1a: Snorlax|Body Slam|p2a: Snorlax\n|-damage|p2a: Snorlax|74/100\n|\n|upkeep\n|turn|17\n|\n|t:|1784710528\n|move|p2a: Snorlax|Body Slam|p1a: Snorlax\n|-damage|p1a: Snorlax|49/100 par\n|move|p1a: Snorlax|Rest|p1a: Snorlax\n|-status|p1a: Snorlax|slp|[from] move: Rest\n|-heal|p1a: Snorlax|100/100 slp|[silent]\n|\n|upkeep\n|turn|18\n|\n|t:|1784710533\n|move|p2a: Snorlax|Body Slam|p1a: Snorlax\n|-damage|p1a: Snorlax|87/100 slp\n|cant|p1a: Snorlax|slp\n|\n|upkeep\n|turn|19\n|\n|t:|1784710535\n|move|p2a: Snorlax|Body Slam|p1a: Snorlax\n|-damage|p1a: Snorlax|75/100 slp\n|-curestatus|p1a: Snorlax|slp|[msg]\n|\n|upkeep\n|turn|20\n|\n|t:|1784710537\n|move|p2a: Snorlax|Body Slam|p1a: Snorlax\n|-damage|p1a: Snorlax|61/100\n|move|p1a: Snorlax|Body Slam|p2a: Snorlax\n|-damage|p2a: Snorlax|60/100\n|\n|upkeep\n|turn|21\n|\n|t:|1784710541\n|move|p2a: Snorlax|Body Slam|p1a: Snorlax\n|-damage|p1a: Snorlax|48/100\n|move|p1a: Snorlax|Rest|p1a: Snorlax\n|-status|p1a: Snorlax|slp|[from] move: Rest\n|-heal|p1a: Snorlax|100/100 slp|[silent]\n|\n|upkeep\n|turn|22\n|\n|t:|1784710546\n|move|p2a: Snorlax|Rest|p2a: Snorlax\n|-status|p2a: Snorlax|slp|[from] move: Rest\n|-heal|p2a: Snorlax|100/100 slp|[silent]\n|cant|p1a: Snorlax|slp\n|\n|upkeep\n|turn|23\n|\n|t:|1784710552\n|switch|p1a: Exeggutor|Exeggutor|65/100\n|cant|p2a: Snorlax|slp\n|\n|upkeep\n|turn|24\n|\n|t:|1784710559\n|switch|p2a: Chansey|Chansey|85/100\n|move|p1a: Exeggutor|Psychic|p2a: Chansey\n|-damage|p2a: Chansey|68/100\n|-unboost|p2a: Chansey|spa|1\n|-unboost|p2a: Chansey|spd|1\n|\n|upkeep\n|turn|25\n|\n|t:|1784710564\n|move|p1a: Exeggutor|Explosion|p2a: Chansey\n|-damage|p2a: Chansey|0 fnt\n|faint|p2a: Chansey\n|faint|p1a: Exeggutor\n|\n|t:|1784710582\n|switch|p1a: Starmie|Starmie|86/100\n|switch|p2a: Exeggutor|Exeggutor|100/100\n|turn|26\n|\n|t:|1784710587\n|move|p1a: Starmie|Thunder Wave|p2a: Exeggutor\n|-status|p2a: Exeggutor|par\n|move|p2a: Exeggutor|Stun Spore|p1a: Starmie|[miss]\n|-miss|p2a: Exeggutor\n|\n|upkeep\n|turn|27\n|\n|t:|1784710591\n|switch|p1a: Chansey|Chansey|100/100 slp\n|cant|p2a: Exeggutor|par\n|\n|upkeep\n|turn|28\n|\n|t:|1784710601\n|switch|p2a: Tauros|Tauros|100/100\n|cant|p1a: Chansey|slp\n|\n|upkeep\n|turn|29\n|\n|t:|1784710608\n|switch|p1a: Starmie|Starmie|86/100\n|move|p2a: Tauros|Body Slam|p1a: Starmie\n|-damage|p1a: Starmie|51/100\n|\n|upkeep\n|turn|30\n|\n|t:|1784710618\n|switch|p2a: Exeggutor|Exeggutor|100/100 par\n|move|p1a: Starmie|Thunder Wave|p2a: Exeggutor\n|-fail|p2a: Exeggutor|par\n|\n|upkeep\n|turn|31\n|\n|t:|1784710622\n|move|p1a: Starmie|Recover|p1a: Starmie\n|-heal|p1a: Starmie|100/100\n|cant|p2a: Exeggutor|par\n|\n|upkeep\n|turn|32\n|\n|t:|1784710630\n|move|p1a: Starmie|Surf|p2a: Exeggutor\n|-resisted|p2a: Exeggutor\n|-damage|p2a: Exeggutor|89/100 par\n|move|p2a: Exeggutor|Psychic|p1a: Starmie\n|-resisted|p1a: Starmie\n|-damage|p1a: Starmie|81/100\n|-unboost|p1a: Starmie|spa|1\n|-unboost|p1a: Starmie|spd|1\n|\n|upkeep\n|turn|33\n|\n|t:|1784710639\n|switch|p1a: Chansey|Chansey|100/100 slp\n|cant|p2a: Exeggutor|par\n|\n|upkeep\n|turn|34\n|\n|t:|1784710647\n|switch|p1a: Starmie|Starmie|81/100\n|switch|p2a: Tauros|Tauros|100/100\n|\n|upkeep\n|turn|35\n|\n|t:|1784710655\n|switch|p2a: Exeggutor|Exeggutor|89/100 par\n|move|p1a: Starmie|Surf|p2a: Exeggutor\n|-resisted|p2a: Exeggutor\n|-damage|p2a: Exeggutor|77/100 par\n|\n|upkeep\n|turn|36\n|\n|t:|1784710658\n|move|p1a: Starmie|Surf|p2a: Exeggutor\n|-resisted|p2a: Exeggutor\n|-damage|p2a: Exeggutor|65/100 par\n|cant|p2a: Exeggutor|par\n|\n|upkeep\n|turn|37\n|\n|t:|1784710662\n|move|p1a: Starmie|Surf|p2a: Exeggutor\n|-resisted|p2a: Exeggutor\n|-damage|p2a: Exeggutor|53/100 par\n|cant|p2a: Exeggutor|par\n|\n|upkeep\n|turn|38\n|c|☆Laroxyl|Crazy\n|\n|t:|1784710669\n|switch|p1a: Chansey|Chansey|100/100 slp\n|move|p2a: Exeggutor|Psychic|p1a: Chansey\n|-damage|p1a: Chansey|84/100 slp\n|\n|upkeep\n|turn|39\n|\n|t:|1784710692\n|switch|p1a: Starmie|Starmie|81/100\n|switch|p2a: Tauros|Tauros|100/100\n|\n|upkeep\n|turn|40\n|\n|t:|1784710707\n|switch|p2a: Exeggutor|Exeggutor|53/100 par\n|move|p1a: Starmie|Surf|p2a: Exeggutor\n|-resisted|p2a: Exeggutor\n|-damage|p2a: Exeggutor|42/100 par\n|\n|upkeep\n|turn|41\n|\n|t:|1784710711\n|switch|p1a: Chansey|Chansey|84/100 slp\n|move|p2a: Exeggutor|Stun Spore|p1a: Chansey\n|-fail|p1a: Chansey\n|\n|upkeep\n|turn|42\n|\n|t:|1784710717\n|switch|p1a: Snorlax|Snorlax|100/100 slp\n|move|p2a: Exeggutor|Psychic|p1a: Snorlax\n|-damage|p1a: Snorlax|69/100 slp\n|\n|upkeep\n|turn|43\n|\n|t:|1784710727\n|-curestatus|p1a: Snorlax|slp|[msg]\n|cant|p2a: Exeggutor|par\n|\n|upkeep\n|turn|44\n|inactive|Laroxyl has 270 seconds left.\n|\n|t:|1784710777\n|switch|p2a: Snorlax|Snorlax|100/100 slp\n|move|p1a: Snorlax|Hyper Beam|p2a: Snorlax\n|-damage|p2a: Snorlax|56/100 slp\n|-mustrecharge|p1a: Snorlax\n|\n|upkeep\n|turn|45\n|\n|t:|1784710783\n|cant|p1a: Snorlax|recharge\n|-curestatus|p2a: Snorlax|slp|[msg]\n|\n|upkeep\n|turn|46\n|\n|t:|1784710788\n|move|p2a: Snorlax|Reflect|p2a: Snorlax\n|-start|p2a: Snorlax|Reflect\n|move|p1a: Snorlax|Body Slam|p2a: Snorlax\n|-damage|p2a: Snorlax|44/100\n|\n|upkeep\n|turn|47\n|\n|t:|1784710795\n|move|p2a: Snorlax|Body Slam|p1a: Snorlax\n|-damage|p1a: Snorlax|43/100\n|move|p1a: Snorlax|Reflect|p1a: Snorlax\n|-start|p1a: Snorlax|Reflect\n|\n|upkeep\n|turn|48\n|\n|t:|1784710798\n|move|p1a: Snorlax|Rest|p1a: Snorlax\n|-status|p1a: Snorlax|slp|[from] move: Rest\n|-heal|p1a: Snorlax|100/100 slp|[silent]\n|move|p2a: Snorlax|Rest|p2a: Snorlax\n|-status|p2a: Snorlax|slp|[from] move: Rest\n|-heal|p2a: Snorlax|100/100 slp|[silent]\n|\n|upkeep\n|turn|49\n|\n|t:|1784710800\n|cant|p1a: Snorlax|slp\n|cant|p2a: Snorlax|slp\n|\n|upkeep\n|turn|50\n|\n|t:|1784710803\n|-curestatus|p1a: Snorlax|slp|[msg]\n|-curestatus|p2a: Snorlax|slp|[msg]\n|\n|upkeep\n|turn|51\n|\n|t:|1784710804\n|move|p2a: Snorlax|Body Slam|p1a: Snorlax\n|-damage|p1a: Snorlax|88/100\n|move|p1a: Snorlax|Body Slam|p2a: Snorlax\n|-damage|p2a: Snorlax|87/100\n|\n|upkeep\n|turn|52\n|\n|t:|1784710807\n|move|p2a: Snorlax|Body Slam|p1a: Snorlax\n|-damage|p1a: Snorlax|75/100\n|move|p1a: Snorlax|Body Slam|p2a: Snorlax\n|-damage|p2a: Snorlax|75/100\n|\n|upkeep\n|turn|53\n|\n|t:|1784710811\n|move|p1a: Snorlax|Body Slam|p2a: Snorlax\n|-damage|p2a: Snorlax|61/100\n|move|p2a: Snorlax|Body Slam|p1a: Snorlax\n|-damage|p1a: Snorlax|61/100\n|\n|upkeep\n|turn|54\n|\n|t:|1784710814\n|move|p1a: Snorlax|Body Slam|p2a: Snorlax\n|-damage|p2a: Snorlax|48/100\n|move|p2a: Snorlax|Rest|p2a: Snorlax\n|-status|p2a: Snorlax|slp|[from] move: Rest\n|-heal|p2a: Snorlax|100/100 slp|[silent]\n|\n|upkeep\n|turn|55\n|\n|t:|1784710816\n|move|p1a: Snorlax|Body Slam|p2a: Snorlax\n|-damage|p2a: Snorlax|87/100 slp\n|cant|p2a: Snorlax|slp\n|\n|upkeep\n|turn|56\n|\n|t:|1784710819\n|move|p1a: Snorlax|Body Slam|p2a: Snorlax\n|-damage|p2a: Snorlax|73/100 slp\n|-curestatus|p2a: Snorlax|slp|[msg]\n|\n|upkeep\n|turn|57\n|\n|t:|1784710822\n|move|p1a: Snorlax|Body Slam|p2a: Snorlax\n|-damage|p2a: Snorlax|60/100\n|move|p2a: Snorlax|Rest|p2a: Snorlax\n|-status|p2a: Snorlax|slp|[from] move: Rest\n|-heal|p2a: Snorlax|100/100 slp|[silent]\n|\n|upkeep\n|turn|58\n|\n|t:|1784710825\n|cant|p2a: Snorlax|slp\n|move|p1a: Snorlax|Body Slam|p2a: Snorlax\n|-damage|p2a: Snorlax|87/100 slp\n|\n|upkeep\n|turn|59\n|\n|t:|1784710827\n|move|p1a: Snorlax|Rest|p1a: Snorlax\n|-status|p1a: Snorlax|slp|[from] move: Rest\n|-heal|p1a: Snorlax|100/100 slp|[silent]\n|-curestatus|p2a: Snorlax|slp|[msg]\n|\n|upkeep\n|turn|60\n|\n|t:|1784710849\n|move|p2a: Snorlax|Body Slam|p1a: Snorlax\n|-damage|p1a: Snorlax|88/100 slp\n|cant|p1a: Snorlax|slp\n|\n|upkeep\n|turn|61\n|\n|t:|1784710854\n|move|p2a: Snorlax|Reflect|p2a: Snorlax\n|-fail|p2a: Snorlax\n|-curestatus|p1a: Snorlax|slp|[msg]\n|\n|upkeep\n|turn|62\n|\n|t:|1784710858\n|move|p1a: Snorlax|Reflect|p1a: Snorlax\n|-fail|p1a: Snorlax\n|move|p2a: Snorlax|Reflect|p2a: Snorlax\n|-fail|p2a: Snorlax\n|\n|upkeep\n|turn|63\n|\n|t:|1784710862\n|move|p2a: Snorlax|Reflect|p2a: Snorlax\n|-fail|p2a: Snorlax\n|move|p1a: Snorlax|Reflect|p1a: Snorlax\n|-fail|p1a: Snorlax\n|\n|upkeep\n|turn|64\n|\n|t:|1784710863\n|move|p2a: Snorlax|Reflect|p2a: Snorlax\n|-fail|p2a: Snorlax\n|move|p1a: Snorlax|Reflect|p1a: Snorlax\n|-fail|p1a: Snorlax\n|\n|upkeep\n|turn|65\n|\n|t:|1784710865\n|move|p1a: Snorlax|Body Slam|p2a: Snorlax\n|-damage|p2a: Snorlax|74/100\n|move|p2a: Snorlax|Reflect|p2a: Snorlax\n|-fail|p2a: Snorlax\n|\n|upkeep\n|turn|66\n|\n|t:|1784710871\n|move|p2a: Snorlax|Body Slam|p1a: Snorlax\n|-crit|p1a: Snorlax\n|-damage|p1a: Snorlax|34/100\n|move|p1a: Snorlax|Hyper Beam|p2a: Snorlax\n|-crit|p2a: Snorlax\n|-damage|p2a: Snorlax|0 fnt\n|faint|p2a: Snorlax\n|c|☆Laroxyl|Fuck\n|c|☆Laroxyl|Cmon\n|c|☆violet river|pawsome\n|c|☆violet river|good work ronflex\n|inactive|Laroxyl has 270 seconds left.\n|\n|t:|1784710921\n|switch|p2a: Tauros|Tauros|100/100\n|turn|67\n|\n|t:|1784710930\n|move|p2a: Tauros|Body Slam|p1a: Snorlax\n|-crit|p1a: Snorlax\n|-damage|p1a: Snorlax|0 fnt\n|faint|p1a: Snorlax\n|\n|t:|1784710932\n|switch|p1a: Starmie|Starmie|81/100\n|turn|68\n|\n|t:|1784710940\n|switch|p2a: Exeggutor|Exeggutor|42/100 par\n|move|p1a: Starmie|Surf|p2a: Exeggutor\n|-resisted|p2a: Exeggutor\n|-damage|p2a: Exeggutor|30/100 par\n|\n|upkeep\n|turn|69\n|\n|t:|1784710951\n|move|p1a: Starmie|Surf|p2a: Exeggutor\n|-crit|p2a: Exeggutor\n|-resisted|p2a: Exeggutor\n|-damage|p2a: Exeggutor|7/100 par\n|move|p2a: Exeggutor|Explosion|p1a: Starmie\n|-damage|p1a: Starmie|0 fnt\n|faint|p1a: Starmie\n|faint|p2a: Exeggutor\n|inactive|Laroxyl has 270 seconds left.\n|\n|t:|1784710973\n|switch|p1a: Tauros|Tauros|100/100\n|switch|p2a: Slowbro|Slowbro|100/100\n|turn|70\n|inactive|Laroxyl has 270 seconds left.\n|\n|t:|1784710988\n|switch|p1a: Chansey|Chansey|84/100 slp\n|move|p2a: Slowbro|Thunder Wave|p1a: Chansey\n|-fail|p1a: Chansey\n|\n|upkeep\n|turn|71\n|inactive|Laroxyl has 270 seconds left.\n|\n|t:|1784711018\n|cant|p1a: Chansey|slp\n|move|p2a: Slowbro|Amnesia|p2a: Slowbro\n|-boost|p2a: Slowbro|spa|2\n|-boost|p2a: Slowbro|spd|2\n|\n|upkeep\n|turn|72\n|\n|t:|1784711026\n|cant|p1a: Chansey|slp\n|move|p2a: Slowbro|Surf|p1a: Chansey\n|-damage|p1a: Chansey|56/100 slp\n|\n|upkeep\n|turn|73\n|\n|t:|1784711034\n|cant|p1a: Chansey|slp\n|move|p2a: Slowbro|Surf|p1a: Chansey\n|-damage|p1a: Chansey|31/100 slp\n|\n|upkeep\n|turn|74\n|inactive|Laroxyl has 270 seconds left.\n|\n|t:|1784711042\n|switch|p2a: Tauros|Tauros|100/100\n|-curestatus|p1a: Chansey|slp|[msg]\n|\n|upkeep\n|turn|75\n|c|☆violet river|wakey wakey\n|\n|t:|1784711044\n|switch|p1a: Rhydon|Rhydon|100/100\n|move|p2a: Tauros|Body Slam|p1a: Rhydon\n|-resisted|p1a: Rhydon\n|-damage|p1a: Rhydon|90/100\n|\n|upkeep\n|turn|76\n|\n|t:|1784711061\n|move|p2a: Tauros|Blizzard|p1a: Rhydon\n|-supereffective|p1a: Rhydon\n|-damage|p1a: Rhydon|32/100\n|move|p1a: Rhydon|Earthquake|p2a: Tauros\n|-damage|p2a: Tauros|63/100\n|\n|upkeep\n|turn|77\n|\n|t:|1784711070\n|move|p2a: Tauros|Earthquake|p1a: Rhydon\n|-supereffective|p1a: Rhydon\n|-damage|p1a: Rhydon|0 fnt\n|faint|p1a: Rhydon\n|\n|t:|1784711072\n|switch|p1a: Tauros|Tauros|100/100\n|turn|78\n|\n|t:|1784711085\n|move|p1a: Tauros|Body Slam|p2a: Tauros\n|-damage|p2a: Tauros|35/100\n|move|p2a: Tauros|Body Slam|p1a: Tauros\n|-damage|p1a: Tauros|72/100\n|\n|upkeep\n|turn|79\n|\n|t:|1784711093\n|move|p2a: Tauros|Hyper Beam|p1a: Tauros\n|-damage|p1a: Tauros|17/100\n|-mustrecharge|p2a: Tauros\n|move|p1a: Tauros|Body Slam|p2a: Tauros\n|-damage|p2a: Tauros|6/100\n|\n|upkeep\n|turn|80\n|\n|t:|1784711097\n|cant|p2a: Tauros|recharge\n|move|p1a: Tauros|Body Slam|p2a: Tauros\n|-damage|p2a: Tauros|0 fnt\n|faint|p2a: Tauros\n|\n|t:|1784711099\n|switch|p2a: Slowbro|Slowbro|100/100\n|turn|81\n|\n|t:|1784711117\n|switch|p1a: Chansey|Chansey|31/100\n|move|p2a: Slowbro|Thunder Wave|p1a: Chansey\n|-status|p1a: Chansey|par\n|\n|upkeep\n|turn|82\n|\n|t:|1784711137\n|move|p2a: Slowbro|Amnesia|p2a: Slowbro\n|-boost|p2a: Slowbro|spa|2\n|-boost|p2a: Slowbro|spd|2\n|move|p1a: Chansey|Soft-Boiled|p1a: Chansey\n|-heal|p1a: Chansey|81/100 par\n|\n|upkeep\n|turn|83\n|inactive|Laroxyl has 270 seconds left.\n|\n|t:|1784711174\n|move|p2a: Slowbro|Amnesia|p2a: Slowbro\n|-boost|p2a: Slowbro|spa|2\n|-boost|p2a: Slowbro|spd|2\n|move|p1a: Chansey|Sing|p2a: Slowbro|[miss]\n|-miss|p1a: Chansey\n|\n|upkeep\n|turn|84\n|inactive|Laroxyl has 270 seconds left.\n|\n|t:|1784711181\n|move|p2a: Slowbro|Surf|p1a: Chansey\n|-damage|p1a: Chansey|42/100 par\n|cant|p1a: Chansey|par\n|\n|upkeep\n|turn|85\n|\n|t:|1784711186\n|move|p2a: Slowbro|Surf|p1a: Chansey\n|-damage|p1a: Chansey|4/100 par\n|move|p1a: Chansey|Sing|p2a: Slowbro\n|-message|Sleep Clause Mod activated.\n|-hint|Sleep Clause Mod prevents players from putting more than one of their opponent's Pokémon to sleep at a time\n|\n|upkeep\n|turn|86\n|c|☆violet river|.\n|c|☆violet river|right\n|c|☆violet river|xd\n|c|☆violet river|hahhaha\n|\n|t:|1784711195\n|move|p2a: Slowbro|Surf|p1a: Chansey\n|-damage|p1a: Chansey|0 fnt\n|faint|p1a: Chansey\n|\n|t:|1784711196\n|switch|p1a: Tauros|Tauros|17/100\n|turn|87\n|\n|t:|1784711199\n|move|p1a: Tauros|Blizzard|p2a: Slowbro\n|-resisted|p2a: Slowbro\n|-damage|p2a: Slowbro|97/100\n|move|p2a: Slowbro|Surf|p1a: Tauros\n|-damage|p1a: Tauros|0 fnt\n|faint|p1a: Tauros\n|\n|win|Laroxyl\n|c|☆violet river|ggs\n|c|☆Laroxyl|ggs\n|c|☆violet river|sleepy\n|player|p2|\n|player|p1|\n","uploadtime":1784711199,"views":"103","formatid":"gen1ou","rating":null,"private":0,"password":null}