{"id":"smogtours-gen1ou-960594","format":"[Gen 1] OU","players":["1000papercranes","shiloh"],"log":"|inactive|Battle timer is ON: inactive players will automatically lose when time's up.\n|t:|1785540889\n|gametype|singles\n|player|p1|1000papercranes|psychic-gen1rb|\n|player|p2|shiloh|#bwpliicrustlepalace|\n|gen|1\n|tier|[Gen 1] OU\n|rule|Desync Clause Mod: Desyncs resolve to link battle behavior from the acting player's perspective.\n|rule|HP Percentage Mod: HP is shown in percentages\n|rule|Endless Battle Clause: Forcing endless battles is banned\n|rule|Sleep Clause Mod: Limit one foe put to sleep\n|rule|Freeze Clause Mod: Limit one foe frozen\n|rule|Species Clause: Limit one of each Pokémon\n|rule|OHKO Clause: OHKO moves are banned\n|rule|Evasion Moves Clause: Evasion moves are banned\n|\n|t:|1785540889\n|teamsize|p1|6\n|teamsize|p2|6\n|start\n|switch|p1a: Jolteon|Jolteon|100/100\n|switch|p2a: DOMINION|Alakazam|100/100\n|turn|1\n|inactive|shiloh also wants the timer to be on.\n|c|☆1000papercranes|Gl Hf\n|\n|t:|1785540897\n|switch|p1a: Exeggutor|Exeggutor|100/100\n|move|p2a: DOMINION|Thunder Wave|p1a: Exeggutor\n|-status|p1a: Exeggutor|par\n|\n|upkeep\n|turn|2\n|\n|t:|1785540900\n|move|p2a: DOMINION|Seismic Toss|p1a: Exeggutor\n|-damage|p1a: Exeggutor|75/100 par\n|move|p1a: Exeggutor|Explosion|p2a: DOMINION\n|-damage|p2a: DOMINION|0 fnt\n|faint|p2a: DOMINION\n|faint|p1a: Exeggutor\n|\n|t:|1785540904\n|switch|p2a: MERCY|Lapras|100/100\n|switch|p1a: Jynx|Jynx|100/100\n|turn|3\n|\n|t:|1785540908\n|move|p1a: Jynx|Lovely Kiss|p2a: MERCY\n|-status|p2a: MERCY|slp|[from] move: Lovely Kiss\n|-curestatus|p2a: MERCY|slp|[msg]\n|\n|upkeep\n|turn|4\n|\n|t:|1785540912\n|move|p1a: Jynx|Lovely Kiss|p2a: MERCY\n|-status|p2a: MERCY|slp|[from] move: Lovely Kiss\n|cant|p2a: MERCY|slp\n|\n|upkeep\n|turn|5\n|\n|t:|1785540918\n|switch|p1a: Starmie|Starmie|100/100\n|-curestatus|p2a: MERCY|slp|[msg]\n|\n|upkeep\n|turn|6\n|\n|t:|1785540922\n|move|p1a: Starmie|Thunder Wave|p2a: MERCY\n|-status|p2a: MERCY|par\n|cant|p2a: MERCY|par\n|\n|upkeep\n|turn|7\n|\n|t:|1785540929\n|move|p1a: Starmie|Thunderbolt|p2a: MERCY\n|-supereffective|p2a: MERCY\n|-damage|p2a: MERCY|67/100 par\n|move|p2a: MERCY|Thunderbolt|p1a: Starmie\n|-supereffective|p1a: Starmie\n|-damage|p1a: Starmie|53/100\n|\n|upkeep\n|turn|8\n|\n|t:|1785540932\n|switch|p2a: DEVOTION|Exeggutor|100/100\n|move|p1a: Starmie|Thunderbolt|p2a: DEVOTION\n|-resisted|p2a: DEVOTION\n|-damage|p2a: DEVOTION|92/100\n|\n|upkeep\n|turn|9\n|\n|t:|1785540935\n|move|p1a: Starmie|Thunder Wave|p2a: DEVOTION\n|-status|p2a: DEVOTION|par\n|cant|p2a: DEVOTION|par\n|\n|upkeep\n|turn|10\n|\n|t:|1785540937\n|move|p1a: Starmie|Blizzard|p2a: DEVOTION\n|-crit|p2a: DEVOTION\n|-supereffective|p2a: DEVOTION\n|-damage|p2a: DEVOTION|8/100 par\n|move|p2a: DEVOTION|Sleep Powder|p1a: Starmie\n|-status|p1a: Starmie|slp|[from] move: Sleep Powder\n|\n|upkeep\n|turn|11\n|\n|t:|1785540941\n|cant|p1a: Starmie|slp\n|move|p2a: DEVOTION|Explosion|p1a: Starmie\n|-damage|p1a: Starmie|0 fnt\n|faint|p1a: Starmie\n|faint|p2a: DEVOTION\n|\n|t:|1785540948\n|switch|p1a: Jolteon|Jolteon|100/100\n|switch|p2a: INVENTION|Chansey|100/100\n|turn|12\n|\n|t:|1785540951\n|move|p1a: Jolteon|Thunder Wave|p2a: INVENTION\n|-status|p2a: INVENTION|par\n|move|p2a: INVENTION|Thunder Wave|p1a: Jolteon\n|-status|p1a: Jolteon|par\n|\n|upkeep\n|turn|13\n|\n|t:|1785540961\n|switch|p2a: ENDOWMENT|Snorlax|100/100\n|move|p1a: Jolteon|Double Kick|p2a: ENDOWMENT\n|-supereffective|p2a: ENDOWMENT\n|-damage|p2a: ENDOWMENT|92/100\n|-damage|p2a: ENDOWMENT|83/100\n|-hitcount|p2a: ENDOWMENT|2\n|\n|upkeep\n|turn|14\n|\n|t:|1785540963\n|switch|p1a: Snorlax|Snorlax|100/100\n|move|p2a: ENDOWMENT|Earthquake|p1a: Snorlax\n|-damage|p1a: Snorlax|79/100\n|\n|upkeep\n|turn|15\n|\n|t:|1785540967\n|move|p1a: Snorlax|Body Slam|p2a: ENDOWMENT\n|-damage|p2a: ENDOWMENT|58/100\n|move|p2a: ENDOWMENT|Reflect|p2a: ENDOWMENT\n|-start|p2a: ENDOWMENT|Reflect\n|\n|upkeep\n|turn|16\n|\n|t:|1785540969\n|move|p2a: ENDOWMENT|Body Slam|p1a: Snorlax\n|-damage|p1a: Snorlax|54/100\n|move|p1a: Snorlax|Counter|p2a: ENDOWMENT\n|-damage|p2a: ENDOWMENT|9/100\n|\n|upkeep\n|turn|17\n|\n|t:|1785540972\n|move|p2a: ENDOWMENT|Self-Destruct|p1a: Snorlax\n|-damage|p1a: Snorlax|0 fnt\n|faint|p1a: Snorlax\n|faint|p2a: ENDOWMENT\n|inactive|shiloh has 270 seconds left.\n|\n|t:|1785541007\n|switch|p2a: MERCY|Lapras|67/100 par\n|switch|p1a: Tauros|Tauros|100/100\n|turn|18\n|\n|t:|1785541011\n|switch|p1a: Jolteon|Jolteon|100/100 par\n|cant|p2a: MERCY|par\n|\n|upkeep\n|turn|19\n|\n|t:|1785541014\n|cant|p1a: Jolteon|par\n|move|p2a: MERCY|Blizzard|p1a: Jolteon\n|-damage|p1a: Jolteon|61/100 par\n|\n|upkeep\n|turn|20\n|\n|t:|1785541021\n|move|p1a: Jolteon|Thunderbolt|p2a: MERCY\n|-supereffective|p2a: MERCY\n|-damage|p2a: MERCY|12/100 par\n|move|p2a: MERCY|Blizzard|p1a: Jolteon\n|-crit|p1a: Jolteon\n|-damage|p1a: Jolteon|0 fnt\n|faint|p1a: Jolteon\n|\n|t:|1785541027\n|switch|p1a: Tauros|Tauros|100/100\n|turn|21\n|\n|t:|1785541030\n|move|p1a: Tauros|Body Slam|p2a: MERCY\n|-damage|p2a: MERCY|0 fnt\n|faint|p2a: MERCY\n|\n|t:|1785541033\n|switch|p2a: STORMBLESSED|Tauros|100/100\n|turn|22\n|\n|t:|1785541035\n|move|p2a: STORMBLESSED|Body Slam|p1a: Tauros\n|-damage|p1a: Tauros|72/100\n|move|p1a: Tauros|Body Slam|p2a: STORMBLESSED\n|-damage|p2a: STORMBLESSED|70/100\n|\n|upkeep\n|turn|23\n|\n|t:|1785541037\n|move|p1a: Tauros|Body Slam|p2a: STORMBLESSED\n|-damage|p2a: STORMBLESSED|43/100\n|move|p2a: STORMBLESSED|Body Slam|p1a: Tauros\n|-damage|p1a: Tauros|44/100\n|\n|upkeep\n|turn|24\n|\n|t:|1785541044\n|move|p1a: Tauros|Hyper Beam|p2a: STORMBLESSED\n|-crit|p2a: STORMBLESSED\n|-damage|p2a: STORMBLESSED|0 fnt\n|faint|p2a: STORMBLESSED\n|\n|t:|1785541046\n|switch|p2a: INVENTION|Chansey|100/100 par\n|turn|25\n|c|☆shiloh|gg\n|\n|t:|1785541067\n|move|p1a: Tauros|Body Slam|p2a: INVENTION\n|-damage|p2a: INVENTION|61/100 par\n|move|p2a: INVENTION|Thunder Wave|p1a: Tauros\n|-status|p1a: Tauros|par\n|\n|upkeep\n|turn|26\n|\n|t:|1785541075\n|move|p1a: Tauros|Hyper Beam|p2a: INVENTION\n|-damage|p2a: INVENTION|0 fnt\n|faint|p2a: INVENTION\n|\n|win|1000papercranes\n|player|p2|\n|c|☆1000papercranes|ggs\n|player|p1|\n","uploadtime":1785541075,"views":"69","formatid":"gen1ou","rating":null,"private":0,"password":null}