{"id":"smogtours-gen1ou-958801","format":"[Gen 1] OU","players":["Amaranth","shiloh"],"log":"|inactive|Battle timer is ON: inactive players will automatically lose when time's up.\n|t:|1784997388\n|gametype|singles\n|player|p1|Amaranth|#amaranth|\n|player|p2|shiloh|#wcop2019uswest|\n|gen|1\n|tier|[Gen 1] OU\n|rule|Desync Clause Mod: Desyncs resolve to link battle behavior from the acting player's perspective.\n|rule|HP Percentage Mod: HP is shown in percentages\n|rule|Endless Battle Clause: Forcing endless battles is banned\n|rule|Sleep Clause Mod: Limit one foe put to sleep\n|rule|Freeze Clause Mod: Limit one foe frozen\n|rule|Species Clause: Limit one of each Pokémon\n|rule|OHKO Clause: OHKO moves are banned\n|rule|Evasion Moves Clause: Evasion moves are banned\n|\n|t:|1784997388\n|teamsize|p1|6\n|teamsize|p2|6\n|start\n|switch|p1a: Jolteon|Jolteon|100/100\n|switch|p2a: Starmie|Starmie|100/100\n|turn|1\n|inactive|shiloh also wants the timer to be on.\n|c|☆Amaranth|glhf\n|\n|t:|1784997401\n|switch|p1a: Exeggutor|Exeggutor|100/100\n|switch|p2a: Rhydon|Rhydon|100/100\n|\n|upkeep\n|turn|2\n|\n|t:|1784997406\n|switch|p2a: Starmie|Starmie|100/100\n|move|p1a: Exeggutor|Sleep Powder|p2a: Starmie\n|-status|p2a: Starmie|slp|[from] move: Sleep Powder\n|\n|upkeep\n|turn|3\n|\n|t:|1784997412\n|switch|p1a: Tauros|Tauros|100/100\n|cant|p2a: Starmie|slp\n|\n|upkeep\n|turn|4\n|\n|t:|1784997416\n|switch|p2a: Exeggutor|Exeggutor|100/100\n|move|p1a: Tauros|Body Slam|p2a: Exeggutor\n|-damage|p2a: Exeggutor|71/100\n|\n|upkeep\n|turn|5\n|\n|t:|1784997420\n|switch|p1a: Jolteon|Jolteon|100/100\n|move|p2a: Exeggutor|Sleep Powder|p1a: Jolteon|[miss]\n|-miss|p2a: Exeggutor\n|\n|upkeep\n|turn|6\n|\n|t:|1784997423\n|switch|p2a: Rhydon|Rhydon|100/100\n|move|p1a: Jolteon|Thunder Wave|p2a: Rhydon\n|-immune|p2a: Rhydon\n|\n|upkeep\n|turn|7\n|\n|t:|1784997428\n|switch|p1a: Exeggutor|Exeggutor|100/100\n|switch|p2a: Exeggutor|Exeggutor|71/100\n|\n|upkeep\n|turn|8\n|\n|t:|1784997432\n|switch|p1a: Jolteon|Jolteon|100/100\n|move|p2a: Exeggutor|Psychic|p1a: Jolteon\n|-damage|p1a: Jolteon|64/100\n|\n|upkeep\n|turn|9\n|\n|t:|1784997435\n|switch|p2a: Rhydon|Rhydon|100/100\n|move|p1a: Jolteon|Thunder Wave|p2a: Rhydon\n|-immune|p2a: Rhydon\n|\n|upkeep\n|turn|10\n|\n|t:|1784997439\n|switch|p1a: Exeggutor|Exeggutor|100/100\n|switch|p2a: Exeggutor|Exeggutor|71/100\n|\n|upkeep\n|turn|11\n|\n|t:|1784997445\n|move|p1a: Exeggutor|Explosion|p2a: Exeggutor\n|-damage|p2a: Exeggutor|0 fnt\n|faint|p2a: Exeggutor\n|faint|p1a: Exeggutor\n|\n|t:|1784997456\n|switch|p1a: Chansey|Chansey|100/100\n|switch|p2a: Chansey|Chansey|100/100\n|turn|12\n|\n|t:|1784997460\n|switch|p1a: Jolteon|Jolteon|64/100\n|move|p2a: Chansey|Thunder Wave|p1a: Jolteon\n|-status|p1a: Jolteon|par\n|\n|upkeep\n|turn|13\n|\n|t:|1784997465\n|switch|p2a: Rhydon|Rhydon|100/100\n|switch|p1a: Chansey|Chansey|100/100\n|\n|upkeep\n|turn|14\n|\n|t:|1784997467\n|switch|p2a: Chansey|Chansey|100/100\n|move|p1a: Chansey|Ice Beam|p2a: Chansey\n|-damage|p2a: Chansey|90/100\n|-status|p2a: Chansey|frz\n|\n|upkeep\n|turn|15\n|\n|t:|1784997474\n|switch|p2a: Starmie|Starmie|100/100 slp\n|move|p1a: Chansey|Thunder Wave|p2a: Starmie\n|-fail|p2a: Starmie\n|\n|upkeep\n|turn|16\n|\n|t:|1784997477\n|switch|p1a: Tauros|Tauros|100/100\n|cant|p2a: Starmie|slp\n|\n|upkeep\n|turn|17\n|\n|t:|1784997479\n|cant|p2a: Starmie|slp\n|move|p1a: Tauros|Body Slam|p2a: Starmie\n|-damage|p2a: Starmie|67/100 slp\n|\n|upkeep\n|turn|18\n|\n|t:|1784997480\n|cant|p2a: Starmie|slp\n|move|p1a: Tauros|Body Slam|p2a: Starmie\n|-crit|p2a: Starmie\n|-damage|p2a: Starmie|3/100 slp\n|\n|upkeep\n|turn|19\n|\n|t:|1784997485\n|switch|p2a: Snorlax|Snorlax|100/100\n|move|p1a: Tauros|Body Slam|p2a: Snorlax\n|-crit|p2a: Snorlax\n|-damage|p2a: Snorlax|49/100\n|\n|upkeep\n|turn|20\n|inactive|Amaranth has 270 seconds left.\n|\n|t:|1784997533\n|switch|p1a: Chansey|Chansey|100/100\n|move|p2a: Snorlax|Reflect|p2a: Snorlax\n|-start|p2a: Snorlax|Reflect\n|\n|upkeep\n|turn|21\n|\n|t:|1784997542\n|move|p1a: Chansey|Thunder Wave|p2a: Snorlax\n|-status|p2a: Snorlax|par\n|move|p2a: Snorlax|Rest|p2a: Snorlax\n|-status|p2a: Snorlax|slp|[from] move: Rest\n|-heal|p2a: Snorlax|100/100 slp|[silent]\n|\n|upkeep\n|turn|22\n|\n|t:|1784997546\n|move|p1a: Chansey|Ice Beam|p2a: Snorlax\n|-damage|p2a: Snorlax|83/100 slp\n|cant|p2a: Snorlax|slp\n|\n|upkeep\n|turn|23\n|\n|t:|1784997548\n|move|p1a: Chansey|Ice Beam|p2a: Snorlax\n|-damage|p2a: Snorlax|64/100 slp\n|-curestatus|p2a: Snorlax|slp|[msg]\n|\n|upkeep\n|turn|24\n|\n|t:|1784997550\n|move|p1a: Chansey|Thunder Wave|p2a: Snorlax\n|-status|p2a: Snorlax|par\n|move|p2a: Snorlax|Ice Beam|p1a: Chansey\n|-crit|p1a: Chansey\n|-damage|p1a: Chansey|86/100\n|\n|upkeep\n|turn|25\n|\n|t:|1784997557\n|move|p1a: Chansey|Ice Beam|p2a: Snorlax\n|-damage|p2a: Snorlax|46/100 par\n|move|p2a: Snorlax|Ice Beam|p1a: Chansey\n|-damage|p1a: Chansey|77/100\n|\n|upkeep\n|turn|26\n|\n|t:|1784997559\n|switch|p1a: Slowbro|Slowbro|100/100\n|cant|p2a: Snorlax|par\n|\n|upkeep\n|turn|27\n|\n|t:|1784997564\n|move|p1a: Slowbro|Amnesia|p1a: Slowbro\n|-boost|p1a: Slowbro|spa|2\n|-boost|p1a: Slowbro|spd|2\n|move|p2a: Snorlax|Body Slam|p1a: Slowbro\n|-damage|p1a: Slowbro|73/100\n|-status|p1a: Slowbro|par\n|\n|upkeep\n|turn|28\n|\n|t:|1784997568\n|move|p1a: Slowbro|Surf|p2a: Snorlax\n|-damage|p2a: Snorlax|0 fnt\n|faint|p2a: Snorlax\n|\n|t:|1784997571\n|switch|p2a: Rhydon|Rhydon|100/100\n|turn|29\n|\n|t:|1784997585\n|move|p2a: Rhydon|Substitute|p2a: Rhydon\n|-start|p2a: Rhydon|Substitute\n|-damage|p2a: Rhydon|76/100\n|move|p1a: Slowbro|Surf|p2a: Rhydon\n|-supereffective|p2a: Rhydon\n|-end|p2a: Rhydon|Substitute\n|\n|upkeep\n|turn|30\n|\n|t:|1784997588\n|move|p2a: Rhydon|Substitute|p2a: Rhydon\n|-start|p2a: Rhydon|Substitute\n|-damage|p2a: Rhydon|51/100\n|move|p1a: Slowbro|Surf|p2a: Rhydon\n|-supereffective|p2a: Rhydon\n|-end|p2a: Rhydon|Substitute\n|\n|upkeep\n|turn|31\n|inactive|Amaranth has 270 seconds left.\n|\n|t:|1784997628\n|switch|p1a: Tauros|Tauros|100/100\n|move|p2a: Rhydon|Substitute|p2a: Rhydon\n|-start|p2a: Rhydon|Substitute\n|-damage|p2a: Rhydon|26/100\n|\n|upkeep\n|turn|32\n|\n|t:|1784997632\n|move|p1a: Tauros|Earthquake|p2a: Rhydon\n|-supereffective|p2a: Rhydon\n|-end|p2a: Rhydon|Substitute\n|move|p2a: Rhydon|Earthquake|p1a: Tauros\n|-damage|p1a: Tauros|63/100\n|\n|upkeep\n|turn|33\n|\n|t:|1784997635\n|switch|p2a: Starmie|Starmie|3/100 slp\n|move|p1a: Tauros|Earthquake|p2a: Starmie\n|-damage|p2a: Starmie|0 fnt\n|faint|p2a: Starmie\n|\n|t:|1784997636\n|switch|p2a: STORMBLESSED|Tauros|100/100\n|turn|34\n|\n|t:|1784997641\n|switch|p1a: Jolteon|Jolteon|64/100 par\n|move|p2a: STORMBLESSED|Blizzard|p1a: Jolteon\n|-damage|p1a: Jolteon|42/100 par\n|\n|upkeep\n|turn|35\n|\n|t:|1784997644\n|move|p2a: STORMBLESSED|Earthquake|p1a: Jolteon\n|-supereffective|p1a: Jolteon\n|-damage|p1a: Jolteon|0 fnt\n|faint|p1a: Jolteon\n|\n|t:|1784997646\n|switch|p1a: Chansey|Chansey|77/100\n|turn|36\n|\n|t:|1784997649\n|move|p2a: STORMBLESSED|Hyper Beam|p1a: Chansey\n|-damage|p1a: Chansey|14/100\n|-mustrecharge|p2a: STORMBLESSED\n|move|p1a: Chansey|Thunder Wave|p2a: STORMBLESSED\n|-status|p2a: STORMBLESSED|par\n|\n|upkeep\n|turn|37\n|c|☆shiloh|gg\n|-message|shiloh forfeited.\n|\n|win|Amaranth\n|c|☆Amaranth|gg\n|player|p2|\n","uploadtime":1784997652,"views":"106","formatid":"gen1ou","rating":null,"private":0,"password":null}