{"id":"smogtours-gen1ou-917349","format":"[Gen 1] OU","players":["sadisticnarwhal","Sceptross"],"log":"|inactive|Battle timer is ON: inactive players will automatically lose when time's up.\n|t:|1773588904\n|gametype|singles\n|player|p1|sadisticnarwhal|#rcop2023useast|\n|player|p2|Sceptross|#splxviicryonicles2|\n|gen|1\n|tier|[Gen 1] OU\n|rule|Desync Clause Mod: Desyncs changed to move failure.\n|rule|HP Percentage Mod: HP is shown in percentages\n|rule|Endless Battle Clause: Forcing endless battles is banned\n|rule|Sleep Clause Mod: Limit one foe put to sleep\n|rule|Freeze Clause Mod: Limit one foe frozen\n|rule|Species Clause: Limit one of each Pokémon\n|rule|OHKO Clause: OHKO moves are banned\n|rule|Evasion Moves Clause: Evasion moves are banned\n|\n|t:|1773588905\n|teamsize|p1|6\n|teamsize|p2|6\n|start\n|switch|p1a: Jynx|Jynx|100/100\n|switch|p2a: Gengar|Gengar|100/100\n|turn|1\n|c|☆Sceptross|gl hf!\n|c|☆sadisticnarwhal|u2\n|\n|t:|1773588928\n|move|p2a: Gengar|Hypnosis|p1a: Jynx|[miss]\n|-miss|p2a: Gengar\n|move|p1a: Jynx|Psychic|p2a: Gengar\n|-supereffective|p2a: Gengar\n|-damage|p2a: Gengar|43/100\n|-unboost|p2a: Gengar|spa|1\n|-unboost|p2a: Gengar|spd|1\n|\n|upkeep\n|turn|2\n|\n|t:|1773588934\n|move|p2a: Gengar|Hypnosis|p1a: Jynx\n|-status|p1a: Jynx|slp|[from] move: Hypnosis\n|cant|p1a: Jynx|slp\n|\n|upkeep\n|turn|3\n|\n|t:|1773588951\n|switch|p1a: Exeggutor|Exeggutor|100/100\n|move|p2a: Gengar|Night Shade|p1a: Exeggutor\n|-damage|p1a: Exeggutor|75/100\n|\n|upkeep\n|turn|4\n|inactive|Sceptross has 270 seconds left.\n|rated|Smogon Premier League\n|inactive|sadisticnarwhal has 270 seconds left.\n|inactive|Sceptross has 240 seconds left.\n|\n|t:|1773589023\n|switch|p2a: Chansey|Chansey|100/100\n|switch|p1a: Jynx|Jynx|100/100 slp\n|\n|upkeep\n|turn|5\n|\n|t:|1773589049\n|switch|p1a: Chansey|Chansey|100/100\n|move|p2a: Chansey|Seismic Toss|p1a: Chansey\n|-damage|p1a: Chansey|86/100\n|\n|upkeep\n|turn|6\n|inactive|Sceptross has 210 seconds left.\n|inactive|Sceptross has 180 seconds left.\n|\n|t:|1773589095\n|move|p1a: Chansey|Ice Beam|p2a: Chansey\n|-damage|p2a: Chansey|89/100\n|move|p2a: Chansey|Thunder Wave|p1a: Chansey\n|-status|p1a: Chansey|par\n|\n|upkeep\n|turn|7\n|\n|t:|1773589102\n|switch|p1a: Exeggutor|Exeggutor|75/100\n|move|p2a: Chansey|Seismic Toss|p1a: Exeggutor\n|-damage|p1a: Exeggutor|50/100\n|\n|upkeep\n|turn|8\n|inactive|Sceptross has 180 seconds left.\n|inactive|Sceptross has 150 seconds left.\n|inactive|Sceptross has 120 seconds left.\n|\n|t:|1773589182\n|move|p1a: Exeggutor|Sleep Powder|p2a: Chansey\n|-status|p2a: Chansey|slp|[from] move: Sleep Powder\n|-curestatus|p2a: Chansey|slp|[msg]\n|\n|upkeep\n|turn|9\n|\n|t:|1773589194\n|move|p1a: Exeggutor|Sleep Powder|p2a: Chansey\n|-status|p2a: Chansey|slp|[from] move: Sleep Powder\n|cant|p2a: Chansey|slp\n|\n|upkeep\n|turn|10\n|\n|t:|1773589199\n|move|p1a: Exeggutor|Psychic|p2a: Chansey\n|-damage|p2a: Chansey|72/100 slp\n|cant|p2a: Chansey|slp\n|\n|upkeep\n|turn|11\n|\n|t:|1773589207\n|switch|p2a: Exeggutor|Exeggutor|100/100\n|move|p1a: Exeggutor|Psychic|p2a: Exeggutor\n|-resisted|p2a: Exeggutor\n|-damage|p2a: Exeggutor|86/100\n|\n|upkeep\n|turn|12\n|\n|t:|1773589221\n|switch|p1a: Chansey|Chansey|86/100 par\n|move|p2a: Exeggutor|Stun Spore|p1a: Chansey\n|-fail|p1a: Chansey|par\n|\n|upkeep\n|turn|13\n|inactive|sadisticnarwhal has 270 seconds left.\n|inactive|Sceptross has 120 seconds left.\n|\n|t:|1773589267\n|switch|p2a: Chansey|Chansey|72/100 slp\n|move|p1a: Chansey|Ice Beam|p2a: Chansey\n|-damage|p2a: Chansey|60/100 slp\n|\n|upkeep\n|turn|14\n|\n|t:|1773589273\n|switch|p1a: Tauros|Tauros|100/100\n|-curestatus|p2a: Chansey|slp|[msg]\n|\n|upkeep\n|turn|15\n|inactive|Sceptross has 120 seconds left.\n|\n|t:|1773589299\n|switch|p1a: Exeggutor|Exeggutor|50/100\n|move|p2a: Chansey|Soft-Boiled|p2a: Chansey\n|-heal|p2a: Chansey|100/100\n|\n|upkeep\n|turn|16\n|inactive|Sceptross has 90 seconds left.\n|\n|t:|1773589325\n|switch|p2a: Gengar|Gengar|43/100\n|move|p1a: Exeggutor|Sleep Powder|p2a: Gengar\n|-status|p2a: Gengar|slp|[from] move: Sleep Powder\n|\n|upkeep\n|turn|17\n|inactive|Sceptross has 90 seconds left.\n|\n|t:|1773589334\n|switch|p2a: Exeggutor|Exeggutor|86/100\n|move|p1a: Exeggutor|Stun Spore|p2a: Exeggutor\n|-status|p2a: Exeggutor|par\n|\n|upkeep\n|turn|18\n|inactive|sadisticnarwhal has 270 seconds left.\n|\n|t:|1773589362\n|switch|p1a: Chansey|Chansey|86/100 par\n|move|p2a: Exeggutor|Psychic|p1a: Chansey\n|-damage|p1a: Chansey|69/100 par\n|-unboost|p1a: Chansey|spa|1\n|-unboost|p1a: Chansey|spd|1\n|\n|upkeep\n|turn|19\n|inactive|sadisticnarwhal has 270 seconds left.\n|\n|t:|1773589384\n|move|p2a: Exeggutor|Psychic|p1a: Chansey\n|-damage|p1a: Chansey|44/100 par\n|move|p1a: Chansey|Soft-Boiled|p1a: Chansey\n|-heal|p1a: Chansey|94/100 par\n|\n|upkeep\n|turn|20\n|inactive|sadisticnarwhal has 240 seconds left.\n|\n|t:|1773589420\n|switch|p1a: Jynx|Jynx|100/100 slp\n|move|p2a: Exeggutor|Psychic|p1a: Jynx\n|-resisted|p1a: Jynx\n|-damage|p1a: Jynx|80/100 slp\n|-unboost|p1a: Jynx|spa|1\n|-unboost|p1a: Jynx|spd|1\n|\n|upkeep\n|turn|21\n|\n|t:|1773589436\n|switch|p1a: Exeggutor|Exeggutor|50/100\n|cant|p2a: Exeggutor|par\n|\n|upkeep\n|turn|22\n|\n|t:|1773589440\n|switch|p1a: Chansey|Chansey|94/100 par\n|move|p2a: Exeggutor|Psychic|p1a: Chansey\n|-damage|p1a: Chansey|78/100 par\n|\n|upkeep\n|turn|23\n|\n|t:|1773589450\n|move|p2a: Exeggutor|Psychic|p1a: Chansey\n|-damage|p1a: Chansey|60/100 par\n|-unboost|p1a: Chansey|spa|1\n|-unboost|p1a: Chansey|spd|1\n|cant|p1a: Chansey|par\n|\n|upkeep\n|turn|24\n|\n|t:|1773589455\n|cant|p2a: Exeggutor|par\n|cant|p1a: Chansey|par\n|\n|upkeep\n|turn|25\n|\n|t:|1773589460\n|move|p2a: Exeggutor|Explosion|p1a: Chansey\n|-damage|p1a: Chansey|0 fnt\n|faint|p1a: Chansey\n|faint|p2a: Exeggutor\n|inactive|sadisticnarwhal has 270 seconds left.\n|\n|t:|1773589469\n|switch|p2a: Chansey|Chansey|100/100\n|switch|p1a: Exeggutor|Exeggutor|50/100\n|turn|26\n|inactive|sadisticnarwhal has 270 seconds left.\n|\n|t:|1773589488\n|move|p1a: Exeggutor|Stun Spore|p2a: Chansey|[miss]\n|-miss|p1a: Exeggutor\n|move|p2a: Chansey|Thunder Wave|p1a: Exeggutor\n|-status|p1a: Exeggutor|par\n|\n|upkeep\n|turn|27\n|inactive|sadisticnarwhal has 270 seconds left.\n|inactive|Sceptross has 150 seconds left.\n|inactive|sadisticnarwhal has 240 seconds left.\n|\n|t:|1773589524\n|move|p2a: Chansey|Seismic Toss|p1a: Exeggutor\n|-damage|p1a: Exeggutor|24/100 par\n|cant|p1a: Exeggutor|par\n|\n|upkeep\n|turn|28\n|\n|t:|1773589530\n|switch|p1a: Starmie|Starmie|100/100\n|move|p2a: Chansey|Seismic Toss|p1a: Starmie\n|-damage|p1a: Starmie|70/100\n|\n|upkeep\n|turn|29\n|\n|t:|1773589539\n|move|p1a: Starmie|Thunder Wave|p2a: Chansey\n|-status|p2a: Chansey|par\n|cant|p2a: Chansey|par\n|\n|upkeep\n|turn|30\n|inactive|Sceptross has 150 seconds left.\n|\n|t:|1773589547\n|switch|p1a: Snorlax|Snorlax|100/100\n|move|p2a: Chansey|Seismic Toss|p1a: Snorlax\n|-damage|p1a: Snorlax|81/100\n|\n|upkeep\n|turn|31\n|inactive|Sceptross has 150 seconds left.\n|\n|t:|1773589566\n|move|p1a: Snorlax|Body Slam|p2a: Chansey\n|-damage|p2a: Chansey|60/100 par\n|move|p2a: Chansey|Thunder Wave|p1a: Snorlax\n|-status|p1a: Snorlax|par\n|\n|upkeep\n|turn|32\n|inactive|Sceptross has 150 seconds left.\n|\n|t:|1773589579\n|switch|p2a: Rhydon|Rhydon|100/100\n|move|p1a: Snorlax|Body Slam|p2a: Rhydon\n|-resisted|p2a: Rhydon\n|-damage|p2a: Rhydon|89/100\n|\n|upkeep\n|turn|33\n|inactive|sadisticnarwhal has 270 seconds left.\n|inactive|Sceptross has 150 seconds left.\n|inactive|sadisticnarwhal has 240 seconds left.\n|\n|t:|1773589629\n|move|p2a: Rhydon|Body Slam|p1a: Snorlax\n|-damage|p1a: Snorlax|61/100 par\n|move|p1a: Snorlax|Reflect|p1a: Snorlax\n|-start|p1a: Snorlax|Reflect\n|\n|upkeep\n|turn|34\n|\n|t:|1773589634\n|switch|p2a: Gengar|Gengar|43/100 slp\n|move|p1a: Snorlax|Rest|p1a: Snorlax\n|-status|p1a: Snorlax|slp|[from] move: Rest\n|-heal|p1a: Snorlax|100/100 slp|[silent]\n|\n|upkeep\n|turn|35\n|inactive|Sceptross has 150 seconds left.\n|inactive|Sceptross has 120 seconds left.\n|\n|t:|1773589675\n|switch|p2a: Rhydon|Rhydon|89/100\n|cant|p1a: Snorlax|slp\n|\n|upkeep\n|turn|36\n|inactive|Sceptross has 120 seconds left.\n|\n|t:|1773589681\n|move|p2a: Rhydon|Earthquake|p1a: Snorlax\n|-damage|p1a: Snorlax|82/100 slp\n|-curestatus|p1a: Snorlax|slp|[msg]\n|\n|upkeep\n|turn|37\n|\n|t:|1773589684\n|move|p2a: Rhydon|Substitute|p2a: Rhydon\n|-start|p2a: Rhydon|Substitute\n|-damage|p2a: Rhydon|64/100\n|move|p1a: Snorlax|Body Slam|p2a: Rhydon\n|-resisted|p2a: Rhydon\n|-activate|p2a: Rhydon|Substitute|[damage]\n|\n|upkeep\n|turn|38\n|\n|t:|1773589688\n|move|p2a: Rhydon|Earthquake|p1a: Snorlax\n|-damage|p1a: Snorlax|64/100\n|move|p1a: Snorlax|Body Slam|p2a: Rhydon\n|-resisted|p2a: Rhydon\n|-activate|p2a: Rhydon|Substitute|[damage]\n|\n|upkeep\n|turn|39\n|\n|t:|1773589694\n|move|p2a: Rhydon|Earthquake|p1a: Snorlax\n|-damage|p1a: Snorlax|46/100\n|move|p1a: Snorlax|Body Slam|p2a: Rhydon\n|-resisted|p2a: Rhydon\n|-end|p2a: Rhydon|Substitute\n|\n|upkeep\n|turn|40\n|inactive|Sceptross has 150 seconds left.\n|\n|t:|1773589703\n|move|p2a: Rhydon|Earthquake|p1a: Snorlax\n|-damage|p1a: Snorlax|27/100\n|move|p1a: Snorlax|Rest|p1a: Snorlax\n|-status|p1a: Snorlax|slp|[from] move: Rest\n|-heal|p1a: Snorlax|100/100 slp|[silent]\n|\n|upkeep\n|turn|41\n|\n|t:|1773589709\n|move|p2a: Rhydon|Earthquake|p1a: Snorlax\n|-damage|p1a: Snorlax|84/100 slp\n|cant|p1a: Snorlax|slp\n|\n|upkeep\n|turn|42\n|\n|t:|1773589713\n|move|p2a: Rhydon|Earthquake|p1a: Snorlax\n|-damage|p1a: Snorlax|65/100 slp\n|-curestatus|p1a: Snorlax|slp|[msg]\n|\n|upkeep\n|turn|43\n|\n|t:|1773589718\n|move|p2a: Rhydon|Substitute|p2a: Rhydon\n|-start|p2a: Rhydon|Substitute\n|-damage|p2a: Rhydon|39/100\n|move|p1a: Snorlax|Body Slam|p2a: Rhydon\n|-crit|p2a: Rhydon\n|-resisted|p2a: Rhydon\n|-activate|p2a: Rhydon|Substitute|[damage]\n|\n|upkeep\n|turn|44\n|inactive|Sceptross has 180 seconds left.\n|\n|t:|1773589726\n|move|p2a: Rhydon|Earthquake|p1a: Snorlax\n|-damage|p1a: Snorlax|47/100\n|move|p1a: Snorlax|Body Slam|p2a: Rhydon\n|-resisted|p2a: Rhydon\n|-end|p2a: Rhydon|Substitute\n|\n|upkeep\n|turn|45\n|\n|t:|1773589741\n|move|p2a: Rhydon|Substitute|p2a: Rhydon\n|-start|p2a: Rhydon|Substitute\n|-damage|p2a: Rhydon|14/100\n|move|p1a: Snorlax|Rest|p1a: Snorlax\n|-status|p1a: Snorlax|slp|[from] move: Rest\n|-heal|p1a: Snorlax|100/100 slp|[silent]\n|\n|upkeep\n|turn|46\n|\n|t:|1773589745\n|move|p2a: Rhydon|Rest|p2a: Rhydon\n|-status|p2a: Rhydon|slp|[from] move: Rest\n|-heal|p2a: Rhydon|100/100 slp|[silent]\n|cant|p1a: Snorlax|slp\n|\n|upkeep\n|turn|47\n|inactive|sadisticnarwhal has 270 seconds left.\n|\n|t:|1773589778\n|switch|p1a: Starmie|Starmie|70/100\n|cant|p2a: Rhydon|slp\n|\n|upkeep\n|turn|48\n|\n|t:|1773589781\n|move|p1a: Starmie|Surf|p2a: Rhydon\n|-supereffective|p2a: Rhydon\n|-end|p2a: Rhydon|Substitute\n|-curestatus|p2a: Rhydon|slp|[msg]\n|\n|upkeep\n|turn|49\n|\n|t:|1773589790\n|switch|p1a: Snorlax|Snorlax|100/100 slp\n|switch|p2a: Starmie|Starmie|100/100\n|\n|upkeep\n|turn|50\n|\n|t:|1773589796\n|move|p2a: Starmie|Surf|p1a: Snorlax\n|-crit|p1a: Snorlax\n|-damage|p1a: Snorlax|47/100 slp\n|-curestatus|p1a: Snorlax|slp|[msg]\n|\n|upkeep\n|turn|51\n|inactive|Sceptross has 210 seconds left.\n|inactive|sadisticnarwhal has 270 seconds left.\n|inactive|sadisticnarwhal has 240 seconds left.\n|inactive|Sceptross has 180 seconds left.\n|inactive|sadisticnarwhal has 210 seconds left.\n|\n|t:|1773589901\n|switch|p2a: Rhydon|Rhydon|100/100\n|move|p1a: Snorlax|Self-Destruct|p2a: Rhydon\n|-resisted|p2a: Rhydon\n|-damage|p2a: Rhydon|65/100\n|faint|p1a: Snorlax\n|\n|t:|1773589915\n|switch|p1a: Tauros|Tauros|100/100\n|turn|52\n|\n|t:|1773589945\n|move|p1a: Tauros|Blizzard|p2a: Rhydon|[miss]\n|-miss|p1a: Tauros\n|move|p2a: Rhydon|Earthquake|p1a: Tauros\n|-damage|p1a: Tauros|62/100\n|\n|upkeep\n|turn|53\n|inactive|Sceptross has 150 seconds left.\n|inactive|Sceptross has 120 seconds left.\n|\n|t:|1773590006\n|switch|p2a: Gengar|Gengar|43/100 slp\n|move|p1a: Tauros|Blizzard|p2a: Gengar\n|-damage|p2a: Gengar|25/100 slp\n|\n|upkeep\n|turn|54\n|\n|t:|1773590011\n|move|p1a: Tauros|Blizzard|p2a: Gengar\n|-damage|p2a: Gengar|5/100 slp\n|cant|p2a: Gengar|slp\n|\n|upkeep\n|turn|55\n|inactive|Sceptross has 120 seconds left.\n|\n|t:|1773590020\n|move|p1a: Tauros|Earthquake|p2a: Gengar\n|-supereffective|p2a: Gengar\n|-damage|p2a: Gengar|0 fnt\n|faint|p2a: Gengar\n|inactive|Sceptross has 120 seconds left.\n|\n|t:|1773590030\n|switch|p2a: Starmie|Starmie|100/100\n|turn|56\n|inactive|sadisticnarwhal has 210 seconds left.\n|inactive|sadisticnarwhal has 180 seconds left.\n|\n|t:|1773590077\n|switch|p1a: Starmie|Starmie|70/100\n|move|p2a: Starmie|Surf|p1a: Starmie\n|-resisted|p1a: Starmie\n|-damage|p1a: Starmie|51/100\n|\n|upkeep\n|turn|57\n|inactive|Sceptross has 120 seconds left.\n|\n|t:|1773590103\n|switch|p2a: Chansey|Chansey|60/100 par\n|move|p1a: Starmie|Thunder Wave|p2a: Chansey\n|-fail|p2a: Chansey|par\n|\n|upkeep\n|turn|58\n|inactive|Sceptross has 120 seconds left.\n|\n|t:|1773590120\n|switch|p1a: Exeggutor|Exeggutor|24/100 par\n|move|p2a: Chansey|Seismic Toss|p1a: Exeggutor\n|-damage|p1a: Exeggutor|0 fnt\n|faint|p1a: Exeggutor\n|\n|t:|1773590124\n|switch|p1a: Tauros|Tauros|62/100\n|turn|59\n|inactive|Sceptross has 120 seconds left.\n|inactive|Sceptross has 90 seconds left.\n|\n|t:|1773590162\n|switch|p2a: Rhydon|Rhydon|65/100\n|move|p1a: Tauros|Body Slam|p2a: Rhydon\n|-resisted|p2a: Rhydon\n|-damage|p2a: Rhydon|55/100\n|-status|p2a: Rhydon|par\n|\n|upkeep\n|turn|60\n|\n|t:|1773590173\n|switch|p1a: Starmie|Starmie|51/100\n|move|p2a: Rhydon|Body Slam|p1a: Starmie\n|-damage|p1a: Starmie|24/100\n|\n|upkeep\n|turn|61\n|inactive|Sceptross has 90 seconds left.\n|\n|t:|1773590207\n|switch|p2a: Chansey|Chansey|60/100 par\n|move|p1a: Starmie|Recover|p1a: Starmie\n|-heal|p1a: Starmie|74/100\n|\n|upkeep\n|turn|62\n|inactive|sadisticnarwhal has 210 seconds left.\n|\n|t:|1773590222\n|move|p1a: Starmie|Surf|p2a: Chansey\n|-crit|p2a: Chansey\n|-damage|p2a: Chansey|29/100 par\n|move|p2a: Chansey|Thunder Wave|p1a: Starmie\n|-status|p1a: Starmie|par\n|\n|upkeep\n|turn|63\n|\n|t:|1773590226\n|cant|p1a: Starmie|par\n|move|p2a: Chansey|Soft-Boiled|p2a: Chansey\n|-heal|p2a: Chansey|79/100 par\n|\n|upkeep\n|turn|64\n|\n|t:|1773590231\n|move|p1a: Starmie|Thunderbolt|p2a: Chansey\n|-crit|p2a: Chansey\n|-damage|p2a: Chansey|59/100 par\n|move|p2a: Chansey|Soft-Boiled|p2a: Chansey\n|-heal|p2a: Chansey|100/100 par\n|\n|upkeep\n|turn|65\n|\n|t:|1773590239\n|cant|p1a: Starmie|par\n|cant|p2a: Chansey|par\n|\n|upkeep\n|turn|66\n|\n|t:|1773590243\n|move|p1a: Starmie|Thunderbolt|p2a: Chansey\n|-damage|p2a: Chansey|91/100 par\n|move|p2a: Chansey|Seismic Toss|p1a: Starmie\n|-damage|p1a: Starmie|43/100 par\n|\n|upkeep\n|turn|67\n|inactive|Sceptross has 120 seconds left.\n|\n|t:|1773590271\n|switch|p2a: Rhydon|Rhydon|55/100 par\n|move|p1a: Starmie|Recover|p1a: Starmie\n|-heal|p1a: Starmie|92/100 par\n|\n|upkeep\n|turn|68\n|\n|t:|1773590276\n|switch|p2a: Chansey|Chansey|91/100 par\n|move|p1a: Starmie|Surf|p2a: Chansey\n|-damage|p2a: Chansey|76/100 par\n|\n|upkeep\n|turn|69\n|\n|t:|1773590282\n|move|p1a: Starmie|Surf|p2a: Chansey\n|-damage|p2a: Chansey|60/100 par\n|move|p2a: Chansey|Seismic Toss|p1a: Starmie\n|-damage|p1a: Starmie|61/100 par\n|\n|upkeep\n|turn|70\n|\n|t:|1773590285\n|move|p1a: Starmie|Recover|p1a: Starmie\n|-heal|p1a: Starmie|100/100 par\n|move|p2a: Chansey|Soft-Boiled|p2a: Chansey\n|-heal|p2a: Chansey|100/100 par\n|\n|upkeep\n|turn|71\n|\n|t:|1773590294\n|move|p1a: Starmie|Thunderbolt|p2a: Chansey\n|-damage|p2a: Chansey|91/100 par\n|move|p2a: Chansey|Seismic Toss|p1a: Starmie\n|-damage|p1a: Starmie|70/100 par\n|\n|upkeep\n|turn|72\n|\n|t:|1773590298\n|move|p1a: Starmie|Recover|p1a: Starmie\n|-heal|p1a: Starmie|100/100 par\n|cant|p2a: Chansey|par\n|\n|upkeep\n|turn|73\n|\n|t:|1773590301\n|move|p1a: Starmie|Thunderbolt|p2a: Chansey\n|-crit|p2a: Chansey\n|-damage|p2a: Chansey|71/100 par\n|move|p2a: Chansey|Seismic Toss|p1a: Starmie\n|-damage|p1a: Starmie|70/100 par\n|\n|upkeep\n|turn|74\n|\n|t:|1773590306\n|move|p1a: Starmie|Recover|p1a: Starmie\n|-heal|p1a: Starmie|100/100 par\n|move|p2a: Chansey|Soft-Boiled|p2a: Chansey\n|-heal|p2a: Chansey|100/100 par\n|\n|upkeep\n|turn|75\n|\n|t:|1773590308\n|move|p1a: Starmie|Surf|p2a: Chansey\n|-damage|p2a: Chansey|86/100 par\n|move|p2a: Chansey|Seismic Toss|p1a: Starmie\n|-damage|p1a: Starmie|70/100 par\n|\n|upkeep\n|turn|76\n|\n|t:|1773590316\n|move|p1a: Starmie|Recover|p1a: Starmie\n|-heal|p1a: Starmie|100/100 par\n|cant|p2a: Chansey|par\n|\n|upkeep\n|turn|77\n|\n|t:|1773590322\n|move|p1a: Starmie|Surf|p2a: Chansey\n|-damage|p2a: Chansey|72/100 par\n|move|p2a: Chansey|Seismic Toss|p1a: Starmie\n|-damage|p1a: Starmie|70/100 par\n|\n|upkeep\n|turn|78\n|\n|t:|1773590326\n|move|p1a: Starmie|Recover|p1a: Starmie\n|-heal|p1a: Starmie|100/100 par\n|cant|p2a: Chansey|par\n|\n|upkeep\n|turn|79\n|\n|t:|1773590330\n|move|p1a: Starmie|Thunderbolt|p2a: Chansey\n|-damage|p2a: Chansey|62/100 par\n|move|p2a: Chansey|Seismic Toss|p1a: Starmie\n|-damage|p1a: Starmie|70/100 par\n|\n|upkeep\n|turn|80\n|\n|t:|1773590334\n|switch|p1a: Tauros|Tauros|62/100\n|cant|p2a: Chansey|par\n|\n|upkeep\n|turn|81\n|inactive|Sceptross has 210 seconds left.\n|\n|t:|1773590358\n|move|p1a: Tauros|Body Slam|p2a: Chansey\n|-damage|p2a: Chansey|24/100 par\n|move|p2a: Chansey|Thunder Wave|p1a: Tauros\n|-status|p1a: Tauros|par\n|\n|upkeep\n|turn|82\n|inactive|Sceptross has 180 seconds left.\n|\n|t:|1773590409\n|switch|p2a: Rhydon|Rhydon|55/100 par\n|move|p1a: Tauros|Body Slam|p2a: Rhydon\n|-resisted|p2a: Rhydon\n|-damage|p2a: Rhydon|43/100 par\n|\n|upkeep\n|turn|83\n|\n|t:|1773590413\n|move|p1a: Tauros|Blizzard|p2a: Rhydon\n|-crit|p2a: Rhydon\n|-supereffective|p2a: Rhydon\n|-damage|p2a: Rhydon|0 fnt\n|faint|p2a: Rhydon\n|\n|t:|1773590423\n|switch|p2a: Starmie|Starmie|100/100\n|turn|84\n|inactive|sadisticnarwhal has 270 seconds left.\n|inactive|sadisticnarwhal has 240 seconds left.\n|inactive|sadisticnarwhal has 210 seconds left.\n|\n|t:|1773590524\n|move|p2a: Starmie|Surf|p1a: Tauros\n|-crit|p1a: Tauros\n|-damage|p1a: Tauros|0 fnt\n|faint|p1a: Tauros\n|\n|t:|1773590527\n|switch|p1a: Starmie|Starmie|70/100 par\n|turn|85\n|inactive|sadisticnarwhal has 210 seconds left.\n|inactive|Sceptross has 180 seconds left.\n|\n|t:|1773590536\n|move|p2a: Starmie|Thunderbolt|p1a: Starmie\n|-supereffective|p1a: Starmie\n|-damage|p1a: Starmie|22/100 par\n|move|p1a: Starmie|Recover|p1a: Starmie\n|-heal|p1a: Starmie|72/100 par\n|\n|upkeep\n|turn|86\n|\n|t:|1773590540\n|move|p2a: Starmie|Thunderbolt|p1a: Starmie\n|-supereffective|p1a: Starmie\n|-damage|p1a: Starmie|24/100 par\n|move|p1a: Starmie|Thunder Wave|p2a: Starmie\n|-status|p2a: Starmie|par\n|\n|upkeep\n|turn|87\n|\n|t:|1773590544\n|move|p1a: Starmie|Recover|p1a: Starmie\n|-heal|p1a: Starmie|74/100 par\n|move|p2a: Starmie|Thunderbolt|p1a: Starmie\n|-supereffective|p1a: Starmie\n|-damage|p1a: Starmie|27/100 par\n|\n|upkeep\n|turn|88\n|\n|t:|1773590547\n|move|p1a: Starmie|Recover|p1a: Starmie\n|-heal|p1a: Starmie|77/100 par\n|move|p2a: Starmie|Thunderbolt|p1a: Starmie\n|-supereffective|p1a: Starmie\n|-damage|p1a: Starmie|29/100 par\n|\n|upkeep\n|turn|89\n|\n|t:|1773590553\n|cant|p2a: Starmie|par\n|move|p1a: Starmie|Recover|p1a: Starmie\n|-heal|p1a: Starmie|79/100 par\n|\n|upkeep\n|turn|90\n|\n|t:|1773590555\n|cant|p2a: Starmie|par\n|cant|p1a: Starmie|par\n|\n|upkeep\n|turn|91\n|\n|t:|1773590558\n|move|p1a: Starmie|Thunderbolt|p2a: Starmie\n|-supereffective|p2a: Starmie\n|-damage|p2a: Starmie|53/100 par\n|move|p2a: Starmie|Thunderbolt|p1a: Starmie\n|-supereffective|p1a: Starmie\n|-damage|p1a: Starmie|32/100 par\n|\n|upkeep\n|turn|92\n|inactive|Sceptross has 240 seconds left.\n|\n|t:|1773590564\n|move|p1a: Starmie|Recover|p1a: Starmie\n|-heal|p1a: Starmie|82/100 par\n|move|p2a: Starmie|Thunderbolt|p1a: Starmie\n|-crit|p1a: Starmie\n|-supereffective|p1a: Starmie\n|-damage|p1a: Starmie|0 fnt\n|faint|p1a: Starmie\n|\n|t:|1773590566\n|switch|p1a: Jynx|Jynx|80/100 slp\n|turn|93\n|\n|t:|1773590572\n|switch|p2a: Tauros|Tauros|100/100\n|cant|p1a: Jynx|slp\n|\n|upkeep\n|turn|94\n|c|☆sadisticnarwhal|gg\n|\n|t:|1773590578\n|move|p2a: Tauros|Body Slam|p1a: Jynx\n|-damage|p1a: Jynx|30/100 slp\n|cant|p1a: Jynx|slp\n|\n|upkeep\n|turn|95\n|\n|t:|1773590580\n|move|p2a: Tauros|Body Slam|p1a: Jynx\n|-damage|p1a: Jynx|0 fnt\n|faint|p1a: Jynx\n|\n|win|Sceptross\n","uploadtime":1773590580,"views":"879","formatid":"gen1ou","rating":null,"private":0,"password":null}