{"id":"smogtours-gen1ou-947480","format":"[Gen 1] OU","players":["Kristyl ★","magialice"],"log":"|inactive|Battle timer is ON: inactive players will automatically lose when time's up.\n|t:|1781564518\n|gametype|singles\n|player|p1|Kristyl ★|dawn|\n|player|p2|magialice|#pmplivdachsbuns|\n|gen|1\n|tier|[Gen 1] OU\n|rule|Desync Clause Mod: Desyncs changed to move failure.\n|rule|HP Percentage Mod: HP is shown in percentages\n|rule|Endless Battle Clause: Forcing endless battles is banned\n|rule|Sleep Clause Mod: Limit one foe put to sleep\n|rule|Freeze Clause Mod: Limit one foe frozen\n|rule|Species Clause: Limit one of each Pokémon\n|rule|OHKO Clause: OHKO moves are banned\n|rule|Evasion Moves Clause: Evasion moves are banned\n|\n|t:|1781564518\n|teamsize|p1|6\n|teamsize|p2|6\n|start\n|switch|p1a: Jynx|Jynx|100/100\n|switch|p2a: Jynx|Jynx|100/100\n|turn|1\n|c|☆magialice|glhf\n|c|☆Kristyl ★|u2\n|\n|t:|1781564527\n|move|p2a: Jynx|Lovely Kiss|p1a: Jynx\n|-status|p1a: Jynx|slp|[from] move: Lovely Kiss\n|cant|p1a: Jynx|slp\n|\n|upkeep\n|turn|2\n|\n|t:|1781564546\n|switch|p2a: Snorlax|Snorlax|100/100\n|cant|p1a: Jynx|slp\n|\n|upkeep\n|turn|3\n|\n|t:|1781564548\n|switch|p1a: Chansey|Chansey|100/100\n|move|p2a: Snorlax|Body Slam|p1a: Chansey\n|-damage|p1a: Chansey|61/100\n|\n|upkeep\n|turn|4\n|\n|t:|1781564554\n|switch|p2a: Jynx|Jynx|100/100\n|move|p1a: Chansey|Soft-Boiled|p1a: Chansey\n|-heal|p1a: Chansey|100/100\n|\n|upkeep\n|turn|5\n|\n|t:|1781564559\n|move|p2a: Jynx|Blizzard|p1a: Chansey\n|-damage|p1a: Chansey|82/100\n|move|p1a: Chansey|Thunder Wave|p2a: Jynx\n|-status|p2a: Jynx|par\n|\n|upkeep\n|turn|6\n|\n|t:|1781564566\n|move|p1a: Chansey|Seismic Toss|p2a: Jynx\n|-damage|p2a: Jynx|70/100 par\n|cant|p2a: Jynx|par\n|\n|upkeep\n|turn|7\n|\n|t:|1781564570\n|move|p1a: Chansey|Seismic Toss|p2a: Jynx\n|-damage|p2a: Jynx|40/100 par\n|move|p2a: Jynx|Blizzard|p1a: Chansey|[miss]\n|-miss|p2a: Jynx\n|\n|upkeep\n|turn|8\n|\n|t:|1781564577\n|switch|p2a: Exeggutor|Exeggutor|100/100\n|move|p1a: Chansey|Seismic Toss|p2a: Exeggutor\n|-damage|p2a: Exeggutor|75/100\n|\n|upkeep\n|turn|9\n|\n|t:|1781564583\n|switch|p1a: Jynx|Jynx|100/100 slp\n|move|p2a: Exeggutor|Explosion|p1a: Jynx\n|-damage|p1a: Jynx|0 fnt\n|faint|p1a: Jynx\n|faint|p2a: Exeggutor\n|\n|t:|1781564590\n|switch|p1a: Chansey|Chansey|82/100\n|switch|p2a: Jynx|Jynx|40/100 par\n|turn|10\n|\n|t:|1781564594\n|move|p1a: Chansey|Seismic Toss|p2a: Jynx\n|-damage|p2a: Jynx|10/100 par\n|move|p2a: Jynx|Lovely Kiss|p1a: Chansey\n|-status|p1a: Chansey|slp|[from] move: Lovely Kiss\n|\n|upkeep\n|turn|11\n|\n|t:|1781564597\n|switch|p1a: Snorlax|Snorlax|100/100\n|move|p2a: Jynx|Blizzard|p1a: Snorlax\n|-crit|p1a: Snorlax\n|-damage|p1a: Snorlax|34/100\n|\n|upkeep\n|turn|12\n|\n|t:|1781564600\n|move|p1a: Snorlax|Body Slam|p2a: Jynx\n|-damage|p2a: Jynx|0 fnt\n|faint|p2a: Jynx\n|\n|t:|1781564614\n|switch|p2a: Snorlax|Snorlax|100/100\n|turn|13\n|\n|t:|1781564616\n|move|p1a: Snorlax|Self-Destruct|p2a: Snorlax\n|-damage|p2a: Snorlax|18/100\n|faint|p1a: Snorlax\n|\n|t:|1781564618\n|switch|p1a: Tauros|Tauros|100/100\n|turn|14\n|\n|t:|1781564628\n|switch|p2a: Zapdos|Zapdos|100/100\n|move|p1a: Tauros|Body Slam|p2a: Zapdos\n|-damage|p2a: Zapdos|72/100\n|-status|p2a: Zapdos|par\n|\n|upkeep\n|turn|15\n|\n|t:|1781564631\n|move|p1a: Tauros|Body Slam|p2a: Zapdos\n|-damage|p2a: Zapdos|41/100 par\n|cant|p2a: Zapdos|par\n|\n|upkeep\n|turn|16\n|\n|t:|1781564635\n|switch|p2a: Chansey|Chansey|100/100\n|move|p1a: Tauros|Hyper Beam|p2a: Chansey\n|-damage|p2a: Chansey|37/100\n|-mustrecharge|p1a: Tauros\n|\n|upkeep\n|turn|17\n|\n|t:|1781564639\n|cant|p1a: Tauros|recharge\n|move|p2a: Chansey|Thunder Wave|p1a: Tauros\n|-status|p1a: Tauros|par\n|\n|upkeep\n|turn|18\n|\n|t:|1781564650\n|switch|p2a: Zapdos|Zapdos|41/100 par\n|move|p1a: Tauros|Body Slam|p2a: Zapdos\n|-damage|p2a: Zapdos|13/100 par\n|\n|upkeep\n|turn|19\n|\n|t:|1781564652\n|move|p1a: Tauros|Body Slam|p2a: Zapdos\n|-crit|p2a: Zapdos\n|-damage|p2a: Zapdos|0 fnt\n|faint|p2a: Zapdos\n|\n|t:|1781564655\n|switch|p2a: Tauros|Tauros|100/100\n|turn|20\n|\n|t:|1781564661\n|switch|p1a: Starmie|Starmie|100/100\n|move|p2a: Tauros|Body Slam|p1a: Starmie\n|-damage|p1a: Starmie|64/100\n|-status|p1a: Starmie|par\n|\n|upkeep\n|turn|21\n|\n|t:|1781564667\n|move|p2a: Tauros|Body Slam|p1a: Starmie\n|-damage|p1a: Starmie|28/100 par\n|move|p1a: Starmie|Recover|p1a: Starmie\n|-heal|p1a: Starmie|78/100 par\n|\n|upkeep\n|turn|22\n|\n|t:|1781564670\n|switch|p2a: Chansey|Chansey|37/100\n|move|p1a: Starmie|Recover|p1a: Starmie\n|-heal|p1a: Starmie|100/100 par\n|\n|upkeep\n|turn|23\n|\n|t:|1781564672\n|switch|p1a: Exeggutor|Exeggutor|100/100\n|move|p2a: Chansey|Soft-Boiled|p2a: Chansey\n|-heal|p2a: Chansey|87/100\n|\n|upkeep\n|turn|24\n|\n|t:|1781564676\n|move|p1a: Exeggutor|Sleep Powder|p2a: Chansey|[miss]\n|-miss|p1a: Exeggutor\n|move|p2a: Chansey|Thunder Wave|p1a: Exeggutor\n|-status|p1a: Exeggutor|par\n|\n|upkeep\n|turn|25\n|\n|t:|1781564684\n|switch|p2a: Snorlax|Snorlax|18/100\n|move|p1a: Exeggutor|Psychic|p2a: Snorlax\n|-crit|p2a: Snorlax\n|-damage|p2a: Snorlax|0 fnt\n|faint|p2a: Snorlax\n|\n|t:|1781564687\n|switch|p2a: Chansey|Chansey|87/100\n|turn|26\n|\n|t:|1781564691\n|move|p2a: Chansey|Seismic Toss|p1a: Exeggutor\n|-damage|p1a: Exeggutor|75/100 par\n|move|p1a: Exeggutor|Explosion|p2a: Chansey\n|-damage|p2a: Chansey|0 fnt\n|faint|p2a: Chansey\n|faint|p1a: Exeggutor\n|\n|t:|1781564693\n|switch|p2a: Tauros|Tauros|100/100\n|switch|p1a: Starmie|Starmie|100/100 par\n|turn|27\n|\n|t:|1781564695\n|move|p2a: Tauros|Body Slam|p1a: Starmie\n|-crit|p1a: Starmie\n|-damage|p1a: Starmie|31/100 par\n|move|p1a: Starmie|Thunder Wave|p2a: Tauros\n|-status|p2a: Tauros|par\n|\n|upkeep\n|turn|28\n|\n|t:|1781564699\n|cant|p1a: Starmie|par\n|cant|p2a: Tauros|par\n|\n|upkeep\n|turn|29\n|\n|t:|1781564701\n|cant|p1a: Starmie|par\n|move|p2a: Tauros|Body Slam|p1a: Starmie\n|-damage|p1a: Starmie|0 fnt\n|faint|p1a: Starmie\n|\n|t:|1781564703\n|switch|p1a: Tauros|Tauros|100/100 par\n|turn|30\n|\n|t:|1781564704\n|cant|p2a: Tauros|par\n|move|p1a: Tauros|Body Slam|p2a: Tauros\n|-crit|p2a: Tauros\n|-damage|p2a: Tauros|40/100 par\n|\n|upkeep\n|turn|31\n|\n|t:|1781564707\n|move|p2a: Tauros|Body Slam|p1a: Tauros\n|-damage|p1a: Tauros|71/100 par\n|move|p1a: Tauros|Hyper Beam|p2a: Tauros\n|-crit|p2a: Tauros\n|-damage|p2a: Tauros|0 fnt\n|faint|p2a: Tauros\n|\n|win|Kristyl ★\n|c|☆Kristyl ★|gg\n|c|☆magialice|gg\n|player|p2|\n|player|p1|\n|player|p1|Kristyl ★|dawn|\n","uploadtime":1781564707,"views":"78","formatid":"gen1ou","rating":null,"private":0,"password":null}