{"id":"smogtours-gen1ou-913880","format":"[Gen 1] OU","players":["Ct0wn","isza"],"log":"|inactive|Battle timer is ON: inactive players will automatically lose when time's up.\n|t:|1772411397\n|gametype|singles\n|player|p1|Ct0wn|#splxviiclassiest2|\n|player|p2|isza|#mwpvimurkrows|\n|gen|1\n|tier|[Gen 1] OU\n|rule|Desync Clause Mod: Desyncs changed to move failure.\n|rule|Sleep Clause Mod: Limit one foe put to sleep\n|rule|Freeze Clause Mod: Limit one foe frozen\n|rule|Species Clause: Limit one of each Pokémon\n|rule|OHKO Clause: OHKO moves are banned\n|rule|Evasion Moves Clause: Evasion moves are banned\n|rule|Endless Battle Clause: Forcing endless battles is banned\n|rule|HP Percentage Mod: HP is shown in percentages\n|\n|t:|1772411397\n|teamsize|p1|6\n|teamsize|p2|6\n|start\n|switch|p1a: Gengar|Gengar|100/100\n|switch|p2a: 3d (video proof)|Starmie|100/100\n|turn|1\n|c|☆isza|hf\n|c|☆Ct0wn|Hf\n|inactive|Ct0wn has 270 seconds left.\n|inactive|isza has 270 seconds left.\n|inactive|isza has 240 seconds left.\n|inactive|Ct0wn has 240 seconds left.\n|inactive|isza has 210 seconds left.\n|inactive|Ct0wn has 210 seconds left.\n|\n|t:|1772411505\n|switch|p1a: Starmie|Starmie|100/100\n|move|p2a: 3d (video proof)|Psychic|p1a: Starmie\n|-resisted|p1a: Starmie\n|-damage|p1a: Starmie|84/100\n|\n|upkeep\n|turn|2\n|inactive|isza has 270 seconds left.\n|\n|t:|1772411520\n|move|p2a: 3d (video proof)|Psychic|p1a: Starmie\n|-resisted|p1a: Starmie\n|-damage|p1a: Starmie|67/100\n|move|p1a: Starmie|Thunderbolt|p2a: 3d (video proof)\n|-supereffective|p2a: 3d (video proof)\n|-damage|p2a: 3d (video proof)|56/100\n|\n|upkeep\n|turn|3\n|\n|t:|1772411531\n|switch|p1a: Exeggutor|Exeggutor|100/100\n|move|p2a: 3d (video proof)|Recover|p2a: 3d (video proof)\n|-heal|p2a: 3d (video proof)|100/100\n|\n|upkeep\n|turn|4\n|\n|t:|1772411546\n|switch|p1a: Starmie|Starmie|67/100\n|move|p2a: 3d (video proof)|Blizzard|p1a: Starmie\n|-resisted|p1a: Starmie\n|-damage|p1a: Starmie|53/100\n|\n|upkeep\n|turn|5\n|\n|t:|1772411551\n|switch|p2a: Chansey|Chansey|100/100\n|move|p1a: Starmie|Recover|p1a: Starmie\n|-heal|p1a: Starmie|100/100\n|\n|upkeep\n|turn|6\n|\n|t:|1772411557\n|switch|p1a: Gengar|Gengar|100/100\n|move|p2a: Chansey|Thunder Wave|p1a: Gengar\n|-status|p1a: Gengar|par\n|\n|upkeep\n|turn|7\n|inactive|isza has 270 seconds left.\n|inactive|isza has 240 seconds left.\n|\n|t:|1772411642\n|move|p2a: Chansey|Seismic Toss|p1a: Gengar\n|-damage|p1a: Gengar|70/100 par\n|cant|p1a: Gengar|par\n|\n|upkeep\n|turn|8\n|inactive|isza has 210 seconds left.\n|\n|t:|1772411664\n|move|p2a: Chansey|Seismic Toss|p1a: Gengar\n|-damage|p1a: Gengar|39/100 par\n|move|p1a: Gengar|Hypnosis|p2a: Chansey\n|-status|p2a: Chansey|slp|[from] move: Hypnosis\n|\n|upkeep\n|turn|9\n|\n|t:|1772411672\n|cant|p2a: Chansey|slp\n|cant|p1a: Gengar|par\n|\n|upkeep\n|turn|10\n|inactive|isza has 210 seconds left.\n|\n|t:|1772411714\n|cant|p2a: Chansey|slp\n|move|p1a: Gengar|Explosion|p2a: Chansey\n|-damage|p2a: Chansey|16/100 slp\n|faint|p1a: Gengar\n|inactive|Ct0wn has 270 seconds left.\n|\n|t:|1772411746\n|switch|p1a: EG Tauros|Tauros|100/100\n|turn|11\n|inactive|isza has 180 seconds left.\n|\n|t:|1772411771\n|switch|p2a: 3d (video proof)|Starmie|100/100\n|move|p1a: EG Tauros|Body Slam|p2a: 3d (video proof)\n|-damage|p2a: 3d (video proof)|68/100\n|-status|p2a: 3d (video proof)|par\n|\n|upkeep\n|turn|12\n|inactive|isza has 180 seconds left.\n|inactive|Ct0wn has 270 seconds left.\n|\n|t:|1772411796\n|switch|p1a: Starmie|Starmie|100/100\n|move|p2a: 3d (video proof)|Thunder Wave|p1a: Starmie\n|-status|p1a: Starmie|par\n|\n|upkeep\n|turn|13\n|inactive|Ct0wn has 270 seconds left.\n|\n|t:|1772411809\n|switch|p2a: 3d(no video proof)|Exeggutor|100/100\n|move|p1a: Starmie|Thunder Wave|p2a: 3d(no video proof)\n|-status|p2a: 3d(no video proof)|par\n|\n|upkeep\n|turn|14\n|inactive|Ct0wn has 270 seconds left.\n|\n|t:|1772411814\n|move|p1a: Starmie|Surf|p2a: 3d(no video proof)\n|-crit|p2a: 3d(no video proof)\n|-resisted|p2a: 3d(no video proof)\n|-damage|p2a: 3d(no video proof)|76/100 par\n|move|p2a: 3d(no video proof)|Psychic|p1a: Starmie\n|-resisted|p1a: Starmie\n|-damage|p1a: Starmie|82/100 par\n|-unboost|p1a: Starmie|spa|1\n|-unboost|p1a: Starmie|spd|1\n|\n|upkeep\n|turn|15\n|inactive|isza has 180 seconds left.\n|\n|t:|1772411823\n|cant|p2a: 3d(no video proof)|par\n|move|p1a: Starmie|Recover|p1a: Starmie\n|-heal|p1a: Starmie|100/100 par\n|\n|upkeep\n|turn|16\n|\n|t:|1772411830\n|move|p2a: 3d(no video proof)|Sleep Powder|p1a: Starmie\n|-fail|p1a: Starmie\n|move|p1a: Starmie|Surf|p2a: 3d(no video proof)\n|-crit|p2a: 3d(no video proof)\n|-resisted|p2a: 3d(no video proof)\n|-damage|p2a: 3d(no video proof)|52/100 par\n|\n|upkeep\n|turn|17\n|\n|t:|1772411841\n|move|p2a: 3d(no video proof)|Sleep Powder|p1a: Starmie\n|-fail|p1a: Starmie\n|move|p1a: Starmie|Surf|p2a: 3d(no video proof)\n|-resisted|p2a: 3d(no video proof)\n|-damage|p2a: 3d(no video proof)|44/100 par\n|\n|upkeep\n|turn|18\n|\n|t:|1772411851\n|move|p2a: 3d(no video proof)|Mega Drain|p1a: Starmie\n|-supereffective|p1a: Starmie\n|-damage|p1a: Starmie|50/100 par\n|-heal|p2a: 3d(no video proof)|65/100 par|[from] drain|[of] p1a: Starmie\n|move|p1a: Starmie|Surf|p2a: 3d(no video proof)\n|-crit|p2a: 3d(no video proof)\n|-resisted|p2a: 3d(no video proof)\n|-damage|p2a: 3d(no video proof)|41/100 par\n|\n|upkeep\n|turn|19\n|inactive|isza has 210 seconds left.\n|\n|t:|1772411867\n|move|p2a: 3d(no video proof)|Sleep Powder|p1a: Starmie\n|-fail|p1a: Starmie\n|move|p1a: Starmie|Recover|p1a: Starmie\n|-heal|p1a: Starmie|99/100 par\n|\n|upkeep\n|turn|20\n|\n|t:|1772411881\n|move|p2a: 3d(no video proof)|Sleep Powder|p1a: Starmie\n|-fail|p1a: Starmie\n|cant|p1a: Starmie|par\n|\n|upkeep\n|turn|21\n|\n|t:|1772411885\n|switch|p1a: Zapdos|Zapdos|100/100\n|cant|p2a: 3d(no video proof)|par\n|\n|upkeep\n|turn|22\n|\n|t:|1772411893\n|switch|p2a: Zapdos|Zapdos|100/100\n|move|p1a: Zapdos|Drill Peck|p2a: Zapdos\n|-resisted|p2a: Zapdos\n|-damage|p2a: Zapdos|87/100\n|\n|upkeep\n|turn|23\n|\n|t:|1772411900\n|move|p1a: Zapdos|Thunderbolt|p2a: Zapdos\n|-damage|p2a: Zapdos|60/100\n|move|p2a: Zapdos|Thunder Wave|p1a: Zapdos\n|-status|p1a: Zapdos|par\n|\n|upkeep\n|turn|24\n|\n|t:|1772411904\n|move|p2a: Zapdos|Thunderbolt|p1a: Zapdos\n|-damage|p1a: Zapdos|71/100 par\n|move|p1a: Zapdos|Thunderbolt|p2a: Zapdos\n|-damage|p2a: Zapdos|31/100\n|\n|upkeep\n|turn|25\n|rated|Smogon Premier League\n|\n|t:|1772411910\n|move|p2a: Zapdos|Thunderbolt|p1a: Zapdos\n|-damage|p1a: Zapdos|43/100 par\n|move|p1a: Zapdos|Thunder Wave|p2a: Zapdos\n|-status|p2a: Zapdos|par\n|\n|upkeep\n|turn|26\n|\n|t:|1772411918\n|move|p1a: Zapdos|Thunderbolt|p2a: Zapdos\n|-damage|p2a: Zapdos|0 fnt\n|faint|p2a: Zapdos\n|\n|t:|1772411933\n|switch|p2a: Tauros|Tauros|100/100\n|turn|27\n|\n|t:|1772411942\n|switch|p1a: Snorlax|Snorlax|100/100\n|move|p2a: Tauros|Hyper Beam|p1a: Snorlax\n|-damage|p1a: Snorlax|57/100\n|-mustrecharge|p2a: Tauros\n|\n|upkeep\n|turn|28\n|\n|t:|1772411946\n|cant|p2a: Tauros|recharge\n|move|p1a: Snorlax|Counter|p2a: Tauros\n|-damage|p2a: Tauros|0 fnt\n|faint|p2a: Tauros\n|inactive|isza has 270 seconds left.\n|\n|t:|1772411951\n|switch|p2a: 3d (video proof)|Starmie|68/100 par\n|turn|29\n|inactive|isza has 270 seconds left.\n|\n|t:|1772411969\n|switch|p1a: Starmie|Starmie|99/100 par\n|move|p2a: 3d (video proof)|Recover|p2a: 3d (video proof)\n|-heal|p2a: 3d (video proof)|100/100 par\n|\n|upkeep\n|turn|30\n|inactive|isza has 270 seconds left.\n|\n|t:|1772411975\n|switch|p2a: 3d(no video proof)|Exeggutor|41/100 par\n|move|p1a: Starmie|Surf|p2a: 3d(no video proof)\n|-resisted|p2a: 3d(no video proof)\n|-damage|p2a: 3d(no video proof)|30/100 par\n|\n|upkeep\n|turn|31\n|\n|t:|1772411984\n|move|p1a: Starmie|Surf|p2a: 3d(no video proof)\n|-resisted|p2a: 3d(no video proof)\n|-damage|p2a: 3d(no video proof)|17/100 par\n|move|p2a: 3d(no video proof)|Psychic|p1a: Starmie\n|-resisted|p1a: Starmie\n|-damage|p1a: Starmie|80/100 par\n|\n|upkeep\n|turn|32\n|\n|t:|1772411995\n|switch|p1a: Zapdos|Zapdos|43/100 par\n|move|p2a: 3d(no video proof)|Psychic|p1a: Zapdos\n|-damage|p1a: Zapdos|16/100 par\n|-unboost|p1a: Zapdos|spa|1\n|-unboost|p1a: Zapdos|spd|1\n|\n|upkeep\n|turn|33\n|\n|t:|1772412002\n|switch|p2a: Ronflex|Snorlax|100/100\n|move|p1a: Zapdos|Agility|p1a: Zapdos\n|-boost|p1a: Zapdos|spe|2\n|\n|upkeep\n|turn|34\n|\n|t:|1772412029\n|cant|p1a: Zapdos|par\n|move|p2a: Ronflex|Reflect|p2a: Ronflex\n|-start|p2a: Ronflex|Reflect\n|\n|upkeep\n|turn|35\n|\n|t:|1772412034\n|move|p1a: Zapdos|Thunderbolt|p2a: Ronflex\n|-damage|p2a: Ronflex|80/100\n|move|p2a: Ronflex|Body Slam|p1a: Zapdos\n|-damage|p1a: Zapdos|0 fnt\n|faint|p1a: Zapdos\n|\n|t:|1772412048\n|switch|p1a: Exeggutor|Exeggutor|100/100\n|turn|36\n|\n|t:|1772412052\n|move|p1a: Exeggutor|Psychic|p2a: Ronflex\n|-damage|p2a: Ronflex|50/100\n|-unboost|p2a: Ronflex|spa|1\n|-unboost|p2a: Ronflex|spd|1\n|move|p2a: Ronflex|Body Slam|p1a: Exeggutor\n|-damage|p1a: Exeggutor|70/100\n|-status|p1a: Exeggutor|par\n|\n|upkeep\n|turn|37\n|\n|t:|1772412066\n|switch|p2a: 3d (video proof)|Starmie|100/100 par\n|move|p1a: Exeggutor|Psychic|p2a: 3d (video proof)\n|-resisted|p2a: 3d (video proof)\n|-damage|p2a: 3d (video proof)|81/100 par\n|-unboost|p2a: 3d (video proof)|spa|1\n|-unboost|p2a: 3d (video proof)|spd|1\n|\n|upkeep\n|turn|38\n|\n|t:|1772412074\n|switch|p2a: 3d(no video proof)|Exeggutor|17/100 par\n|move|p1a: Exeggutor|Psychic|p2a: 3d(no video proof)\n|-resisted|p2a: 3d(no video proof)\n|-damage|p2a: 3d(no video proof)|4/100 par\n|\n|upkeep\n|turn|39\n|\n|t:|1772412082\n|cant|p1a: Exeggutor|par\n|move|p2a: 3d(no video proof)|Explosion|p1a: Exeggutor\n|-damage|p1a: Exeggutor|0 fnt\n|faint|p1a: Exeggutor\n|faint|p2a: 3d(no video proof)\n|\n|t:|1772412094\n|switch|p2a: Ronflex|Snorlax|50/100\n|switch|p1a: EG Tauros|Tauros|100/100\n|turn|40\n|\n|t:|1772412099\n|move|p1a: EG Tauros|Body Slam|p2a: Ronflex\n|-crit|p2a: Ronflex\n|-damage|p2a: Ronflex|0 fnt\n|faint|p2a: Ronflex\n|\n|t:|1772412103\n|switch|p2a: 3d (video proof)|Starmie|81/100 par\n|turn|41\n|\n|t:|1772412106\n|switch|p1a: Starmie|Starmie|80/100 par\n|move|p2a: 3d (video proof)|Psychic|p1a: Starmie\n|-crit|p1a: Starmie\n|-resisted|p1a: Starmie\n|-damage|p1a: Starmie|47/100 par\n|\n|upkeep\n|turn|42\n|\n|t:|1772412110\n|cant|p2a: 3d (video proof)|par\n|move|p1a: Starmie|Thunderbolt|p2a: 3d (video proof)\n|-crit|p2a: 3d (video proof)\n|-supereffective|p2a: 3d (video proof)\n|-damage|p2a: 3d (video proof)|0 fnt\n|faint|p2a: 3d (video proof)\n|\n|t:|1772412114\n|switch|p2a: Chansey|Chansey|16/100 slp\n|turn|43\n|\n|t:|1772412116\n|switch|p1a: EG Tauros|Tauros|100/100\n|cant|p2a: Chansey|slp\n|\n|upkeep\n|turn|44\n|\n|t:|1772412120\n|move|p1a: EG Tauros|Body Slam|p2a: Chansey\n|-damage|p2a: Chansey|0 fnt\n|faint|p2a: Chansey\n|\n|win|Ct0wn\n|c|☆isza|gg\n|c|☆Ct0wn|Gg\n","uploadtime":1772412120,"views":"795","formatid":"gen1ou","rating":null,"private":0,"password":null}