{"id":"smogtours-gen1ou-962539","format":"[Gen 1] OU","players":["Amaranth","Kaz"],"log":"|inactive|Battle timer is ON: inactive players will automatically lose when time's up.\n|t:|1786282724\n|gametype|singles\n|player|p1|Amaranth|#amaranth|\n|player|p2|Kaz|#kaz|\n|gen|1\n|tier|[Gen 1] OU\n|rule|Desync Clause Mod: Desyncs resolve to link battle behavior from the acting player's perspective.\n|rule|HP Percentage Mod: HP is shown in percentages\n|rule|Endless Battle Clause: Forcing endless battles is banned\n|rule|Sleep Clause Mod: Limit one foe put to sleep\n|rule|Freeze Clause Mod: Limit one foe frozen\n|rule|Species Clause: Limit one of each Pokémon\n|rule|OHKO Clause: OHKO moves are banned\n|rule|Evasion Moves Clause: Evasion moves are banned\n|\n|t:|1786282724\n|teamsize|p1|6\n|teamsize|p2|6\n|start\n|switch|p1a: Tauros|Tauros|100/100\n|switch|p2a: Starmie|Starmie|100/100\n|turn|1\n|c|☆Amaranth|glhf\n|\n|t:|1786282730\n|switch|p2a: Exeggutor|Exeggutor|100/100\n|switch|p1a: Chansey|Chansey|100/100\n|\n|upkeep\n|turn|2\n|c|☆Kaz|hf\n|\n|t:|1786282738\n|move|p2a: Exeggutor|Sleep Powder|p1a: Chansey\n|-status|p1a: Chansey|slp|[from] move: Sleep Powder\n|cant|p1a: Chansey|slp\n|\n|upkeep\n|turn|3\n|\n|t:|1786282742\n|move|p2a: Exeggutor|Psychic|p1a: Chansey\n|-damage|p1a: Chansey|82/100 slp\n|-unboost|p1a: Chansey|spa|1\n|-unboost|p1a: Chansey|spd|1\n|cant|p1a: Chansey|slp\n|\n|upkeep\n|turn|4\n|\n|t:|1786282747\n|switch|p1a: Exeggutor|Exeggutor|100/100\n|move|p2a: Exeggutor|Psychic|p1a: Exeggutor\n|-crit|p1a: Exeggutor\n|-resisted|p1a: Exeggutor\n|-damage|p1a: Exeggutor|74/100\n|\n|upkeep\n|turn|5\n|\n|t:|1786282768\n|switch|p2a: Zapdos|Zapdos|100/100\n|move|p1a: Exeggutor|Sleep Powder|p2a: Zapdos|[miss]\n|-miss|p1a: Exeggutor\n|\n|upkeep\n|turn|6\n|\n|t:|1786282773\n|switch|p1a: Rhydon|Rhydon|100/100\n|move|p2a: Zapdos|Drill Peck|p1a: Rhydon\n|-resisted|p1a: Rhydon\n|-damage|p1a: Rhydon|92/100\n|\n|upkeep\n|turn|7\n|\n|t:|1786282784\n|switch|p2a: Exeggutor|Exeggutor|100/100\n|move|p1a: Rhydon|Rock Slide|p2a: Exeggutor\n|-damage|p2a: Exeggutor|73/100\n|\n|upkeep\n|turn|8\n|\n|t:|1786282788\n|switch|p1a: Exeggutor|Exeggutor|74/100\n|move|p2a: Exeggutor|Psychic|p1a: Exeggutor\n|-resisted|p1a: Exeggutor\n|-damage|p1a: Exeggutor|62/100\n|-unboost|p1a: Exeggutor|spa|1\n|-unboost|p1a: Exeggutor|spd|1\n|\n|upkeep\n|turn|9\n|\n|t:|1786282791\n|switch|p2a: Zapdos|Zapdos|100/100\n|move|p1a: Exeggutor|Sleep Powder|p2a: Zapdos\n|-status|p2a: Zapdos|slp|[from] move: Sleep Powder\n|\n|upkeep\n|turn|10\n|\n|t:|1786282798\n|switch|p2a: Exeggutor|Exeggutor|73/100\n|move|p1a: Exeggutor|Stun Spore|p2a: Exeggutor\n|-status|p2a: Exeggutor|par\n|\n|upkeep\n|turn|11\n|\n|t:|1786282803\n|move|p1a: Exeggutor|Explosion|p2a: Exeggutor\n|-damage|p2a: Exeggutor|0 fnt\n|faint|p2a: Exeggutor\n|faint|p1a: Exeggutor\n|\n|t:|1786282808\n|switch|p1a: Starmie|Starmie|100/100\n|switch|p2a: Chansey|Chansey|100/100\n|turn|12\n|\n|t:|1786282812\n|move|p1a: Starmie|Thunder Wave|p2a: Chansey\n|-status|p2a: Chansey|par\n|cant|p2a: Chansey|par\n|\n|upkeep\n|turn|13\n|\n|t:|1786282818\n|switch|p1a: Chansey|Chansey|82/100 slp\n|move|p2a: Chansey|Thunder Wave|p1a: Chansey\n|-fail|p1a: Chansey\n|\n|upkeep\n|turn|14\n|\n|t:|1786282828\n|switch|p2a: Snorlax|Snorlax|100/100\n|cant|p1a: Chansey|slp\n|\n|upkeep\n|turn|15\n|\n|t:|1786282835\n|cant|p1a: Chansey|slp\n|move|p2a: Snorlax|Earthquake|p1a: Chansey\n|-damage|p1a: Chansey|51/100 slp\n|\n|upkeep\n|turn|16\n|\n|t:|1786282844\n|switch|p1a: Rhydon|Rhydon|92/100\n|move|p2a: Snorlax|Body Slam|p1a: Rhydon\n|-resisted|p1a: Rhydon\n|-damage|p1a: Rhydon|81/100\n|-status|p1a: Rhydon|par\n|\n|upkeep\n|turn|17\n|\n|t:|1786282847\n|switch|p1a: Slowbro|Slowbro|100/100\n|move|p2a: Snorlax|Reflect|p2a: Snorlax\n|-start|p2a: Snorlax|Reflect\n|\n|upkeep\n|turn|18\n|\n|t:|1786282856\n|move|p2a: Snorlax|Body Slam|p1a: Slowbro\n|-damage|p1a: Slowbro|74/100\n|move|p1a: Slowbro|Amnesia|p1a: Slowbro\n|-boost|p1a: Slowbro|spa|2\n|-boost|p1a: Slowbro|spd|2\n|\n|upkeep\n|turn|19\n|\n|t:|1786282859\n|move|p1a: Slowbro|Thunder Wave|p2a: Snorlax\n|-status|p2a: Snorlax|par\n|move|p2a: Snorlax|Body Slam|p1a: Slowbro\n|-damage|p1a: Slowbro|50/100\n|\n|upkeep\n|turn|20\n|\n|t:|1786282863\n|move|p1a: Slowbro|Surf|p2a: Snorlax\n|-damage|p2a: Snorlax|56/100 par\n|cant|p2a: Snorlax|par\n|\n|upkeep\n|turn|21\n|\n|t:|1786282871\n|move|p1a: Slowbro|Amnesia|p1a: Slowbro\n|-boost|p1a: Slowbro|spa|2\n|-boost|p1a: Slowbro|spd|2\n|cant|p2a: Snorlax|par\n|\n|upkeep\n|turn|22\n|\n|t:|1786282876\n|switch|p2a: Zapdos|Zapdos|100/100 slp\n|move|p1a: Slowbro|Surf|p2a: Zapdos\n|-damage|p2a: Zapdos|40/100 slp\n|\n|upkeep\n|turn|23\n|\n|t:|1786282888\n|cant|p2a: Zapdos|slp\n|move|p1a: Slowbro|Surf|p2a: Zapdos\n|-crit|p2a: Zapdos\n|-damage|p2a: Zapdos|1/100 slp\n|\n|upkeep\n|turn|24\n|\n|t:|1786282892\n|cant|p2a: Zapdos|slp\n|move|p1a: Slowbro|Surf|p2a: Zapdos\n|-damage|p2a: Zapdos|0 fnt\n|faint|p2a: Zapdos\n|\n|t:|1786282912\n|switch|p2a: Starmie|Starmie|100/100\n|turn|25\n|\n|t:|1786282917\n|move|p2a: Starmie|Thunderbolt|p1a: Slowbro\n|-crit|p1a: Slowbro\n|-supereffective|p1a: Slowbro\n|-damage|p1a: Slowbro|0 fnt\n|faint|p1a: Slowbro\n|\n|t:|1786282920\n|switch|p1a: Starmie|Starmie|100/100\n|turn|26\n|\n|t:|1786282926\n|switch|p2a: Chansey|Chansey|100/100 par\n|switch|p1a: Chansey|Chansey|51/100 slp\n|\n|upkeep\n|turn|27\n|\n|t:|1786282929\n|switch|p2a: Tauros|Tauros|100/100\n|cant|p1a: Chansey|slp\n|\n|upkeep\n|turn|28\n|\n|t:|1786282934\n|switch|p1a: Rhydon|Rhydon|81/100 par\n|move|p2a: Tauros|Blizzard|p1a: Rhydon\n|-supereffective|p1a: Rhydon\n|-damage|p1a: Rhydon|24/100 par\n|\n|upkeep\n|turn|29\n|c|☆Amaranth|wow\n|c|☆Amaranth|wp\n|\n|t:|1786282948\n|switch|p1a: Starmie|Starmie|100/100\n|move|p2a: Tauros|Blizzard|p1a: Starmie\n|-resisted|p1a: Starmie\n|-damage|p1a: Starmie|89/100\n|\n|upkeep\n|turn|30\n|\n|t:|1786282960\n|switch|p2a: Chansey|Chansey|100/100 par\n|move|p1a: Starmie|Surf|p2a: Chansey\n|-damage|p2a: Chansey|85/100 par\n|\n|upkeep\n|turn|31\n|\n|t:|1786282966\n|switch|p1a: Chansey|Chansey|51/100 slp\n|move|p2a: Chansey|Seismic Toss|p1a: Chansey\n|-damage|p1a: Chansey|36/100 slp\n|\n|upkeep\n|turn|32\n|\n|t:|1786282973\n|cant|p1a: Chansey|slp\n|move|p2a: Chansey|Seismic Toss|p1a: Chansey\n|-damage|p1a: Chansey|22/100 slp\n|\n|upkeep\n|turn|33\n|\n|t:|1786282976\n|switch|p2a: Tauros|Tauros|100/100\n|-curestatus|p1a: Chansey|slp|[msg]\n|\n|upkeep\n|turn|34\n|\n|t:|1786282978\n|switch|p1a: Rhydon|Rhydon|24/100 par\n|move|p2a: Tauros|Body Slam|p1a: Rhydon\n|-resisted|p1a: Rhydon\n|-damage|p1a: Rhydon|14/100 par\n|\n|upkeep\n|turn|35\n|\n|t:|1786282982\n|move|p2a: Tauros|Blizzard|p1a: Rhydon\n|-supereffective|p1a: Rhydon\n|-damage|p1a: Rhydon|0 fnt\n|faint|p1a: Rhydon\n|\n|t:|1786282983\n|switch|p1a: Tauros|Tauros|100/100\n|turn|36\n|\n|t:|1786282999\n|move|p1a: Tauros|Body Slam|p2a: Tauros\n|-damage|p2a: Tauros|69/100\n|move|p2a: Tauros|Body Slam|p1a: Tauros\n|-damage|p1a: Tauros|73/100\n|\n|upkeep\n|turn|37\n|\n|t:|1786283010\n|move|p1a: Tauros|Body Slam|p2a: Tauros\n|-damage|p2a: Tauros|39/100\n|move|p2a: Tauros|Body Slam|p1a: Tauros\n|-damage|p1a: Tauros|42/100\n|\n|upkeep\n|turn|38\n|\n|t:|1786283021\n|switch|p1a: Starmie|Starmie|89/100\n|switch|p2a: Starmie|Starmie|100/100\n|\n|upkeep\n|turn|39\n|\n|t:|1786283032\n|switch|p2a: Chansey|Chansey|85/100 par\n|move|p1a: Starmie|Thunderbolt|p2a: Chansey\n|-crit|p2a: Chansey\n|-damage|p2a: Chansey|64/100 par\n|\n|upkeep\n|turn|40\n|\n|t:|1786283038\n|switch|p1a: Tauros|Tauros|42/100\n|move|p2a: Chansey|Soft-Boiled|p2a: Chansey\n|-heal|p2a: Chansey|100/100 par\n|\n|upkeep\n|turn|41\n|\n|t:|1786283043\n|move|p1a: Tauros|Body Slam|p2a: Chansey\n|-damage|p2a: Chansey|62/100 par\n|move|p2a: Chansey|Thunder Wave|p1a: Tauros\n|-status|p1a: Tauros|par\n|\n|upkeep\n|turn|42\n|\n|t:|1786283065\n|switch|p1a: Chansey|Chansey|22/100\n|switch|p2a: Starmie|Starmie|100/100\n|\n|upkeep\n|turn|43\n|\n|t:|1786283076\n|move|p2a: Starmie|Surf|p1a: Chansey\n|-damage|p1a: Chansey|6/100\n|move|p1a: Chansey|Sing|p2a: Starmie\n|-status|p2a: Starmie|slp|[from] move: Sing\n|\n|upkeep\n|turn|44\n|\n|t:|1786283081\n|cant|p2a: Starmie|slp\n|move|p1a: Chansey|Soft-Boiled|p1a: Chansey\n|-heal|p1a: Chansey|56/100\n|\n|upkeep\n|turn|45\n|\n|t:|1786283083\n|switch|p1a: Starmie|Starmie|89/100\n|cant|p2a: Starmie|slp\n|\n|upkeep\n|turn|46\n|\n|t:|1786283088\n|switch|p2a: Chansey|Chansey|62/100 par\n|move|p1a: Starmie|Thunderbolt|p2a: Chansey\n|-damage|p2a: Chansey|52/100 par\n|\n|upkeep\n|turn|47\n|\n|t:|1786283095\n|switch|p1a: Tauros|Tauros|42/100 par\n|cant|p2a: Chansey|par\n|\n|upkeep\n|turn|48\n|\n|t:|1786283101\n|switch|p2a: Starmie|Starmie|100/100 slp\n|cant|p1a: Tauros|par\n|\n|upkeep\n|turn|49\n|\n|t:|1786283104\n|cant|p2a: Starmie|slp\n|cant|p1a: Tauros|par\n|\n|upkeep\n|turn|50\n|\n|t:|1786283106\n|-curestatus|p2a: Starmie|slp|[msg]\n|move|p1a: Tauros|Body Slam|p2a: Starmie\n|-damage|p2a: Starmie|65/100\n|\n|upkeep\n|turn|51\n|\n|t:|1786283111\n|switch|p1a: Chansey|Chansey|56/100\n|move|p2a: Starmie|Recover|p2a: Starmie\n|-heal|p2a: Starmie|100/100\n|\n|upkeep\n|turn|52\n|\n|t:|1786283114\n|switch|p2a: Chansey|Chansey|52/100 par\n|switch|p1a: Tauros|Tauros|42/100 par\n|\n|upkeep\n|turn|53\n|\n|t:|1786283117\n|switch|p2a: Starmie|Starmie|100/100\n|cant|p1a: Tauros|par\n|\n|upkeep\n|turn|54\n|\n|t:|1786283122\n|switch|p1a: Chansey|Chansey|56/100\n|move|p2a: Starmie|Surf|p1a: Chansey\n|-damage|p1a: Chansey|41/100\n|\n|upkeep\n|turn|55\n|\n|t:|1786283125\n|switch|p2a: Chansey|Chansey|52/100 par\n|move|p1a: Chansey|Soft-Boiled|p1a: Chansey\n|-heal|p1a: Chansey|91/100\n|\n|upkeep\n|turn|56\n|\n|t:|1786283128\n|switch|p1a: Tauros|Tauros|42/100 par\n|move|p2a: Chansey|Soft-Boiled|p2a: Chansey\n|-heal|p2a: Chansey|100/100 par\n|\n|upkeep\n|turn|57\n|\n|t:|1786283131\n|switch|p2a: Starmie|Starmie|100/100\n|move|p1a: Tauros|Body Slam|p2a: Starmie\n|-damage|p2a: Starmie|68/100\n|\n|upkeep\n|turn|58\n|\n|t:|1786283134\n|switch|p1a: Chansey|Chansey|91/100\n|move|p2a: Starmie|Recover|p2a: Starmie\n|-heal|p2a: Starmie|100/100\n|\n|upkeep\n|turn|59\n|\n|t:|1786283136\n|switch|p2a: Chansey|Chansey|100/100 par\n|switch|p1a: Tauros|Tauros|42/100 par\n|\n|upkeep\n|turn|60\n|\n|t:|1786283138\n|switch|p2a: Starmie|Starmie|100/100\n|move|p1a: Tauros|Body Slam|p2a: Starmie\n|-crit|p2a: Starmie\n|-damage|p2a: Starmie|33/100\n|\n|upkeep\n|turn|61\n|\n|t:|1786283146\n|move|p2a: Starmie|Recover|p2a: Starmie\n|-heal|p2a: Starmie|83/100\n|move|p1a: Tauros|Body Slam|p2a: Starmie\n|-crit|p2a: Starmie\n|-damage|p2a: Starmie|20/100\n|-status|p2a: Starmie|par\n|\n|upkeep\n|turn|62\n|\n|t:|1786283154\n|switch|p1a: Starmie|Starmie|89/100\n|cant|p2a: Starmie|par\n|\n|upkeep\n|turn|63\n|\n|t:|1786283160\n|switch|p1a: Tauros|Tauros|42/100 par\n|switch|p2a: Chansey|Chansey|100/100 par\n|\n|upkeep\n|turn|64\n|\n|t:|1786283166\n|switch|p2a: Starmie|Starmie|20/100 par\n|move|p1a: Tauros|Body Slam|p2a: Starmie\n|-damage|p2a: Starmie|0 fnt\n|faint|p2a: Starmie\n|\n|t:|1786283168\n|switch|p2a: Snorlax|Snorlax|56/100 par\n|turn|65\n|\n|t:|1786283185\n|cant|p1a: Tauros|par\n|move|p2a: Snorlax|Rest|p2a: Snorlax\n|-status|p2a: Snorlax|slp|[from] move: Rest\n|-heal|p2a: Snorlax|100/100 slp|[silent]\n|\n|upkeep\n|turn|66\n|\n|t:|1786283190\n|move|p1a: Tauros|Rest|p1a: Tauros\n|-status|p1a: Tauros|slp|[from] move: Rest\n|-heal|p1a: Tauros|100/100 slp|[silent]\n|cant|p2a: Snorlax|slp\n|\n|upkeep\n|turn|67\n|\n|t:|1786283191\n|cant|p1a: Tauros|slp\n|-curestatus|p2a: Snorlax|slp|[msg]\n|\n|upkeep\n|turn|68\n|\n|t:|1786283193\n|switch|p1a: Chansey|Chansey|91/100\n|move|p2a: Snorlax|Body Slam|p1a: Chansey\n|-damage|p1a: Chansey|53/100\n|\n|upkeep\n|turn|69\n|\n|t:|1786283196\n|switch|p2a: Chansey|Chansey|100/100 par\n|move|p1a: Chansey|Soft-Boiled|p1a: Chansey\n|-heal|p1a: Chansey|100/100\n|\n|upkeep\n|turn|70\n|\n|t:|1786283200\n|switch|p1a: Tauros|Tauros|100/100 slp\n|move|p2a: Chansey|Seismic Toss|p1a: Tauros\n|-damage|p1a: Tauros|72/100 slp\n|\n|upkeep\n|turn|71\n|\n|t:|1786283217\n|switch|p1a: Starmie|Starmie|89/100\n|move|p2a: Chansey|Thunder Wave|p1a: Starmie\n|-status|p1a: Starmie|par\n|\n|upkeep\n|turn|72\n|\n|t:|1786283225\n|cant|p1a: Starmie|par\n|move|p2a: Chansey|Seismic Toss|p1a: Starmie\n|-damage|p1a: Starmie|58/100 par\n|\n|upkeep\n|turn|73\n|\n|t:|1786283227\n|move|p1a: Starmie|Recover|p1a: Starmie\n|-heal|p1a: Starmie|100/100 par\n|cant|p2a: Chansey|par\n|\n|upkeep\n|turn|74\n|\n|t:|1786283229\n|move|p1a: Starmie|Surf|p2a: Chansey\n|-damage|p2a: Chansey|84/100 par\n|move|p2a: Chansey|Seismic Toss|p1a: Starmie\n|-damage|p1a: Starmie|70/100 par\n|\n|upkeep\n|turn|75\n|\n|t:|1786283231\n|move|p1a: Starmie|Recover|p1a: Starmie\n|-heal|p1a: Starmie|100/100 par\n|move|p2a: Chansey|Soft-Boiled|p2a: Chansey\n|-heal|p2a: Chansey|100/100 par\n|\n|upkeep\n|turn|76\n|\n|t:|1786283233\n|move|p1a: Starmie|Surf|p2a: Chansey\n|-damage|p2a: Chansey|84/100 par\n|cant|p2a: Chansey|par\n|\n|upkeep\n|turn|77\n|\n|t:|1786283235\n|move|p1a: Starmie|Thunder Wave|p2a: Chansey\n|-fail|p2a: Chansey|par\n|move|p2a: Chansey|Soft-Boiled|p2a: Chansey\n|-heal|p2a: Chansey|100/100 par\n|\n|upkeep\n|turn|78\n|\n|t:|1786283237\n|cant|p1a: Starmie|par\n|move|p2a: Chansey|Seismic Toss|p1a: Starmie\n|-damage|p1a: Starmie|70/100 par\n|\n|upkeep\n|turn|79\n|\n|t:|1786283239\n|move|p1a: Starmie|Recover|p1a: Starmie\n|-heal|p1a: Starmie|100/100 par\n|move|p2a: Chansey|Seismic Toss|p1a: Starmie\n|-damage|p1a: Starmie|70/100 par\n|\n|upkeep\n|turn|80\n|\n|t:|1786283241\n|move|p1a: Starmie|Recover|p1a: Starmie\n|-heal|p1a: Starmie|100/100 par\n|move|p2a: Chansey|Seismic Toss|p1a: Starmie\n|-damage|p1a: Starmie|70/100 par\n|\n|upkeep\n|turn|81\n|\n|t:|1786283243\n|move|p1a: Starmie|Recover|p1a: Starmie\n|-heal|p1a: Starmie|100/100 par\n|cant|p2a: Chansey|par\n|\n|upkeep\n|turn|82\n|\n|t:|1786283244\n|cant|p1a: Starmie|par\n|move|p2a: Chansey|Seismic Toss|p1a: Starmie\n|-damage|p1a: Starmie|70/100 par\n|\n|upkeep\n|turn|83\n|\n|t:|1786283246\n|move|p1a: Starmie|Recover|p1a: Starmie\n|-heal|p1a: Starmie|100/100 par\n|move|p2a: Chansey|Seismic Toss|p1a: Starmie\n|-damage|p1a: Starmie|70/100 par\n|\n|upkeep\n|turn|84\n|\n|t:|1786283247\n|move|p1a: Starmie|Recover|p1a: Starmie\n|-heal|p1a: Starmie|100/100 par\n|move|p2a: Chansey|Seismic Toss|p1a: Starmie\n|-damage|p1a: Starmie|70/100 par\n|\n|upkeep\n|turn|85\n|\n|t:|1786283249\n|cant|p1a: Starmie|par\n|move|p2a: Chansey|Seismic Toss|p1a: Starmie\n|-damage|p1a: Starmie|39/100 par\n|\n|upkeep\n|turn|86\n|\n|t:|1786283251\n|switch|p2a: Snorlax|Snorlax|100/100\n|move|p1a: Starmie|Recover|p1a: Starmie\n|-heal|p1a: Starmie|88/100 par\n|\n|upkeep\n|turn|87\n|\n|t:|1786283253\n|switch|p2a: Chansey|Chansey|100/100 par\n|switch|p1a: Chansey|Chansey|100/100\n|\n|upkeep\n|turn|88\n|\n|t:|1786283258\n|switch|p1a: Starmie|Starmie|88/100 par\n|move|p2a: Chansey|Seismic Toss|p1a: Starmie\n|-damage|p1a: Starmie|57/100 par\n|\n|upkeep\n|turn|89\n|\n|t:|1786283260\n|move|p1a: Starmie|Recover|p1a: Starmie\n|-heal|p1a: Starmie|100/100 par\n|move|p2a: Chansey|Seismic Toss|p1a: Starmie\n|-damage|p1a: Starmie|70/100 par\n|\n|upkeep\n|turn|90\n|\n|t:|1786283261\n|cant|p1a: Starmie|par\n|move|p2a: Chansey|Seismic Toss|p1a: Starmie\n|-damage|p1a: Starmie|39/100 par\n|\n|upkeep\n|turn|91\n|\n|t:|1786283263\n|switch|p2a: Snorlax|Snorlax|100/100\n|move|p1a: Starmie|Recover|p1a: Starmie\n|-heal|p1a: Starmie|88/100 par\n|\n|upkeep\n|turn|92\n|\n|t:|1786283265\n|switch|p1a: Chansey|Chansey|100/100\n|move|p2a: Snorlax|Body Slam|p1a: Chansey\n|-damage|p1a: Chansey|56/100\n|\n|upkeep\n|turn|93\n|\n|t:|1786283267\n|switch|p2a: Chansey|Chansey|100/100 par\n|move|p1a: Chansey|Soft-Boiled|p1a: Chansey\n|-heal|p1a: Chansey|100/100\n|\n|upkeep\n|turn|94\n|\n|t:|1786283270\n|switch|p1a: Starmie|Starmie|88/100 par\n|switch|p2a: Snorlax|Snorlax|100/100\n|\n|upkeep\n|turn|95\n|\n|t:|1786283273\n|switch|p1a: Chansey|Chansey|100/100\n|move|p2a: Snorlax|Body Slam|p1a: Chansey\n|-damage|p1a: Chansey|57/100\n|\n|upkeep\n|turn|96\n|\n|t:|1786283275\n|switch|p2a: Chansey|Chansey|100/100 par\n|move|p1a: Chansey|Soft-Boiled|p1a: Chansey\n|-heal|p1a: Chansey|100/100\n|\n|upkeep\n|turn|97\n|\n|t:|1786283287\n|switch|p1a: Starmie|Starmie|88/100 par\n|move|p2a: Chansey|Seismic Toss|p1a: Starmie\n|-damage|p1a: Starmie|57/100 par\n|\n|upkeep\n|turn|98\n|\n|t:|1786283290\n|switch|p2a: Snorlax|Snorlax|100/100\n|move|p1a: Starmie|Recover|p1a: Starmie\n|-heal|p1a: Starmie|100/100 par\n|\n|upkeep\n|turn|99\n|\n|t:|1786283293\n|switch|p1a: Chansey|Chansey|100/100\n|move|p2a: Snorlax|Body Slam|p1a: Chansey\n|-damage|p1a: Chansey|59/100\n|\n|upkeep\n|turn|100\n|\n|t:|1786283297\n|move|p1a: Chansey|Soft-Boiled|p1a: Chansey\n|-heal|p1a: Chansey|100/100\n|move|p2a: Snorlax|Earthquake|p1a: Chansey\n|-damage|p1a: Chansey|68/100\n|\n|upkeep\n|turn|101\n|\n|t:|1786283314\n|switch|p2a: Chansey|Chansey|100/100 par\n|move|p1a: Chansey|Soft-Boiled|p1a: Chansey\n|-heal|p1a: Chansey|100/100\n|\n|upkeep\n|turn|102\n|\n|t:|1786283318\n|switch|p1a: Starmie|Starmie|100/100 par\n|move|p2a: Chansey|Seismic Toss|p1a: Starmie\n|-damage|p1a: Starmie|70/100 par\n|\n|upkeep\n|turn|103\n|\n|t:|1786283321\n|move|p1a: Starmie|Recover|p1a: Starmie\n|-heal|p1a: Starmie|100/100 par\n|move|p2a: Chansey|Seismic Toss|p1a: Starmie\n|-damage|p1a: Starmie|70/100 par\n|\n|upkeep\n|turn|104\n|\n|t:|1786283325\n|switch|p2a: Snorlax|Snorlax|100/100\n|move|p1a: Starmie|Recover|p1a: Starmie\n|-heal|p1a: Starmie|100/100 par\n|\n|upkeep\n|turn|105\n|\n|t:|1786283327\n|move|p2a: Snorlax|Body Slam|p1a: Starmie\n|-crit|p1a: Starmie\n|-damage|p1a: Starmie|32/100 par\n|move|p1a: Starmie|Thunder Wave|p2a: Snorlax\n|-status|p2a: Snorlax|par\n|\n|upkeep\n|turn|106\n|\n|t:|1786283332\n|switch|p1a: Chansey|Chansey|100/100\n|move|p2a: Snorlax|Body Slam|p1a: Chansey\n|-damage|p1a: Chansey|57/100\n|\n|upkeep\n|turn|107\n|\n|t:|1786283335\n|move|p1a: Chansey|Soft-Boiled|p1a: Chansey\n|-heal|p1a: Chansey|100/100\n|move|p2a: Snorlax|Earthquake|p1a: Chansey\n|-damage|p1a: Chansey|67/100\n|\n|upkeep\n|turn|108\n|\n|t:|1786283338\n|move|p1a: Chansey|Ice Beam|p2a: Snorlax\n|-crit|p2a: Snorlax\n|-damage|p2a: Snorlax|63/100 par\n|move|p2a: Snorlax|Earthquake|p1a: Chansey\n|-damage|p1a: Chansey|35/100\n|\n|upkeep\n|turn|109\n|\n|t:|1786283341\n|move|p1a: Chansey|Soft-Boiled|p1a: Chansey\n|-heal|p1a: Chansey|85/100\n|cant|p2a: Snorlax|par\n|\n|upkeep\n|turn|110\n|\n|t:|1786283345\n|move|p1a: Chansey|Ice Beam|p2a: Snorlax\n|-damage|p2a: Snorlax|44/100 par\n|move|p2a: Snorlax|Rest|p2a: Snorlax\n|-status|p2a: Snorlax|slp|[from] move: Rest\n|-heal|p2a: Snorlax|100/100 slp|[silent]\n|\n|upkeep\n|turn|111\n|\n|t:|1786283349\n|switch|p1a: Tauros|Tauros|72/100 slp\n|cant|p2a: Snorlax|slp\n|\n|upkeep\n|turn|112\n|\n|t:|1786283351\n|-curestatus|p1a: Tauros|slp|[msg]\n|-curestatus|p2a: Snorlax|slp|[msg]\n|\n|upkeep\n|turn|113\n|\n|t:|1786283352\n|switch|p1a: Chansey|Chansey|85/100\n|move|p2a: Snorlax|Body Slam|p1a: Chansey\n|-damage|p1a: Chansey|44/100\n|\n|upkeep\n|turn|114\n|\n|t:|1786283358\n|move|p1a: Chansey|Sing|p2a: Snorlax\n|-status|p2a: Snorlax|slp|[from] move: Sing\n|cant|p2a: Snorlax|slp\n|\n|upkeep\n|turn|115\n|\n|t:|1786283362\n|switch|p1a: Tauros|Tauros|72/100\n|cant|p2a: Snorlax|slp\n|\n|upkeep\n|turn|116\n|\n|t:|1786283364\n|move|p1a: Tauros|Body Slam|p2a: Snorlax\n|-damage|p2a: Snorlax|75/100 slp\n|cant|p2a: Snorlax|slp\n|\n|upkeep\n|turn|117\n|\n|t:|1786283366\n|move|p1a: Tauros|Body Slam|p2a: Snorlax\n|-damage|p2a: Snorlax|50/100 slp\n|cant|p2a: Snorlax|slp\n|\n|upkeep\n|turn|118\n|\n|t:|1786283369\n|move|p1a: Tauros|Body Slam|p2a: Snorlax\n|-damage|p2a: Snorlax|24/100 slp\n|-curestatus|p2a: Snorlax|slp|[msg]\n|\n|upkeep\n|turn|119\n|\n|t:|1786283382\n|move|p1a: Tauros|Body Slam|p2a: Snorlax\n|-damage|p2a: Snorlax|0 fnt\n|faint|p2a: Snorlax\n|\n|t:|1786283384\n|switch|p2a: Chansey|Chansey|100/100 par\n|turn|120\n|\n|t:|1786283388\n|switch|p1a: Starmie|Starmie|32/100 par\n|cant|p2a: Chansey|par\n|\n|upkeep\n|turn|121\n|\n|t:|1786283391\n|switch|p2a: Tauros|Tauros|39/100\n|move|p1a: Starmie|Recover|p1a: Starmie\n|-heal|p1a: Starmie|82/100 par\n|\n|upkeep\n|turn|122\n|\n|t:|1786283399\n|move|p2a: Tauros|Body Slam|p1a: Starmie\n|-damage|p1a: Starmie|48/100 par\n|move|p1a: Starmie|Thunder Wave|p2a: Tauros\n|-status|p2a: Tauros|par\n|\n|upkeep\n|turn|123\n|inactive|Amaranth has 270 seconds left.\n|\n|t:|1786283438\n|switch|p1a: Chansey|Chansey|44/100\n|move|p2a: Tauros|Hyper Beam|p1a: Chansey\n|-damage|p1a: Chansey|0 fnt\n|faint|p1a: Chansey\n|\n|t:|1786283439\n|switch|p1a: Tauros|Tauros|72/100\n|turn|124\n|\n|t:|1786283451\n|move|p1a: Tauros|Hyper Beam|p2a: Tauros|[miss]\n|-miss|p1a: Tauros\n|move|p2a: Tauros|Hyper Beam|p1a: Tauros\n|-damage|p1a: Tauros|18/100\n|-mustrecharge|p2a: Tauros\n|\n|upkeep\n|turn|125\n|\n|t:|1786283454\n|move|p1a: Tauros|Hyper Beam|p2a: Tauros\n|-damage|p2a: Tauros|0 fnt\n|faint|p2a: Tauros\n|\n|t:|1786283456\n|switch|p2a: Chansey|Chansey|100/100 par\n|turn|126\n|\n|t:|1786283465\n|move|p1a: Tauros|Rest|p1a: Tauros\n|-status|p1a: Tauros|slp|[from] move: Rest\n|-heal|p1a: Tauros|100/100 slp|[silent]\n|move|p2a: Chansey|Seismic Toss|p1a: Tauros\n|-damage|p1a: Tauros|72/100 slp\n|\n|upkeep\n|turn|127\n|\n|t:|1786283467\n|cant|p1a: Tauros|slp\n|move|p2a: Chansey|Seismic Toss|p1a: Tauros\n|-damage|p1a: Tauros|44/100 slp\n|\n|upkeep\n|turn|128\n|\n|t:|1786283470\n|-curestatus|p1a: Tauros|slp|[msg]\n|move|p2a: Chansey|Sing|p1a: Tauros\n|-status|p1a: Tauros|slp|[from] move: Sing\n|\n|upkeep\n|turn|129\n|\n|t:|1786283478\n|switch|p1a: Starmie|Starmie|48/100 par\n|move|p2a: Chansey|Seismic Toss|p1a: Starmie\n|-damage|p1a: Starmie|17/100 par\n|\n|upkeep\n|turn|130\n|\n|t:|1786283483\n|cant|p1a: Starmie|par\n|move|p2a: Chansey|Seismic Toss|p1a: Starmie\n|-damage|p1a: Starmie|0 fnt\n|faint|p1a: Starmie\n|\n|t:|1786283485\n|switch|p1a: Tauros|Tauros|44/100 slp\n|turn|131\n|\n|t:|1786283488\n|cant|p1a: Tauros|slp\n|move|p2a: Chansey|Seismic Toss|p1a: Tauros\n|-damage|p1a: Tauros|16/100 slp\n|\n|upkeep\n|turn|132\n|\n|t:|1786283489\n|cant|p1a: Tauros|slp\n|cant|p2a: Chansey|par\n|\n|upkeep\n|turn|133\n|\n|t:|1786283493\n|cant|p1a: Tauros|slp\n|move|p2a: Chansey|Seismic Toss|p1a: Tauros\n|-damage|p1a: Tauros|0 fnt\n|faint|p1a: Tauros\n|\n|win|Kaz\n|c|☆Amaranth|sick game \n|c|☆Amaranth|gg\n|c|☆Kaz|gg\n|player|p1|\n","uploadtime":1786283493,"views":"120","formatid":"gen1ou","rating":null,"private":0,"password":null}