{"id":"smogtours-gen1ou-963751","format":"[Gen 1] OU","players":["Serpi n_n","1000papercranes"],"log":"|inactive|Battle timer is ON: inactive players will automatically lose when time's up.\n|t:|1786801433\n|gametype|singles\n|player|p1|Serpi n_n|#rbywc2023|\n|player|p2|1000papercranes|psychic-gen1rb|\n|gen|1\n|tier|[Gen 1] OU\n|rule|Desync Clause Mod: Desyncs resolve to link battle behavior from the acting player's perspective.\n|rule|HP Percentage Mod: HP is shown in percentages\n|rule|Endless Battle Clause: Forcing endless battles is banned\n|rule|Sleep Clause Mod: Limit one foe put to sleep\n|rule|Freeze Clause Mod: Limit one foe frozen\n|rule|Species Clause: Limit one of each Pokémon\n|rule|OHKO Clause: OHKO moves are banned\n|rule|Evasion Moves Clause: Evasion moves are banned\n|\n|t:|1786801433\n|teamsize|p1|6\n|teamsize|p2|6\n|start\n|switch|p1a: Starmie|Starmie|100/100\n|switch|p2a: Starmie|Starmie|100/100\n|turn|1\n|inactive|Serpi n_n has 270 seconds left.\n|inactive|1000papercranes has 270 seconds left.\n|c|☆Serpi n_n|hf\n|\n|t:|1786801492\n|move|p1a: Starmie|Blizzard|p2a: Starmie\n|-resisted|p2a: Starmie\n|-damage|p2a: Starmie|87/100\n|move|p2a: Starmie|Thunderbolt|p1a: Starmie\n|-supereffective|p1a: Starmie\n|-damage|p1a: Starmie|56/100\n|\n|upkeep\n|turn|2\n|c|☆1000papercranes|hf\n|\n|t:|1786801524\n|switch|p1a: Exeggutor|Exeggutor|100/100\n|switch|p2a: Exeggutor|Exeggutor|100/100\n|\n|upkeep\n|turn|3\n|\n|t:|1786801540\n|move|p2a: Exeggutor|Sleep Powder|p1a: Exeggutor\n|-status|p1a: Exeggutor|slp|[from] move: Sleep Powder\n|cant|p1a: Exeggutor|slp\n|\n|upkeep\n|turn|4\n|\n|t:|1786801548\n|switch|p2a: Tauros|Tauros|100/100\n|switch|p1a: Starmie|Starmie|56/100\n|\n|upkeep\n|turn|5\n|\n|t:|1786801561\n|switch|p2a: Chansey|Chansey|100/100\n|move|p1a: Starmie|Thunder Wave|p2a: Chansey\n|-status|p2a: Chansey|par\n|\n|upkeep\n|turn|6\n|inactive|Serpi n_n has 270 seconds left.\n|inactive|Serpi n_n has 240 seconds left.\n|\n|t:|1786801618\n|move|p1a: Starmie|Recover|p1a: Starmie\n|-heal|p1a: Starmie|100/100\n|move|p2a: Chansey|Thunder Wave|p1a: Starmie\n|-status|p1a: Starmie|par\n|\n|upkeep\n|turn|7\n|inactive|Serpi n_n has 240 seconds left.\n|\n|t:|1786801645\n|switch|p1a: Snorlax|Snorlax|100/100\n|cant|p2a: Chansey|par\n|\n|upkeep\n|turn|8\n|\n|t:|1786801657\n|move|p1a: Snorlax|Body Slam|p2a: Chansey\n|-damage|p2a: Chansey|60/100 par\n|cant|p2a: Chansey|par\n|\n|upkeep\n|turn|9\n|\n|t:|1786801664\n|switch|p2a: Cloyster|Cloyster|100/100\n|move|p1a: Snorlax|Body Slam|p2a: Cloyster\n|-damage|p2a: Cloyster|76/100\n|-status|p2a: Cloyster|par\n|\n|upkeep\n|turn|10\n|\n|t:|1786801684\n|switch|p1a: Starmie|Starmie|100/100 par\n|cant|p2a: Cloyster|par\n|\n|upkeep\n|turn|11\n|\n|t:|1786801692\n|switch|p2a: Chansey|Chansey|60/100 par\n|move|p1a: Starmie|Psychic|p2a: Chansey\n|-damage|p2a: Chansey|45/100 par\n|-unboost|p2a: Chansey|spa|1\n|-unboost|p2a: Chansey|spd|1\n|\n|upkeep\n|turn|12\n|\n|t:|1786801698\n|cant|p1a: Starmie|par\n|move|p2a: Chansey|Soft-Boiled|p2a: Chansey\n|-heal|p2a: Chansey|95/100 par\n|\n|upkeep\n|turn|13\n|\n|t:|1786801711\n|move|p1a: Starmie|Psychic|p2a: Chansey\n|-crit|p2a: Chansey\n|-damage|p2a: Chansey|67/100 par\n|move|p2a: Chansey|Seismic Toss|p1a: Starmie\n|-damage|p1a: Starmie|70/100 par\n|\n|upkeep\n|turn|14\n|\n|t:|1786801717\n|cant|p1a: Starmie|par\n|cant|p2a: Chansey|par\n|\n|upkeep\n|turn|15\n|\n|t:|1786801721\n|move|p1a: Starmie|Recover|p1a: Starmie\n|-heal|p1a: Starmie|100/100 par\n|move|p2a: Chansey|Soft-Boiled|p2a: Chansey\n|-heal|p2a: Chansey|100/100 par\n|\n|upkeep\n|turn|16\n|\n|t:|1786801729\n|move|p1a: Starmie|Psychic|p2a: Chansey\n|-damage|p2a: Chansey|76/100 par\n|move|p2a: Chansey|Seismic Toss|p1a: Starmie\n|-damage|p1a: Starmie|70/100 par\n|\n|upkeep\n|turn|17\n|\n|t:|1786801733\n|move|p1a: Starmie|Recover|p1a: Starmie\n|-heal|p1a: Starmie|100/100 par\n|move|p2a: Chansey|Soft-Boiled|p2a: Chansey\n|-heal|p2a: Chansey|100/100 par\n|\n|upkeep\n|turn|18\n|inactive|Serpi n_n has 270 seconds left.\n|\n|t:|1786801742\n|cant|p1a: Starmie|par\n|move|p2a: Chansey|Seismic Toss|p1a: Starmie\n|-damage|p1a: Starmie|70/100 par\n|\n|upkeep\n|turn|19\n|\n|t:|1786801744\n|switch|p2a: Starmie|Starmie|87/100\n|move|p1a: Starmie|Recover|p1a: Starmie\n|-heal|p1a: Starmie|100/100 par\n|\n|upkeep\n|turn|20\n|inactive|Serpi n_n has 270 seconds left.\n|\n|t:|1786801764\n|switch|p2a: Chansey|Chansey|100/100 par\n|switch|p1a: Snorlax|Snorlax|100/100\n|\n|upkeep\n|turn|21\n|\n|t:|1786801770\n|switch|p1a: Rhydon|Rhydon|100/100\n|move|p2a: Chansey|Thunder Wave|p1a: Rhydon\n|-immune|p1a: Rhydon\n|\n|upkeep\n|turn|22\n|\n|t:|1786801782\n|switch|p2a: Exeggutor|Exeggutor|100/100\n|move|p1a: Rhydon|Rock Slide|p2a: Exeggutor\n|-damage|p2a: Exeggutor|70/100\n|\n|upkeep\n|turn|23\n|inactive|Serpi n_n has 270 seconds left.\n|\n|t:|1786801809\n|switch|p1a: Exeggutor|Exeggutor|100/100 slp\n|move|p2a: Exeggutor|Psychic|p1a: Exeggutor\n|-resisted|p1a: Exeggutor\n|-damage|p1a: Exeggutor|87/100 slp\n|\n|upkeep\n|turn|24\n|inactive|Serpi n_n has 270 seconds left.\n|\n|t:|1786801829\n|switch|p2a: Tauros|Tauros|100/100\n|switch|p1a: Starmie|Starmie|100/100 par\n|\n|upkeep\n|turn|25\n|inactive|Serpi n_n has 270 seconds left.\n|\n|t:|1786801845\n|switch|p2a: Chansey|Chansey|100/100 par\n|move|p1a: Starmie|Psychic|p2a: Chansey\n|-damage|p2a: Chansey|87/100 par\n|\n|upkeep\n|turn|26\n|\n|t:|1786801867\n|switch|p1a: Rhydon|Rhydon|100/100\n|cant|p2a: Chansey|par\n|\n|upkeep\n|turn|27\n|\n|t:|1786801883\n|switch|p2a: Exeggutor|Exeggutor|70/100\n|move|p1a: Rhydon|Body Slam|p2a: Exeggutor\n|-damage|p2a: Exeggutor|49/100\n|\n|upkeep\n|turn|28\n|inactive|Serpi n_n has 240 seconds left.\n|\n|t:|1786801902\n|switch|p1a: Starmie|Starmie|100/100 par\n|move|p2a: Exeggutor|Psychic|p1a: Starmie\n|-resisted|p1a: Starmie\n|-damage|p1a: Starmie|81/100 par\n|\n|upkeep\n|turn|29\n|inactive|Serpi n_n has 240 seconds left.\n|inactive|Serpi n_n has 210 seconds left.\n|\n|t:|1786801955\n|switch|p2a: Chansey|Chansey|87/100 par\n|cant|p1a: Starmie|par\n|\n|upkeep\n|turn|30\n|\n|t:|1786801973\n|move|p1a: Starmie|Recover|p1a: Starmie\n|-heal|p1a: Starmie|100/100 par\n|move|p2a: Chansey|Seismic Toss|p1a: Starmie\n|-damage|p1a: Starmie|70/100 par\n|\n|upkeep\n|turn|31\n|\n|t:|1786801976\n|move|p1a: Starmie|Recover|p1a: Starmie\n|-heal|p1a: Starmie|100/100 par\n|move|p2a: Chansey|Seismic Toss|p1a: Starmie\n|-damage|p1a: Starmie|70/100 par\n|\n|upkeep\n|turn|32\n|\n|t:|1786801979\n|move|p1a: Starmie|Recover|p1a: Starmie\n|-heal|p1a: Starmie|100/100 par\n|cant|p2a: Chansey|par\n|\n|upkeep\n|turn|33\n|\n|t:|1786801987\n|switch|p1a: Rhydon|Rhydon|100/100\n|move|p2a: Chansey|Seismic Toss|p1a: Rhydon\n|-damage|p1a: Rhydon|76/100\n|\n|upkeep\n|turn|34\n|\n|t:|1786802005\n|switch|p2a: Exeggutor|Exeggutor|49/100\n|move|p1a: Rhydon|Body Slam|p2a: Exeggutor\n|-damage|p2a: Exeggutor|26/100\n|\n|upkeep\n|turn|35\n|\n|t:|1786802016\n|switch|p1a: Starmie|Starmie|100/100 par\n|move|p2a: Exeggutor|Psychic|p1a: Starmie\n|-resisted|p1a: Starmie\n|-damage|p1a: Starmie|82/100 par\n|-unboost|p1a: Starmie|spa|1\n|-unboost|p1a: Starmie|spd|1\n|\n|upkeep\n|turn|36\n|inactive|Serpi n_n has 210 seconds left.\n|inactive|Serpi n_n has 180 seconds left.\n|\n|t:|1786802067\n|switch|p1a: Snorlax|Snorlax|100/100\n|move|p2a: Exeggutor|Psychic|p1a: Snorlax\n|-damage|p1a: Snorlax|70/100\n|\n|upkeep\n|turn|37\n|inactive|Serpi n_n has 180 seconds left.\n|\n|t:|1786802089\n|switch|p2a: Cloyster|Cloyster|76/100 par\n|move|p1a: Snorlax|Body Slam|p2a: Cloyster\n|-damage|p2a: Cloyster|52/100 par\n|\n|upkeep\n|turn|38\n|\n|t:|1786802104\n|move|p1a: Snorlax|Body Slam|p2a: Cloyster\n|-damage|p2a: Cloyster|28/100 par\n|move|p2a: Cloyster|Rest|p2a: Cloyster\n|-status|p2a: Cloyster|slp|[from] move: Rest\n|-heal|p2a: Cloyster|100/100 slp|[silent]\n|\n|upkeep\n|turn|39\n|\n|t:|1786802107\n|move|p1a: Snorlax|Body Slam|p2a: Cloyster\n|-damage|p2a: Cloyster|76/100 slp\n|cant|p2a: Cloyster|slp\n|\n|upkeep\n|turn|40\n|\n|t:|1786802110\n|move|p1a: Snorlax|Body Slam|p2a: Cloyster\n|-damage|p2a: Cloyster|52/100 slp\n|-curestatus|p2a: Cloyster|slp|[msg]\n|\n|upkeep\n|turn|41\n|\n|t:|1786802122\n|switch|p1a: Starmie|Starmie|82/100 par\n|move|p2a: Cloyster|Clamp|p1a: Starmie\n|-resisted|p1a: Starmie\n|-damage|p1a: Starmie|76/100 par\n|\n|upkeep\n|turn|42\n|inactive|Serpi n_n has 180 seconds left.\n|\n|t:|1786802144\n|switch|p1a: Chansey|Chansey|100/100\n|switch|p2a: Starmie|Starmie|87/100\n|\n|upkeep\n|turn|43\n|inactive|Serpi n_n has 180 seconds left.\n|\n|t:|1786802158\n|switch|p1a: Rhydon|Rhydon|76/100\n|move|p2a: Starmie|Thunder Wave|p1a: Rhydon\n|-immune|p1a: Rhydon\n|\n|upkeep\n|turn|44\n|inactive|Serpi n_n has 180 seconds left.\n|\n|t:|1786802170\n|switch|p1a: Exeggutor|Exeggutor|87/100 slp\n|move|p2a: Starmie|Thunder Wave|p1a: Exeggutor\n|-fail|p1a: Exeggutor\n|\n|upkeep\n|turn|45\n|inactive|1000papercranes has 270 seconds left.\n|\n|t:|1786802217\n|switch|p1a: Chansey|Chansey|100/100\n|move|p2a: Starmie|Blizzard|p1a: Chansey\n|-damage|p1a: Chansey|87/100\n|\n|upkeep\n|turn|46\n|\n|t:|1786802238\n|switch|p2a: Chansey|Chansey|87/100 par\n|move|p1a: Chansey|Thunder Wave|p2a: Chansey\n|-fail|p2a: Chansey|par\n|\n|upkeep\n|turn|47\n|\n|t:|1786802254\n|move|p1a: Chansey|Thunder Wave|p2a: Chansey\n|-fail|p2a: Chansey|par\n|move|p2a: Chansey|Seismic Toss|p1a: Chansey\n|-damage|p1a: Chansey|72/100\n|\n|upkeep\n|turn|48\n|\n|t:|1786802260\n|switch|p1a: Rhydon|Rhydon|76/100\n|move|p2a: Chansey|Seismic Toss|p1a: Rhydon\n|-damage|p1a: Rhydon|52/100\n|\n|upkeep\n|turn|49\n|inactive|1000papercranes has 270 seconds left.\n|\n|t:|1786802268\n|switch|p2a: Starmie|Starmie|87/100\n|move|p1a: Rhydon|Body Slam|p2a: Starmie\n|-damage|p2a: Starmie|58/100\n|-status|p2a: Starmie|par\n|\n|upkeep\n|turn|50\n|inactive|Serpi n_n has 180 seconds left.\n|\n|t:|1786802298\n|switch|p1a: Chansey|Chansey|72/100\n|cant|p2a: Starmie|par\n|\n|upkeep\n|turn|51\n|\n|t:|1786802308\n|move|p1a: Chansey|Seismic Toss|p2a: Starmie\n|-damage|p2a: Starmie|27/100 par\n|cant|p2a: Starmie|par\n|\n|upkeep\n|turn|52\n|inactive|Serpi n_n has 180 seconds left.\n|\n|t:|1786802341\n|switch|p1a: Rhydon|Rhydon|52/100\n|cant|p2a: Starmie|par\n|\n|upkeep\n|turn|53\n|inactive|1000papercranes has 270 seconds left.\n|\n|t:|1786802374\n|move|p1a: Rhydon|Earthquake|p2a: Starmie\n|-damage|p2a: Starmie|0 fnt\n|faint|p2a: Starmie\n|\n|t:|1786802390\n|switch|p2a: Tauros|Tauros|100/100\n|turn|54\n|inactive|Serpi n_n has 180 seconds left.\n|inactive|Serpi n_n has 150 seconds left.\n|inactive|Serpi n_n has 120 seconds left.\n|inactive|Serpi n_n has 90 seconds left.\n|\n|t:|1786802493\n|move|p2a: Tauros|Earthquake|p1a: Rhydon\n|-supereffective|p1a: Rhydon\n|-damage|p1a: Rhydon|18/100\n|move|p1a: Rhydon|Earthquake|p2a: Tauros\n|-damage|p2a: Tauros|56/100\n|\n|upkeep\n|turn|55\n|inactive|1000papercranes has 270 seconds left.\n|\n|t:|1786802508\n|move|p2a: Tauros|Earthquake|p1a: Rhydon\n|-supereffective|p1a: Rhydon\n|-damage|p1a: Rhydon|0 fnt\n|faint|p1a: Rhydon\n|inactive|Serpi n_n has 90 seconds left.\n|inactive|Serpi n_n has 60 seconds left.\n|\n|t:|1786802552\n|switch|p1a: Tauros|Tauros|100/100\n|turn|56\n|inactive|1000papercranes has 270 seconds left.\n|\n|t:|1786802562\n|move|p2a: Tauros|Body Slam|p1a: Tauros\n|-damage|p1a: Tauros|74/100\n|move|p1a: Tauros|Body Slam|p2a: Tauros\n|-damage|p2a: Tauros|27/100\n|\n|upkeep\n|turn|57\n|inactive|1000papercranes has 270 seconds left.\n|\n|t:|1786802574\n|move|p2a: Tauros|Hyper Beam|p1a: Tauros\n|-damage|p1a: Tauros|18/100\n|-mustrecharge|p2a: Tauros\n|move|p1a: Tauros|Body Slam|p2a: Tauros\n|-damage|p2a: Tauros|0 fnt\n|faint|p2a: Tauros\n|\n|t:|1786802585\n|switch|p2a: Cloyster|Cloyster|52/100\n|turn|58\n|inactive|Serpi n_n has 90 seconds left.\n|inactive|Serpi n_n has 60 seconds left.\n|\n|t:|1786802641\n|switch|p1a: Starmie|Starmie|76/100 par\n|move|p2a: Cloyster|Blizzard|p1a: Starmie|[miss]\n|-miss|p2a: Cloyster\n|\n|upkeep\n|turn|59\n|inactive|1000papercranes has 270 seconds left.\n|inactive|Serpi n_n has 30 seconds left.\n|\n|t:|1786802662\n|switch|p2a: Chansey|Chansey|87/100 par\n|cant|p1a: Starmie|par\n|\n|upkeep\n|turn|60\n|inactive|Serpi n_n has 30 seconds left.\n|inactive|Serpi n_n has 20 seconds left.\n|\n|t:|1786802684\n|cant|p1a: Starmie|par\n|move|p2a: Chansey|Seismic Toss|p1a: Starmie\n|-damage|p1a: Starmie|45/100 par\n|\n|upkeep\n|turn|61\n|inactive|Serpi n_n has 30 seconds left this turn.\n|\n|t:|1786802696\n|switch|p2a: Rhydon|Rhydon|100/100\n|move|p1a: Starmie|Recover|p1a: Starmie\n|-heal|p1a: Starmie|95/100 par\n|\n|upkeep\n|turn|62\n|inactive|Serpi n_n has 30 seconds left.\n|\n|t:|1786802709\n|switch|p2a: Chansey|Chansey|87/100 par\n|move|p1a: Starmie|Blizzard|p2a: Chansey\n|-damage|p2a: Chansey|74/100 par\n|\n|upkeep\n|turn|63\n|inactive|Serpi n_n has 30 seconds left.\n|inactive|Serpi n_n has 20 seconds left.\n|\n|t:|1786802731\n|cant|p1a: Starmie|par\n|move|p2a: Chansey|Seismic Toss|p1a: Starmie\n|-damage|p1a: Starmie|64/100 par\n|\n|upkeep\n|turn|64\n|inactive|Serpi n_n has 30 seconds left this turn.\n|\n|t:|1786802735\n|move|p1a: Starmie|Recover|p1a: Starmie\n|-heal|p1a: Starmie|100/100 par\n|move|p2a: Chansey|Soft-Boiled|p2a: Chansey\n|-heal|p2a: Chansey|100/100 par\n|\n|upkeep\n|turn|65\n|inactive|Serpi n_n has 30 seconds left.\n|\n|t:|1786802746\n|move|p1a: Starmie|Psychic|p2a: Chansey\n|-damage|p2a: Chansey|87/100 par\n|-unboost|p2a: Chansey|spa|1\n|-unboost|p2a: Chansey|spd|1\n|move|p2a: Chansey|Seismic Toss|p1a: Starmie\n|-damage|p1a: Starmie|70/100 par\n|\n|upkeep\n|turn|66\n|\n|t:|1786802753\n|switch|p2a: Exeggutor|Exeggutor|26/100\n|cant|p1a: Starmie|par\n|\n|upkeep\n|turn|67\n|inactive|Serpi n_n has 30 seconds left.\n|inactive|Serpi n_n has 20 seconds left.\n|inactive|Serpi n_n has 15 seconds left.\n|inactive|Serpi n_n has 10 seconds left.\n|inactive|Serpi n_n has 5 seconds left.\n|\n|t:|1786802807\n|switch|p2a: Chansey|Chansey|87/100 par\n|switch|p1a: Exeggutor|Exeggutor|87/100 slp\n|\n|upkeep\n|turn|68\n|inactive|Serpi n_n has 15 seconds left this turn.\n|inactive|Serpi n_n has 10 seconds left.\n|inactive|Serpi n_n has 5 seconds left.\n|\n|t:|1786802817\n|switch|p1a: Chansey|Chansey|72/100\n|switch|p2a: Cloyster|Cloyster|52/100\n|\n|upkeep\n|turn|69\n|inactive|Serpi n_n has 15 seconds left this turn.\n|inactive|Serpi n_n has 10 seconds left.\n|inactive|Serpi n_n has 5 seconds left.\n|\n|t:|1786802830\n|switch|p2a: Chansey|Chansey|87/100 par\n|move|p1a: Chansey|Thunder Wave|p2a: Chansey\n|-fail|p2a: Chansey|par\n|\n|upkeep\n|turn|70\n|inactive|Serpi n_n has 15 seconds left this turn.\n|inactive|Serpi n_n has 10 seconds left.\n|inactive|Serpi n_n has 5 seconds left.\n|\n|t:|1786802844\n|switch|p1a: Snorlax|Snorlax|70/100\n|move|p2a: Chansey|Thunder Wave|p1a: Snorlax\n|-status|p1a: Snorlax|par\n|\n|upkeep\n|turn|71\n|inactive|Serpi n_n has 15 seconds left this turn.\n|inactive|Serpi n_n has 10 seconds left.\n|\n|t:|1786802851\n|switch|p2a: Cloyster|Cloyster|52/100\n|cant|p1a: Snorlax|par\n|\n|upkeep\n|turn|72\n|inactive|Serpi n_n has 20 seconds left this turn.\n|inactive|Serpi n_n has 15 seconds left.\n|\n|t:|1786802861\n|move|p2a: Cloyster|Clamp|p1a: Snorlax\n|-damage|p1a: Snorlax|60/100 par\n|cant|p1a: Snorlax|partiallytrapped\n|\n|upkeep\n|turn|73\n|inactive|Serpi n_n has 25 seconds left this turn.\n|inactive|Serpi n_n has 20 seconds left.\n|inactive|Serpi n_n has 15 seconds left.\n|\n|t:|1786802875\n|switch|p2a: Rhydon|Rhydon|100/100\n|switch|p1a: Exeggutor|Exeggutor|87/100 slp\n|\n|upkeep\n|turn|74\n|inactive|Serpi n_n has 25 seconds left this turn.\n|\n|t:|1786802879\n|cant|p1a: Exeggutor|slp\n|move|p2a: Rhydon|Rock Slide|p1a: Exeggutor|[miss]\n|-miss|p2a: Rhydon\n|\n|upkeep\n|turn|75\n|\n|t:|1786802881\n|cant|p1a: Exeggutor|slp\n|move|p2a: Rhydon|Rock Slide|p1a: Exeggutor\n|-damage|p1a: Exeggutor|56/100 slp\n|\n|upkeep\n|turn|76\n|\n|t:|1786802884\n|-curestatus|p1a: Exeggutor|slp|[msg]\n|move|p2a: Rhydon|Rock Slide|p1a: Exeggutor\n|-damage|p1a: Exeggutor|28/100\n|\n|upkeep\n|turn|77\n|\n|t:|1786802902\n|switch|p2a: Exeggutor|Exeggutor|26/100\n|move|p1a: Exeggutor|Psychic|p2a: Exeggutor\n|-resisted|p2a: Exeggutor\n|-damage|p2a: Exeggutor|13/100\n|-unboost|p2a: Exeggutor|spa|1\n|-unboost|p2a: Exeggutor|spd|1\n|\n|upkeep\n|turn|78\n|inactive|Serpi n_n has 30 seconds left.\n|inactive|1000papercranes has 270 seconds left.\n|\n|t:|1786802961\n|switch|p1a: Snorlax|Snorlax|60/100 par\n|switch|p2a: Cloyster|Cloyster|52/100\n|\n|upkeep\n|turn|79\n|inactive|Serpi n_n has 30 seconds left.\n|inactive|Serpi n_n has 20 seconds left.\n|inactive|Serpi n_n has 15 seconds left.\n|\n|t:|1786802985\n|move|p2a: Cloyster|Clamp|p1a: Snorlax\n|-damage|p1a: Snorlax|51/100 par\n|cant|p1a: Snorlax|partiallytrapped\n|\n|upkeep\n|turn|80\n|inactive|Serpi n_n has 25 seconds left this turn.\n|inactive|Serpi n_n has 20 seconds left.\n|\n|t:|1786802995\n|switch|p1a: Chansey|Chansey|72/100\n|move|p2a: Cloyster|Clamp|p1a: Chansey\n|-crit|p1a: Chansey\n|-damage|p1a: Chansey|62/100\n|\n|upkeep\n|turn|81\n|inactive|Serpi n_n has 30 seconds left this turn.\n|\n|t:|1786803004\n|switch|p2a: Exeggutor|Exeggutor|13/100\n|switch|p1a: Starmie|Starmie|70/100 par\n|\n|upkeep\n|turn|82\n|inactive|Serpi n_n has 30 seconds left.\n|inactive|Serpi n_n has 20 seconds left.\n|inactive|1000papercranes has 270 seconds left.\n|inactive|Serpi n_n has 15 seconds left.\n|inactive|Serpi n_n has 10 seconds left.\n|inactive|Serpi n_n has 5 seconds left.\n|inactive|1000papercranes has 240 seconds left.\n|\n|t:|1786803051\n|move|p2a: Exeggutor|Psychic|p1a: Starmie\n|-resisted|p1a: Starmie\n|-damage|p1a: Starmie|50/100 par\n|move|p1a: Starmie|Recover|p1a: Starmie\n|-heal|p1a: Starmie|99/100 par\n|\n|upkeep\n|turn|83\n|inactive|Serpi n_n has 15 seconds left this turn.\n|inactive|Serpi n_n has 10 seconds left.\n|inactive|Serpi n_n has 5 seconds left.\n|\n|t:|1786803063\n|switch|p2a: Chansey|Chansey|87/100 par\n|switch|p1a: Snorlax|Snorlax|51/100 par\n|\n|upkeep\n|turn|84\n|inactive|Serpi n_n has 15 seconds left this turn.\n|inactive|Serpi n_n has 10 seconds left.\n|inactive|Serpi n_n has 5 seconds left.\n|-message|Serpi n_n lost due to inactivity.\n|\n|win|1000papercranes\n","uploadtime":1786803078,"views":"111","formatid":"gen1ou","rating":null,"private":0,"password":null}