{"id":"smogtours-gen1ou-971938","format":"[Gen 1] OU","players":["LNumbers","wooooo rby"],"log":"|inactive|Battle timer is ON: inactive players will automatically lose when time's up.\n|t:|1789499877\n|gametype|singles\n|player|p1|LNumbers|#rbywc2026|\n|player|p2|wooooo rby|lucas|\n|gen|1\n|tier|[Gen 1] OU\n|rule|Desync Clause Mod: Desyncs resolve to link battle behavior from the acting player's perspective.\n|rule|HP Percentage Mod: HP is shown in percentages\n|rule|Endless Battle Clause: Forcing endless battles is banned\n|rule|Sleep Clause Mod: Limit one foe put to sleep\n|rule|Freeze Clause Mod: Limit one foe frozen\n|rule|Species Clause: Limit one of each Pokémon\n|rule|OHKO Clause: OHKO moves are banned\n|rule|Evasion Moves Clause: Evasion moves are banned\n|\n|t:|1789499877\n|teamsize|p1|6\n|teamsize|p2|6\n|start\n|switch|p1a: Alakazam|Alakazam|100/100\n|switch|p2a: Starmie|Starmie|100/100\n|turn|1\n|c|☆wooooo rby|hf\n|c|☆LNumbers|hf\n|\n|t:|1789499891\n|switch|p2a: Chansey|Chansey|100/100\n|move|p1a: Alakazam|Thunder Wave|p2a: Chansey\n|-status|p2a: Chansey|par\n|\n|upkeep\n|turn|2\n|\n|t:|1789499901\n|move|p1a: Alakazam|Psychic|p2a: Chansey\n|-damage|p2a: Chansey|82/100 par\n|move|p2a: Chansey|Sing|p1a: Alakazam\n|-status|p1a: Alakazam|slp|[from] move: Sing\n|\n|upkeep\n|turn|3\n|\n|t:|1789499925\n|switch|p1a: Rhydon|Rhydon|100/100\n|switch|p2a: Tauros|Tauros|100/100\n|\n|upkeep\n|turn|4\n|\n|t:|1789499938\n|switch|p1a: Starmie|Starmie|100/100\n|move|p2a: Tauros|Blizzard|p1a: Starmie\n|-resisted|p1a: Starmie\n|-damage|p1a: Starmie|89/100\n|\n|upkeep\n|turn|5\n|\n|t:|1789499949\n|switch|p1a: Rhydon|Rhydon|100/100\n|switch|p2a: Chansey|Chansey|82/100 par\n|\n|upkeep\n|turn|6\n|\n|t:|1789499957\n|switch|p2a: Exeggutor|Exeggutor|100/100\n|move|p1a: Rhydon|Body Slam|p2a: Exeggutor\n|-damage|p2a: Exeggutor|77/100\n|\n|upkeep\n|turn|7\n|inactive|LNumbers has 270 seconds left.\n|\n|t:|1789499994\n|switch|p2a: Tauros|Tauros|100/100\n|switch|p1a: Alakazam|Alakazam|100/100 slp\n|\n|upkeep\n|turn|8\n|\n|t:|1789499999\n|switch|p1a: Exeggutor|Exeggutor|100/100\n|move|p2a: Tauros|Body Slam|p1a: Exeggutor\n|-damage|p1a: Exeggutor|74/100\n|\n|upkeep\n|turn|9\n|\n|t:|1789500008\n|switch|p2a: Chansey|Chansey|82/100 par\n|move|p1a: Exeggutor|Psychic|p2a: Chansey\n|-damage|p2a: Chansey|64/100 par\n|\n|upkeep\n|turn|10\n|\n|t:|1789500019\n|switch|p1a: Rhydon|Rhydon|100/100\n|move|p2a: Chansey|Soft-Boiled|p2a: Chansey\n|-heal|p2a: Chansey|100/100 par\n|\n|upkeep\n|turn|11\n|\n|t:|1789500025\n|switch|p2a: Exeggutor|Exeggutor|77/100\n|move|p1a: Rhydon|Body Slam|p2a: Exeggutor\n|-damage|p2a: Exeggutor|54/100\n|\n|upkeep\n|turn|12\n|\n|t:|1789500031\n|switch|p1a: Alakazam|Alakazam|100/100 slp\n|move|p2a: Exeggutor|Stun Spore|p1a: Alakazam|[miss]\n|-miss|p2a: Exeggutor\n|\n|upkeep\n|turn|13\n|\n|t:|1789500036\n|switch|p1a: Exeggutor|Exeggutor|74/100\n|move|p2a: Exeggutor|Stun Spore|p1a: Exeggutor|[miss]\n|-miss|p2a: Exeggutor\n|\n|upkeep\n|turn|14\n|\n|t:|1789500044\n|switch|p2a: Chansey|Chansey|100/100 par\n|move|p1a: Exeggutor|Sleep Powder|p2a: Chansey\n|-fail|p2a: Chansey\n|\n|upkeep\n|turn|15\n|\n|t:|1789500049\n|move|p1a: Exeggutor|Psychic|p2a: Chansey\n|-damage|p2a: Chansey|83/100 par\n|-unboost|p2a: Chansey|spa|1\n|-unboost|p2a: Chansey|spd|1\n|move|p2a: Chansey|Seismic Toss|p1a: Exeggutor\n|-damage|p1a: Exeggutor|48/100\n|\n|upkeep\n|turn|16\n|\n|t:|1789500056\n|move|p1a: Exeggutor|Psychic|p2a: Chansey\n|-damage|p2a: Chansey|56/100 par\n|move|p2a: Chansey|Seismic Toss|p1a: Exeggutor\n|-damage|p1a: Exeggutor|23/100\n|\n|upkeep\n|turn|17\n|\n|t:|1789500061\n|move|p1a: Exeggutor|Explosion|p2a: Chansey\n|-damage|p2a: Chansey|0 fnt\n|faint|p2a: Chansey\n|faint|p1a: Exeggutor\n|\n|t:|1789500090\n|switch|p1a: Starmie|Starmie|89/100\n|switch|p2a: Starmie|Starmie|100/100\n|turn|18\n|\n|t:|1789500095\n|move|p1a: Starmie|Thunder Wave|p2a: Starmie\n|-status|p2a: Starmie|par\n|move|p2a: Starmie|Thunder Wave|p1a: Starmie\n|-status|p1a: Starmie|par\n|\n|upkeep\n|turn|19\n|\n|t:|1789500100\n|move|p1a: Starmie|Thunderbolt|p2a: Starmie\n|-supereffective|p2a: Starmie\n|-damage|p2a: Starmie|53/100 par\n|cant|p2a: Starmie|par\n|\n|upkeep\n|turn|20\n|\n|t:|1789500111\n|switch|p2a: Exeggutor|Exeggutor|54/100\n|move|p1a: Starmie|Thunderbolt|p2a: Exeggutor\n|-resisted|p2a: Exeggutor\n|-damage|p2a: Exeggutor|47/100\n|\n|upkeep\n|turn|21\n|\n|t:|1789500125\n|move|p2a: Exeggutor|Mega Drain|p1a: Starmie\n|-supereffective|p1a: Starmie\n|-damage|p1a: Starmie|57/100 par\n|-heal|p2a: Exeggutor|60/100|[from] drain|[of] p1a: Starmie\n|cant|p1a: Starmie|par\n|\n|upkeep\n|turn|22\n|\n|t:|1789500132\n|move|p2a: Exeggutor|Mega Drain|p1a: Starmie\n|-supereffective|p1a: Starmie\n|-damage|p1a: Starmie|23/100 par\n|-heal|p2a: Exeggutor|74/100|[from] drain|[of] p1a: Starmie\n|cant|p1a: Starmie|par\n|\n|upkeep\n|turn|23\n|c|☆LNumbers|well\n|c|☆wooooo rby|yummy\n|\n|t:|1789500149\n|switch|p1a: Snorlax|Snorlax|100/100\n|move|p2a: Exeggutor|Mega Drain|p1a: Snorlax\n|-damage|p1a: Snorlax|87/100\n|-heal|p2a: Exeggutor|83/100|[from] drain|[of] p1a: Snorlax\n|\n|upkeep\n|turn|24\n|\n|t:|1789500173\n|move|p2a: Exeggutor|Stun Spore|p1a: Snorlax\n|-status|p1a: Snorlax|par\n|move|p1a: Snorlax|Body Slam|p2a: Exeggutor\n|-damage|p2a: Exeggutor|52/100\n|-status|p2a: Exeggutor|par\n|\n|upkeep\n|turn|25\n|\n|t:|1789500183\n|move|p2a: Exeggutor|Psychic|p1a: Snorlax\n|-damage|p1a: Snorlax|55/100 par\n|-unboost|p1a: Snorlax|spa|1\n|-unboost|p1a: Snorlax|spd|1\n|move|p1a: Snorlax|Amnesia|p1a: Snorlax\n|-boost|p1a: Snorlax|spa|2\n|-boost|p1a: Snorlax|spd|2\n|\n|upkeep\n|turn|26\n|\n|t:|1789500207\n|move|p2a: Exeggutor|Explosion|p1a: Snorlax\n|-damage|p1a: Snorlax|0 fnt\n|faint|p1a: Snorlax\n|faint|p2a: Exeggutor\n|inactive|wooooo rby has 270 seconds left.\n|\n|t:|1789500230\n|switch|p2a: Snorlax|Snorlax|100/100\n|switch|p1a: Tauros|Tauros|100/100\n|turn|27\n|\n|t:|1789500236\n|switch|p1a: Rhydon|Rhydon|100/100\n|move|p2a: Snorlax|Body Slam|p1a: Rhydon\n|-resisted|p1a: Rhydon\n|-damage|p1a: Rhydon|89/100\n|\n|upkeep\n|turn|28\n|\n|t:|1789500243\n|move|p1a: Rhydon|Substitute|p1a: Rhydon\n|-start|p1a: Rhydon|Substitute\n|-damage|p1a: Rhydon|64/100\n|move|p2a: Snorlax|Earthquake|p1a: Rhydon\n|-supereffective|p1a: Rhydon\n|-end|p1a: Rhydon|Substitute\n|\n|upkeep\n|turn|29\n|\n|t:|1789500254\n|switch|p2a: Cloyster|Cloyster|100/100\n|move|p1a: Rhydon|Earthquake|p2a: Cloyster\n|-damage|p2a: Cloyster|69/100\n|\n|upkeep\n|turn|30\n|\n|t:|1789500266\n|switch|p1a: Alakazam|Alakazam|100/100 slp\n|move|p2a: Cloyster|Blizzard|p1a: Alakazam\n|-damage|p1a: Alakazam|66/100 slp\n|\n|upkeep\n|turn|31\n|\n|t:|1789500273\n|-curestatus|p1a: Alakazam|slp|[msg]\n|move|p2a: Cloyster|Blizzard|p1a: Alakazam\n|-damage|p1a: Alakazam|35/100\n|-status|p1a: Alakazam|frz\n|\n|upkeep\n|turn|32\n|c|☆LNumbers|not meant to be ig\n|c|☆wooooo rby|tease fs\n|inactive|wooooo rby has 270 seconds left.\n|inactive|wooooo rby has 240 seconds left.\n|\n|t:|1789500333\n|switch|p1a: Starmie|Starmie|23/100 par\n|switch|p2a: Snorlax|Snorlax|100/100\n|\n|upkeep\n|turn|33\n|inactive|wooooo rby has 240 seconds left.\n|\n|t:|1789500348\n|switch|p1a: Alakazam|Alakazam|35/100 frz\n|move|p2a: Snorlax|Earthquake|p1a: Alakazam\n|-damage|p1a: Alakazam|0 fnt\n|faint|p1a: Alakazam\n|\n|t:|1789500349\n|switch|p1a: Rhydon|Rhydon|64/100\n|turn|34\n|\n|t:|1789500360\n|move|p1a: Rhydon|Earthquake|p2a: Snorlax\n|-damage|p2a: Snorlax|63/100\n|move|p2a: Snorlax|Earthquake|p1a: Rhydon\n|-supereffective|p1a: Rhydon\n|-damage|p1a: Rhydon|30/100\n|\n|upkeep\n|turn|35\n|\n|t:|1789500367\n|switch|p2a: Starmie|Starmie|53/100 par\n|move|p1a: Rhydon|Earthquake|p2a: Starmie\n|-damage|p2a: Starmie|6/100 par\n|\n|upkeep\n|turn|36\n|\n|t:|1789500378\n|move|p1a: Rhydon|Substitute|p1a: Rhydon\n|-start|p1a: Rhydon|Substitute\n|-damage|p1a: Rhydon|5/100\n|move|p2a: Starmie|Psychic|p1a: Rhydon\n|-end|p1a: Rhydon|Substitute\n|\n|upkeep\n|turn|37\n|\n|t:|1789500388\n|switch|p1a: Starmie|Starmie|23/100 par\n|move|p2a: Starmie|Psychic|p1a: Starmie\n|-crit|p1a: Starmie\n|-resisted|p1a: Starmie\n|-damage|p1a: Starmie|0 fnt\n|faint|p1a: Starmie\n|\n|t:|1789500393\n|switch|p1a: Tauros|Tauros|100/100\n|turn|38\n|\n|t:|1789500395\n|move|p1a: Tauros|Body Slam|p2a: Starmie\n|-damage|p2a: Starmie|0 fnt\n|faint|p2a: Starmie\n|\n|t:|1789500405\n|switch|p2a: Cloyster|Cloyster|69/100\n|turn|39\n|\n|t:|1789500417\n|move|p1a: Tauros|Hyper Beam|p2a: Cloyster\n|-crit|p2a: Cloyster\n|-damage|p2a: Cloyster|0 fnt\n|faint|p2a: Cloyster\n|\n|t:|1789500423\n|switch|p2a: Snorlax|Snorlax|63/100\n|turn|40\n|inactive|LNumbers has 270 seconds left.\n|inactive|LNumbers has 240 seconds left.\n|inactive|LNumbers has 210 seconds left.\n|inactive|LNumbers has 180 seconds left.\n|inactive|LNumbers has 150 seconds left.\n|inactive|LNumbers has 120 seconds left.\n|inactive|LNumbers has 90 seconds left.\n|inactive|LNumbers has 60 seconds left.\n|inactive|LNumbers has 30 seconds left.\n|inactive|LNumbers has 20 seconds left.\n|inactive|LNumbers has 15 seconds left.\n|inactive|LNumbers has 10 seconds left.\n|inactive|LNumbers has 5 seconds left.\n|\n|t:|1789500720\n|switch|p1a: Rhydon|Rhydon|5/100\n|move|p2a: Snorlax|Body Slam|p1a: Rhydon\n|-resisted|p1a: Rhydon\n|-damage|p1a: Rhydon|0 fnt\n|faint|p1a: Rhydon\n|inactive|LNumbers has 10 seconds left this turn.\n|\n|t:|1789500724\n|switch|p1a: Tauros|Tauros|100/100\n|turn|41\n|inactive|LNumbers has 20 seconds left this turn.\n|\n|t:|1789500732\n|move|p1a: Tauros|Hyper Beam|p2a: Snorlax\n|-damage|p2a: Snorlax|21/100\n|-mustrecharge|p1a: Tauros\n|move|p2a: Snorlax|Self-Destruct|p1a: Tauros\n|-damage|p1a: Tauros|0 fnt\n|faint|p1a: Tauros\n|faint|p2a: Snorlax\n|\n|win|wooooo rby\n|c|☆LNumbers|gg\n|c|☆wooooo rby|gg\n|c|☆LNumbers|/log LNumbers made the replay of this battle unlisted.\n|player|p1|\n","uploadtime":1789500732,"views":"81","formatid":"gen1ou","rating":null,"private":2,"password":null}