{"id":"smogtours-gen1ou-911233","format":"[Gen 1] OU","players":["nicole7735","sadisticnarwhal"],"log":"|inactive|Battle timer is ON: inactive players will automatically lose when time's up.\n|t:|1771710109\n|gametype|singles\n|player|p1|nicole7735|#splxviiscooters|\n|player|p2|sadisticnarwhal|#splxviiruiners2|\n|gen|1\n|tier|[Gen 1] OU\n|rule|Desync Clause Mod: Desyncs changed to move failure.\n|rule|Sleep Clause Mod: Limit one foe put to sleep\n|rule|Freeze Clause Mod: Limit one foe frozen\n|rule|Species Clause: Limit one of each Pokémon\n|rule|OHKO Clause: OHKO moves are banned\n|rule|Evasion Moves Clause: Evasion moves are banned\n|rule|Endless Battle Clause: Forcing endless battles is banned\n|rule|HP Percentage Mod: HP is shown in percentages\n|\n|t:|1771710109\n|teamsize|p1|6\n|teamsize|p2|6\n|start\n|switch|p1a: Gengar|Gengar|100/100\n|switch|p2a: Gengar|Gengar|100/100\n|turn|1\n|c|☆sadisticnarwhal|hf\n|c|☆nicole7735|hf\n|\n|t:|1771710132\n|move|p1a: Gengar|Psychic|p2a: Gengar\n|-crit|p2a: Gengar\n|-supereffective|p2a: Gengar\n|-damage|p2a: Gengar|14/100\n|move|p2a: Gengar|Psychic|p1a: Gengar\n|-supereffective|p1a: Gengar\n|-damage|p1a: Gengar|53/100\n|\n|upkeep\n|turn|2\n|\n|t:|1771710162\n|move|p1a: Gengar|Hypnosis|p2a: Gengar\n|-status|p2a: Gengar|slp|[from] move: Hypnosis\n|cant|p2a: Gengar|slp\n|\n|upkeep\n|turn|3\n|inactive|sadisticnarwhal has 270 seconds left.\n|\n|t:|1771710185\n|switch|p2a: Exeggutor|Exeggutor|100/100\n|move|p1a: Gengar|Night Shade|p2a: Exeggutor\n|-damage|p2a: Exeggutor|75/100\n|\n|upkeep\n|turn|4\n|inactive|sadisticnarwhal has 270 seconds left.\n|inactive|nicole7735 has 270 seconds left.\n|inactive|sadisticnarwhal has 240 seconds left.\n|inactive|nicole7735 has 240 seconds left.\n|\n|t:|1771710261\n|move|p1a: Gengar|Night Shade|p2a: Exeggutor\n|-damage|p2a: Exeggutor|50/100\n|move|p2a: Exeggutor|Psychic|p1a: Gengar\n|-supereffective|p1a: Gengar\n|-damage|p1a: Gengar|0 fnt\n|faint|p1a: Gengar\n|inactive|nicole7735 has 210 seconds left.\n|inactive|nicole7735 has 180 seconds left.\n|inactive|nicole7735 has 150 seconds left.\n|\n|t:|1771710334\n|switch|p1a: Tauros|Tauros|100/100\n|turn|5\n|inactive|sadisticnarwhal has 240 seconds left.\n|inactive|sadisticnarwhal has 210 seconds left.\n|inactive|sadisticnarwhal has 180 seconds left.\n|inactive|sadisticnarwhal has 150 seconds left.\n|\n|t:|1771710453\n|switch|p2a: Snorlax|Snorlax|100/100\n|move|p1a: Tauros|Body Slam|p2a: Snorlax\n|-damage|p2a: Snorlax|74/100\n|\n|upkeep\n|turn|6\n|\n|t:|1771710458\n|move|p1a: Tauros|Body Slam|p2a: Snorlax\n|-damage|p2a: Snorlax|51/100\n|move|p2a: Snorlax|Body Slam|p1a: Tauros\n|-damage|p1a: Tauros|68/100\n|\n|upkeep\n|turn|7\n|inactive|sadisticnarwhal has 150 seconds left.\n|\n|t:|1771710482\n|move|p1a: Tauros|Body Slam|p2a: Snorlax\n|-damage|p2a: Snorlax|28/100\n|move|p2a: Snorlax|Body Slam|p1a: Tauros\n|-damage|p1a: Tauros|37/100\n|\n|upkeep\n|turn|8\n|inactive|sadisticnarwhal has 150 seconds left.\n|\n|t:|1771710498\n|switch|p2a: Starmie|Starmie|100/100\n|move|p1a: Tauros|Hyper Beam|p2a: Starmie|[miss]\n|-miss|p1a: Tauros\n|\n|upkeep\n|turn|9\n|inactive|sadisticnarwhal has 150 seconds left.\n|\n|t:|1771710513\n|switch|p1a: Starmie|Starmie|100/100\n|move|p2a: Starmie|Surf|p1a: Starmie\n|-resisted|p1a: Starmie\n|-damage|p1a: Starmie|83/100\n|\n|upkeep\n|turn|10\n|\n|t:|1771710522\n|switch|p2a: Chansey|Chansey|100/100\n|move|p1a: Starmie|Thunder Wave|p2a: Chansey\n|-status|p2a: Chansey|par\n|\n|upkeep\n|turn|11\n|inactive|sadisticnarwhal has 150 seconds left.\n|\n|t:|1771710545\n|switch|p1a: Snorlax|Snorlax|100/100\n|move|p2a: Chansey|Ice Beam|p1a: Snorlax\n|-damage|p1a: Snorlax|81/100\n|\n|upkeep\n|turn|12\n|inactive|sadisticnarwhal has 150 seconds left.\n|\n|t:|1771710566\n|switch|p2a: Gengar|Gengar|14/100 slp\n|move|p1a: Snorlax|Body Slam|p2a: Gengar\n|-immune|p2a: Gengar\n|\n|upkeep\n|turn|13\n|inactive|nicole7735 has 150 seconds left.\n|\n|t:|1771710600\n|switch|p2a: Exeggutor|Exeggutor|50/100\n|switch|p1a: Tauros|Tauros|37/100\n|\n|upkeep\n|turn|14\n|inactive|nicole7735 has 150 seconds left.\n|inactive|sadisticnarwhal has 150 seconds left.\n|\n|t:|1771710624\n|move|p1a: Tauros|Body Slam|p2a: Exeggutor\n|-damage|p2a: Exeggutor|22/100\n|move|p2a: Exeggutor|Psychic|p1a: Tauros\n|-crit|p1a: Tauros\n|-damage|p1a: Tauros|0 fnt\n|faint|p1a: Tauros\n|\n|t:|1771710632\n|switch|p1a: Zapdos|Zapdos|100/100\n|turn|15\n|inactive|sadisticnarwhal has 150 seconds left.\n|\n|t:|1771710658\n|switch|p2a: Gengar|Gengar|14/100 slp\n|move|p1a: Zapdos|Drill Peck|p2a: Gengar\n|-crit|p2a: Gengar\n|-damage|p2a: Gengar|0 fnt\n|faint|p2a: Gengar\n|\n|t:|1771710662\n|switch|p2a: Chansey|Chansey|100/100 par\n|turn|16\n|inactive|nicole7735 has 150 seconds left.\n|\n|t:|1771710681\n|switch|p1a: Snorlax|Snorlax|81/100\n|move|p2a: Chansey|Thunder Wave|p1a: Snorlax\n|-status|p1a: Snorlax|par\n|\n|upkeep\n|turn|17\n|inactive|sadisticnarwhal has 150 seconds left.\n|inactive|sadisticnarwhal has 120 seconds left.\n|inactive|sadisticnarwhal has 90 seconds left.\n|\n|t:|1771710751\n|switch|p2a: Snorlax|Snorlax|28/100\n|move|p1a: Snorlax|Body Slam|p2a: Snorlax\n|-damage|p2a: Snorlax|3/100\n|\n|upkeep\n|turn|18\n|inactive|nicole7735 has 150 seconds left.\n|\n|t:|1771710771\n|switch|p1a: Chansey|Chansey|100/100\n|move|p2a: Snorlax|Self-Destruct|p1a: Chansey\n|-damage|p1a: Chansey|0 fnt\n|faint|p1a: Chansey\n|faint|p2a: Snorlax\n|inactive|sadisticnarwhal has 90 seconds left.\n|inactive|nicole7735 has 120 seconds left.\n|inactive|sadisticnarwhal has 60 seconds left.\n|inactive|nicole7735 has 90 seconds left.\n|\n|t:|1771710845\n|switch|p1a: Snorlax|Snorlax|81/100 par\n|switch|p2a: Tauros|Tauros|100/100\n|turn|19\n|\n|t:|1771710852\n|move|p2a: Tauros|Body Slam|p1a: Snorlax\n|-damage|p1a: Snorlax|55/100 par\n|move|p1a: Snorlax|Body Slam|p2a: Tauros\n|-damage|p2a: Tauros|69/100\n|\n|upkeep\n|turn|20\n|inactive|sadisticnarwhal has 30 seconds left.\n|\n|t:|1771710875\n|move|p2a: Tauros|Body Slam|p1a: Snorlax\n|-damage|p1a: Snorlax|31/100 par\n|cant|p1a: Snorlax|par\n|\n|upkeep\n|turn|21\n|inactive|sadisticnarwhal has 30 seconds left.\n|\n|t:|1771710895\n|move|p2a: Tauros|Hyper Beam|p1a: Snorlax\n|-damage|p1a: Snorlax|0 fnt\n|faint|p1a: Snorlax\n|inactive|nicole7735 has 90 seconds left.\n|inactive|nicole7735 has 60 seconds left.\n|\n|t:|1771710938\n|switch|p1a: Starmie|Starmie|83/100\n|turn|22\n|\n|t:|1771710942\n|switch|p1a: Zapdos|Zapdos|100/100\n|switch|p2a: Chansey|Chansey|100/100 par\n|\n|upkeep\n|turn|23\n|\n|t:|1771710946\n|move|p1a: Zapdos|Drill Peck|p2a: Chansey\n|-damage|p2a: Chansey|64/100 par\n|move|p2a: Chansey|Thunder Wave|p1a: Zapdos\n|-status|p1a: Zapdos|par\n|\n|upkeep\n|turn|24\n|\n|t:|1771710953\n|move|p1a: Zapdos|Drill Peck|p2a: Chansey\n|-damage|p2a: Chansey|29/100 par\n|move|p2a: Chansey|Soft-Boiled|p2a: Chansey\n|-heal|p2a: Chansey|79/100 par\n|\n|upkeep\n|turn|25\n|\n|t:|1771710956\n|cant|p1a: Zapdos|par\n|cant|p2a: Chansey|par\n|\n|upkeep\n|turn|26\n|\n|t:|1771710958\n|move|p1a: Zapdos|Drill Peck|p2a: Chansey\n|-damage|p2a: Chansey|43/100 par\n|move|p2a: Chansey|Soft-Boiled|p2a: Chansey\n|-heal|p2a: Chansey|93/100 par\n|\n|upkeep\n|turn|27\n|\n|t:|1771710961\n|move|p1a: Zapdos|Drill Peck|p2a: Chansey\n|-damage|p2a: Chansey|59/100 par\n|move|p2a: Chansey|Soft-Boiled|p2a: Chansey\n|-heal|p2a: Chansey|100/100 par\n|\n|upkeep\n|turn|28\n|\n|t:|1771710964\n|move|p1a: Zapdos|Drill Peck|p2a: Chansey\n|-damage|p2a: Chansey|68/100 par\n|move|p2a: Chansey|Ice Beam|p1a: Zapdos\n|-crit|p1a: Zapdos\n|-supereffective|p1a: Zapdos\n|-damage|p1a: Zapdos|34/100 par\n|\n|upkeep\n|turn|29\n|\n|t:|1771710975\n|switch|p2a: Tauros|Tauros|69/100\n|cant|p1a: Zapdos|par\n|\n|upkeep\n|turn|30\n|inactive|nicole7735 has 120 seconds left.\n|\n|t:|1771711001\n|switch|p1a: Starmie|Starmie|83/100\n|move|p2a: Tauros|Hyper Beam|p1a: Starmie\n|-damage|p1a: Starmie|18/100\n|-mustrecharge|p2a: Tauros\n|\n|upkeep\n|turn|31\n|inactive|nicole7735 has 90 seconds left.\n|inactive|nicole7735 has 60 seconds left.\n|inactive|nicole7735 has 30 seconds left.\n|\n|t:|1771711093\n|move|p1a: Starmie|Surf|p2a: Tauros\n|-damage|p2a: Tauros|28/100\n|cant|p2a: Tauros|recharge\n|\n|upkeep\n|turn|32\n|inactive|nicole7735 has 30 seconds left.\n|inactive|sadisticnarwhal has 90 seconds left.\n|inactive|nicole7735 has 20 seconds left.\n|\n|t:|1771711130\n|switch|p2a: Chansey|Chansey|68/100 par\n|move|p1a: Starmie|Surf|p2a: Chansey\n|-damage|p2a: Chansey|53/100 par\n|\n|upkeep\n|turn|33\n|inactive|nicole7735 has 30 seconds left this turn.\n|inactive|nicole7735 has 20 seconds left.\n|inactive|nicole7735 has 15 seconds left.\n|\n|t:|1771711150\n|move|p1a: Starmie|Surf|p2a: Chansey\n|-crit|p2a: Chansey\n|-damage|p2a: Chansey|26/100 par\n|move|p2a: Chansey|Soft-Boiled|p2a: Chansey\n|-heal|p2a: Chansey|76/100 par\n|\n|upkeep\n|turn|34\n|inactive|nicole7735 has 25 seconds left this turn.\n|\n|t:|1771711160\n|move|p1a: Starmie|Surf|p2a: Chansey\n|-damage|p2a: Chansey|60/100 par\n|move|p2a: Chansey|Seismic Toss|p1a: Starmie\n|-damage|p1a: Starmie|0 fnt\n|faint|p1a: Starmie\n|inactive|nicole7735 has 30 seconds left this turn.\n|\n|t:|1771711164\n|switch|p1a: Zapdos|Zapdos|34/100 par\n|turn|35\n|\n|t:|1771711167\n|move|p1a: Zapdos|Agility|p1a: Zapdos\n|-boost|p1a: Zapdos|spe|2\n|move|p2a: Chansey|Ice Beam|p1a: Zapdos\n|-supereffective|p1a: Zapdos\n|-damage|p1a: Zapdos|2/100 par\n|\n|upkeep\n|turn|36\n|\n|t:|1771711169\n|move|p1a: Zapdos|Drill Peck|p2a: Chansey\n|-damage|p2a: Chansey|29/100 par\n|move|p2a: Chansey|Ice Beam|p1a: Zapdos\n|-supereffective|p1a: Zapdos\n|-damage|p1a: Zapdos|0 fnt\n|faint|p1a: Zapdos\n|\n|win|sadisticnarwhal\n","uploadtime":1771711169,"views":"923","formatid":"gen1ou","rating":null,"private":0,"password":null}