{"id":"smogtours-gen1ou-825331","format":"[Gen 1] OU","players":["shiloh","spies rby"],"log":"|inactive|Battle timer is ON: inactive players will automatically lose when time's up.\n|t:|1742144767\n|gametype|singles\n|player|p1|shiloh|#splxvitigers2|\n|player|p2|spies rby|unknown|\n|teamsize|p1|6\n|teamsize|p2|6\n|gen|1\n|tier|[Gen 1] OU\n|rule|Desync Clause Mod: Desyncs changed to move failure.\n|rule|Sleep Clause Mod: Limit one foe put to sleep\n|rule|Freeze Clause Mod: Limit one foe frozen\n|rule|Species Clause: Limit one of each Pokémon\n|rule|OHKO Clause: OHKO moves are banned\n|rule|Evasion Moves Clause: Evasion moves are banned\n|rule|Endless Battle Clause: Forcing endless battles is banned\n|rule|HP Percentage Mod: HP is shown in percentages\n|\n|t:|1742144767\n|start\n|switch|p1a: SEDOTIA|Chansey|100/100\n|switch|p2a: Alakazam|Alakazam|100/100\n|turn|1\n|rated|Smogon Premier League\n|inactive|spies rby has 270 seconds left.\n|c|☆spies rby|hf\n|\n|t:|1742144815\n|move|p2a: Alakazam|Psychic|p1a: SEDOTIA\n|-damage|p1a: SEDOTIA|82/100\n|move|p1a: SEDOTIA|Sing|p2a: Alakazam\n|-status|p2a: Alakazam|slp|[from] move: Sing\n|\n|upkeep\n|turn|2\n|\n|t:|1742144829\n|cant|p2a: Alakazam|slp\n|move|p1a: SEDOTIA|Thunder Wave|p2a: Alakazam\n|-fail|p2a: Alakazam\n|\n|upkeep\n|turn|3\n|\n|t:|1742144844\n|switch|p2a: Exeggutor|Exeggutor|100/100\n|move|p1a: SEDOTIA|Seismic Toss|p2a: Exeggutor\n|-damage|p2a: Exeggutor|75/100\n|\n|upkeep\n|turn|4\n|inactive|spies rby has 270 seconds left.\n|\n|t:|1742144876\n|move|p2a: Exeggutor|Sleep Powder|p1a: SEDOTIA\n|-status|p1a: SEDOTIA|slp|[from] move: Sleep Powder\n|cant|p1a: SEDOTIA|slp\n|\n|upkeep\n|turn|5\n|inactive|spies rby has 270 seconds left.\n|\n|t:|1742144884\n|move|p2a: Exeggutor|Stun Spore|p1a: SEDOTIA\n|-fail|p1a: SEDOTIA\n|cant|p1a: SEDOTIA|slp\n|\n|upkeep\n|turn|6\n|\n|t:|1742144886\n|move|p2a: Exeggutor|Stun Spore|p1a: SEDOTIA|[miss]\n|-miss|p2a: Exeggutor\n|-curestatus|p1a: SEDOTIA|slp|[msg]\n|\n|upkeep\n|turn|7\n|\n|t:|1742144889\n|move|p2a: Exeggutor|Sleep Powder|p1a: SEDOTIA\n|-status|p1a: SEDOTIA|slp|[from] move: Sleep Powder\n|cant|p1a: SEDOTIA|slp\n|\n|upkeep\n|turn|8\n|\n|t:|1742144894\n|move|p2a: Exeggutor|Psychic|p1a: SEDOTIA\n|-damage|p1a: SEDOTIA|66/100 slp\n|cant|p1a: SEDOTIA|slp\n|\n|upkeep\n|turn|9\n|\n|t:|1742144898\n|move|p2a: Exeggutor|Psychic|p1a: SEDOTIA\n|-damage|p1a: SEDOTIA|49/100 slp\n|cant|p1a: SEDOTIA|slp\n|\n|upkeep\n|turn|10\n|\n|t:|1742144902\n|switch|p1a: CATENICUS|Starmie|100/100\n|move|p2a: Exeggutor|Stun Spore|p1a: CATENICUS\n|-status|p1a: CATENICUS|par\n|\n|upkeep\n|turn|11\n|inactive|spies rby has 270 seconds left.\n|\n|t:|1742144933\n|switch|p2a: Alakazam|Alakazam|100/100 slp\n|move|p1a: CATENICUS|Thunder Wave|p2a: Alakazam\n|-fail|p2a: Alakazam\n|\n|upkeep\n|turn|12\n|inactive|spies rby has 270 seconds left.\n|\n|t:|1742144948\n|cant|p2a: Alakazam|slp\n|move|p1a: CATENICUS|Thunder Wave|p2a: Alakazam\n|-fail|p2a: Alakazam\n|\n|upkeep\n|turn|13\n|inactive|spies rby has 270 seconds left.\n|\n|t:|1742144953\n|switch|p2a: Starmie|Starmie|100/100\n|move|p1a: CATENICUS|Blizzard|p2a: Starmie\n|-resisted|p2a: Starmie\n|-damage|p2a: Starmie|86/100\n|\n|upkeep\n|turn|14\n|inactive|spies rby has 270 seconds left.\n|\n|t:|1742144975\n|move|p2a: Starmie|Thunderbolt|p1a: CATENICUS\n|-supereffective|p1a: CATENICUS\n|-damage|p1a: CATENICUS|57/100 par\n|cant|p1a: CATENICUS|par\n|\n|upkeep\n|turn|15\n|inactive|spies rby has 240 seconds left.\n|\n|t:|1742145017\n|move|p2a: Starmie|Thunderbolt|p1a: CATENICUS\n|-supereffective|p1a: CATENICUS\n|-damage|p1a: CATENICUS|11/100 par\n|cant|p1a: CATENICUS|par\n|\n|upkeep\n|turn|16\n|\n|t:|1742145031\n|switch|p1a: SEDOTIA|Chansey|49/100 slp\n|move|p2a: Starmie|Thunderbolt|p1a: SEDOTIA\n|-damage|p1a: SEDOTIA|39/100 slp\n|\n|upkeep\n|turn|17\n|\n|t:|1742145040\n|switch|p2a: Tauros|Tauros|100/100\n|switch|p1a: ULCISCOR TELIMUS|Snorlax|100/100\n|\n|upkeep\n|turn|18\n|inactive|spies rby has 240 seconds left.\n|\n|t:|1742145061\n|switch|p2a: Snorlax|Snorlax|100/100\n|move|p1a: ULCISCOR TELIMUS|Body Slam|p2a: Snorlax\n|-damage|p2a: Snorlax|76/100\n|\n|upkeep\n|turn|19\n|\n|t:|1742145067\n|move|p2a: Snorlax|Body Slam|p1a: ULCISCOR TELIMUS\n|-damage|p1a: ULCISCOR TELIMUS|75/100\n|move|p1a: ULCISCOR TELIMUS|Ice Beam|p2a: Snorlax\n|-crit|p2a: Snorlax\n|-damage|p2a: Snorlax|47/100\n|\n|upkeep\n|turn|20\n|\n|t:|1742145085\n|move|p2a: Snorlax|Self-Destruct|p1a: ULCISCOR TELIMUS\n|-damage|p1a: ULCISCOR TELIMUS|0 fnt\n|faint|p1a: ULCISCOR TELIMUS\n|faint|p2a: Snorlax\n|inactive|spies rby has 210 seconds left.\n|inactive|spies rby has 180 seconds left.\n|\n|t:|1742145145\n|switch|p1a: STORMBLESSED|Tauros|100/100\n|switch|p2a: Exeggutor|Exeggutor|75/100\n|turn|21\n|\n|t:|1742145149\n|move|p1a: STORMBLESSED|Body Slam|p2a: Exeggutor\n|-damage|p2a: Exeggutor|46/100\n|move|p2a: Exeggutor|Stun Spore|p1a: STORMBLESSED|[miss]\n|-miss|p2a: Exeggutor\n|\n|upkeep\n|turn|22\n|\n|t:|1742145162\n|switch|p2a: Rhydon|Rhydon|100/100\n|move|p1a: STORMBLESSED|Body Slam|p2a: Rhydon\n|-resisted|p2a: Rhydon\n|-damage|p2a: Rhydon|90/100\n|\n|upkeep\n|turn|23\n|\n|t:|1742145169\n|switch|p2a: Starmie|Starmie|86/100\n|move|p1a: STORMBLESSED|Blizzard|p2a: Starmie\n|-crit|p2a: Starmie\n|-resisted|p2a: Starmie\n|-damage|p2a: Starmie|64/100\n|\n|upkeep\n|turn|24\n|\n|t:|1742145180\n|move|p2a: Starmie|Thunder Wave|p1a: STORMBLESSED\n|-status|p1a: STORMBLESSED|par\n|move|p1a: STORMBLESSED|Body Slam|p2a: Starmie\n|-damage|p2a: Starmie|32/100\n|\n|upkeep\n|turn|25\n|\n|t:|1742145193\n|move|p2a: Starmie|Recover|p2a: Starmie\n|-heal|p2a: Starmie|82/100\n|move|p1a: STORMBLESSED|Body Slam|p2a: Starmie\n|-damage|p2a: Starmie|47/100\n|\n|upkeep\n|turn|26\n|inactive|spies rby has 180 seconds left.\n|\n|t:|1742145224\n|move|p2a: Starmie|Psychic|p1a: STORMBLESSED\n|-damage|p1a: STORMBLESSED|63/100 par\n|-unboost|p1a: STORMBLESSED|spa|1\n|-unboost|p1a: STORMBLESSED|spd|1\n|move|p1a: STORMBLESSED|Body Slam|p2a: Starmie\n|-damage|p2a: Starmie|10/100\n|\n|upkeep\n|turn|27\n|\n|t:|1742145234\n|move|p2a: Starmie|Psychic|p1a: STORMBLESSED\n|-crit|p1a: STORMBLESSED\n|-damage|p1a: STORMBLESSED|0 fnt\n|faint|p1a: STORMBLESSED\n|\n|t:|1742145241\n|switch|p1a: SEDOTIA|Chansey|39/100 slp\n|turn|28\n|inactive|spies rby has 180 seconds left.\n|\n|t:|1742145270\n|switch|p2a: Tauros|Tauros|100/100\n|cant|p1a: SEDOTIA|slp\n|\n|upkeep\n|turn|29\n|\n|t:|1742145274\n|switch|p1a: CATENICUS|Starmie|11/100 par\n|move|p2a: Tauros|Body Slam|p1a: CATENICUS\n|-damage|p1a: CATENICUS|0 fnt\n|faint|p1a: CATENICUS\n|\n|t:|1742145275\n|switch|p1a: WILL OF THE MANY|Exeggutor|100/100\n|turn|30\n|\n|t:|1742145281\n|switch|p2a: Exeggutor|Exeggutor|46/100\n|move|p1a: WILL OF THE MANY|Psychic|p2a: Exeggutor\n|-resisted|p2a: Exeggutor\n|-damage|p2a: Exeggutor|32/100\n|\n|upkeep\n|turn|31\n|\n|t:|1742145289\n|switch|p1a: SEDOTIA|Chansey|39/100 slp\n|move|p2a: Exeggutor|Stun Spore|p1a: SEDOTIA|[miss]\n|-miss|p2a: Exeggutor\n|\n|upkeep\n|turn|32\n|\n|t:|1742145294\n|switch|p1a: WILL OF THE MANY|Exeggutor|100/100\n|move|p2a: Exeggutor|Psychic|p1a: WILL OF THE MANY\n|-resisted|p1a: WILL OF THE MANY\n|-damage|p1a: WILL OF THE MANY|87/100\n|\n|upkeep\n|turn|33\n|\n|t:|1742145298\n|move|p1a: WILL OF THE MANY|Psychic|p2a: Exeggutor\n|-resisted|p2a: Exeggutor\n|-damage|p2a: Exeggutor|19/100\n|-unboost|p2a: Exeggutor|spa|1\n|-unboost|p2a: Exeggutor|spd|1\n|move|p2a: Exeggutor|Stun Spore|p1a: WILL OF THE MANY|[miss]\n|-miss|p2a: Exeggutor\n|\n|upkeep\n|turn|34\n|\n|t:|1742145304\n|switch|p2a: Alakazam|Alakazam|100/100 slp\n|move|p1a: WILL OF THE MANY|Psychic|p2a: Alakazam\n|-crit|p2a: Alakazam\n|-resisted|p2a: Alakazam\n|-damage|p2a: Alakazam|70/100 slp\n|\n|upkeep\n|turn|35\n|\n|t:|1742145310\n|cant|p2a: Alakazam|slp\n|move|p1a: WILL OF THE MANY|Psychic|p2a: Alakazam\n|-resisted|p2a: Alakazam\n|-damage|p2a: Alakazam|55/100 slp\n|-unboost|p2a: Alakazam|spa|1\n|-unboost|p2a: Alakazam|spd|1\n|\n|upkeep\n|turn|36\n|\n|t:|1742145324\n|cant|p2a: Alakazam|slp\n|move|p1a: WILL OF THE MANY|Psychic|p2a: Alakazam\n|-resisted|p2a: Alakazam\n|-damage|p2a: Alakazam|31/100 slp\n|-unboost|p2a: Alakazam|spa|1\n|-unboost|p2a: Alakazam|spd|1\n|\n|upkeep\n|turn|37\n|\n|t:|1742145329\n|switch|p2a: Exeggutor|Exeggutor|19/100\n|move|p1a: WILL OF THE MANY|Psychic|p2a: Exeggutor\n|-resisted|p2a: Exeggutor\n|-damage|p2a: Exeggutor|7/100\n|-unboost|p2a: Exeggutor|spa|1\n|-unboost|p2a: Exeggutor|spd|1\n|\n|upkeep\n|turn|38\n|\n|t:|1742145358\n|move|p1a: WILL OF THE MANY|Psychic|p2a: Exeggutor\n|-crit|p2a: Exeggutor\n|-resisted|p2a: Exeggutor\n|-damage|p2a: Exeggutor|0 fnt\n|faint|p2a: Exeggutor\n|\n|t:|1742145365\n|switch|p2a: Starmie|Starmie|10/100\n|turn|39\n|\n|t:|1742145378\n|move|p2a: Starmie|Recover|p2a: Starmie\n|-heal|p2a: Starmie|60/100\n|move|p1a: WILL OF THE MANY|Psychic|p2a: Starmie\n|-crit|p2a: Starmie\n|-resisted|p2a: Starmie\n|-damage|p2a: Starmie|23/100\n|\n|upkeep\n|turn|40\n|\n|t:|1742145383\n|move|p2a: Starmie|Recover|p2a: Starmie\n|-heal|p2a: Starmie|73/100\n|move|p1a: WILL OF THE MANY|Mega Drain|p2a: Starmie\n|-crit|p2a: Starmie\n|-supereffective|p2a: Starmie\n|-damage|p2a: Starmie|2/100\n|-heal|p1a: WILL OF THE MANY|100/100|[from] drain|[of] p2a: Starmie\n|\n|upkeep\n|turn|41\n|\n|t:|1742145398\n|move|p2a: Starmie|Recover|p2a: Starmie\n|-heal|p2a: Starmie|52/100\n|move|p1a: WILL OF THE MANY|Mega Drain|p2a: Starmie\n|-supereffective|p2a: Starmie\n|-damage|p2a: Starmie|15/100\n|\n|upkeep\n|turn|42\n|\n|t:|1742145405\n|move|p2a: Starmie|Recover|p2a: Starmie\n|-heal|p2a: Starmie|65/100\n|move|p1a: WILL OF THE MANY|Mega Drain|p2a: Starmie\n|-supereffective|p2a: Starmie\n|-damage|p2a: Starmie|28/100\n|\n|upkeep\n|turn|43\n|\n|t:|1742145410\n|move|p2a: Starmie|Recover|p2a: Starmie\n|-heal|p2a: Starmie|78/100\n|move|p1a: WILL OF THE MANY|Mega Drain|p2a: Starmie\n|-supereffective|p2a: Starmie\n|-damage|p2a: Starmie|43/100\n|\n|upkeep\n|turn|44\n|inactive|spies rby has 240 seconds left.\n|\n|t:|1742145418\n|move|p2a: Starmie|Recover|p2a: Starmie\n|-heal|p2a: Starmie|92/100\n|move|p1a: WILL OF THE MANY|Mega Drain|p2a: Starmie\n|-supereffective|p2a: Starmie\n|-damage|p2a: Starmie|55/100\n|\n|upkeep\n|turn|45\n|inactive|spies rby has 240 seconds left.\n|\n|t:|1742145444\n|move|p2a: Starmie|Recover|p2a: Starmie\n|-heal|p2a: Starmie|100/100\n|move|p1a: WILL OF THE MANY|Mega Drain|p2a: Starmie\n|-supereffective|p2a: Starmie\n|-damage|p2a: Starmie|68/100\n|\n|upkeep\n|turn|46\n|\n|t:|1742145450\n|move|p2a: Starmie|Thunder Wave|p1a: WILL OF THE MANY\n|-status|p1a: WILL OF THE MANY|par\n|move|p1a: WILL OF THE MANY|Mega Drain|p2a: Starmie\n|-supereffective|p2a: Starmie\n|-damage|p2a: Starmie|34/100\n|\n|upkeep\n|turn|47\n|\n|t:|1742145455\n|move|p2a: Starmie|Recover|p2a: Starmie\n|-heal|p2a: Starmie|84/100\n|move|p1a: WILL OF THE MANY|Psychic|p2a: Starmie\n|-resisted|p2a: Starmie\n|-damage|p2a: Starmie|64/100\n|-unboost|p2a: Starmie|spa|1\n|-unboost|p2a: Starmie|spd|1\n|\n|upkeep\n|turn|48\n|\n|t:|1742145463\n|switch|p2a: Alakazam|Alakazam|31/100 slp\n|move|p1a: WILL OF THE MANY|Mega Drain|p2a: Alakazam\n|-damage|p2a: Alakazam|18/100 slp\n|\n|upkeep\n|turn|49\n|\n|t:|1742145467\n|switch|p2a: Starmie|Starmie|64/100\n|move|p1a: WILL OF THE MANY|Psychic|p2a: Starmie\n|-resisted|p2a: Starmie\n|-damage|p2a: Starmie|45/100\n|-unboost|p2a: Starmie|spa|1\n|-unboost|p2a: Starmie|spd|1\n|\n|upkeep\n|turn|50\n|\n|t:|1742145489\n|switch|p2a: Alakazam|Alakazam|18/100 slp\n|switch|p1a: EIDHIN BREAC|Rhydon|100/100\n|\n|upkeep\n|turn|51\n|\n|t:|1742145500\n|switch|p2a: Tauros|Tauros|100/100\n|move|p1a: EIDHIN BREAC|Substitute|p1a: EIDHIN BREAC\n|-start|p1a: EIDHIN BREAC|Substitute\n|-damage|p1a: EIDHIN BREAC|76/100\n|\n|upkeep\n|turn|52\n|\n|t:|1742145504\n|move|p2a: Tauros|Earthquake|p1a: EIDHIN BREAC\n|-supereffective|p1a: EIDHIN BREAC\n|-end|p1a: EIDHIN BREAC|Substitute\n|move|p1a: EIDHIN BREAC|Earthquake|p2a: Tauros\n|-damage|p2a: Tauros|62/100\n|\n|upkeep\n|turn|53\n|\n|t:|1742145513\n|move|p2a: Tauros|Blizzard|p1a: EIDHIN BREAC\n|-crit|p1a: EIDHIN BREAC\n|-supereffective|p1a: EIDHIN BREAC\n|-damage|p1a: EIDHIN BREAC|0 fnt\n|faint|p1a: EIDHIN BREAC\n|\n|t:|1742145516\n|switch|p1a: WILL OF THE MANY|Exeggutor|100/100 par\n|turn|54\n|inactive|spies rby has 270 seconds left.\n|\n|t:|1742145527\n|switch|p2a: Starmie|Starmie|45/100\n|cant|p1a: WILL OF THE MANY|par\n|\n|upkeep\n|turn|55\n|\n|t:|1742145531\n|move|p2a: Starmie|Recover|p2a: Starmie\n|-heal|p2a: Starmie|95/100\n|cant|p1a: WILL OF THE MANY|par\n|\n|upkeep\n|turn|56\n|\n|t:|1742145535\n|move|p2a: Starmie|Psychic|p1a: WILL OF THE MANY\n|-resisted|p1a: WILL OF THE MANY\n|-damage|p1a: WILL OF THE MANY|88/100 par\n|cant|p1a: WILL OF THE MANY|par\n|\n|upkeep\n|turn|57\n|\n|t:|1742145539\n|move|p2a: Starmie|Psychic|p1a: WILL OF THE MANY\n|-resisted|p1a: WILL OF THE MANY\n|-damage|p1a: WILL OF THE MANY|77/100 par\n|-unboost|p1a: WILL OF THE MANY|spa|1\n|-unboost|p1a: WILL OF THE MANY|spd|1\n|move|p1a: WILL OF THE MANY|Psychic|p2a: Starmie\n|-resisted|p2a: Starmie\n|-damage|p2a: Starmie|83/100\n|\n|upkeep\n|turn|58\n|\n|t:|1742145544\n|switch|p1a: SEDOTIA|Chansey|39/100 slp\n|move|p2a: Starmie|Psychic|p1a: SEDOTIA\n|-damage|p1a: SEDOTIA|25/100 slp\n|-unboost|p1a: SEDOTIA|spa|1\n|-unboost|p1a: SEDOTIA|spd|1\n|\n|upkeep\n|turn|59\n|\n|t:|1742145547\n|switch|p1a: WILL OF THE MANY|Exeggutor|77/100 par\n|move|p2a: Starmie|Psychic|p1a: WILL OF THE MANY\n|-resisted|p1a: WILL OF THE MANY\n|-damage|p1a: WILL OF THE MANY|66/100 par\n|\n|upkeep\n|turn|60\n|\n|t:|1742145551\n|move|p2a: Starmie|Psychic|p1a: WILL OF THE MANY\n|-resisted|p1a: WILL OF THE MANY\n|-damage|p1a: WILL OF THE MANY|54/100 par\n|move|p1a: WILL OF THE MANY|Mega Drain|p2a: Starmie\n|-supereffective|p2a: Starmie\n|-damage|p2a: Starmie|48/100\n|-heal|p1a: WILL OF THE MANY|68/100 par|[from] drain|[of] p2a: Starmie\n|\n|upkeep\n|turn|61\n|\n|t:|1742145558\n|move|p2a: Starmie|Recover|p2a: Starmie\n|-heal|p2a: Starmie|98/100\n|cant|p1a: WILL OF THE MANY|par\n|\n|upkeep\n|turn|62\n|\n|t:|1742145561\n|move|p2a: Starmie|Psychic|p1a: WILL OF THE MANY\n|-crit|p1a: WILL OF THE MANY\n|-resisted|p1a: WILL OF THE MANY\n|-damage|p1a: WILL OF THE MANY|47/100 par\n|cant|p1a: WILL OF THE MANY|par\n|\n|upkeep\n|turn|63\n|\n|t:|1742145566\n|move|p2a: Starmie|Psychic|p1a: WILL OF THE MANY\n|-resisted|p1a: WILL OF THE MANY\n|-damage|p1a: WILL OF THE MANY|36/100 par\n|-unboost|p1a: WILL OF THE MANY|spa|1\n|-unboost|p1a: WILL OF THE MANY|spd|1\n|move|p1a: WILL OF THE MANY|Mega Drain|p2a: Starmie\n|-supereffective|p2a: Starmie\n|-damage|p2a: Starmie|76/100\n|-heal|p1a: WILL OF THE MANY|44/100 par|[from] drain|[of] p2a: Starmie\n|\n|upkeep\n|turn|64\n|\n|t:|1742145573\n|move|p2a: Starmie|Psychic|p1a: WILL OF THE MANY\n|-resisted|p1a: WILL OF THE MANY\n|-damage|p1a: WILL OF THE MANY|27/100 par\n|move|p1a: WILL OF THE MANY|Mega Drain|p2a: Starmie\n|-supereffective|p2a: Starmie\n|-damage|p2a: Starmie|53/100\n|-heal|p1a: WILL OF THE MANY|37/100 par|[from] drain|[of] p2a: Starmie\n|\n|upkeep\n|turn|65\n|\n|t:|1742145582\n|switch|p1a: SEDOTIA|Chansey|25/100 slp\n|move|p2a: Starmie|Recover|p2a: Starmie\n|-heal|p2a: Starmie|100/100\n|\n|upkeep\n|turn|66\n|\n|t:|1742145585\n|switch|p2a: Tauros|Tauros|62/100\n|-curestatus|p1a: SEDOTIA|slp|[msg]\n|\n|upkeep\n|turn|67\n|\n|t:|1742145589\n|move|p2a: Tauros|Body Slam|p1a: SEDOTIA\n|-crit|p1a: SEDOTIA\n|-damage|p1a: SEDOTIA|0 fnt\n|faint|p1a: SEDOTIA\n|\n|t:|1742145590\n|switch|p1a: WILL OF THE MANY|Exeggutor|37/100 par\n|turn|68\n|\n|t:|1742145592\n|move|p2a: Tauros|Hyper Beam|p1a: WILL OF THE MANY\n|-damage|p1a: WILL OF THE MANY|0 fnt\n|faint|p1a: WILL OF THE MANY\n|\n|win|spies rby\n|c|☆shiloh|gg\n|c|☆spies rby|gg\n","uploadtime":1742145593,"views":"1442","formatid":"gen1ou","rating":null,"private":0,"password":null}