{"id":"smogtours-gen1ou-946171","format":"[Gen 1] OU","players":["Frrf","zugubu royale"],"log":"|inactive|Battle timer is ON: inactive players will automatically lose when time's up.\n|t:|1781380076\n|gametype|singles\n|player|p1|Frrf|#rbyplivglacialarticunos|\n|player|p2|zugubu royale|2|\n|gen|1\n|tier|[Gen 1] OU\n|rule|Desync Clause Mod: Desyncs changed to move failure.\n|rule|HP Percentage Mod: HP is shown in percentages\n|rule|Endless Battle Clause: Forcing endless battles is banned\n|rule|Sleep Clause Mod: Limit one foe put to sleep\n|rule|Freeze Clause Mod: Limit one foe frozen\n|rule|Species Clause: Limit one of each Pokémon\n|rule|OHKO Clause: OHKO moves are banned\n|rule|Evasion Moves Clause: Evasion moves are banned\n|\n|t:|1781380076\n|teamsize|p1|6\n|teamsize|p2|6\n|start\n|switch|p1a: Alakazam|Alakazam|100/100\n|switch|p2a: Gengar|Gengar|100/100\n|turn|1\n|\n|t:|1781380090\n|move|p1a: Alakazam|Psychic|p2a: Gengar\n|-supereffective|p2a: Gengar\n|-damage|p2a: Gengar|26/100\n|-unboost|p2a: Gengar|spa|1\n|-unboost|p2a: Gengar|spd|1\n|move|p2a: Gengar|Explosion|p1a: Alakazam\n|-damage|p1a: Alakazam|5/100\n|faint|p2a: Gengar\n|\n|t:|1781380098\n|switch|p2a: Exeggutor|Exeggutor|100/100\n|turn|2\n|\n|t:|1781380104\n|move|p1a: Alakazam|Thunder Wave|p2a: Exeggutor\n|-status|p2a: Exeggutor|par\n|move|p2a: Exeggutor|Sleep Powder|p1a: Alakazam|[miss]\n|-miss|p2a: Exeggutor\n|\n|upkeep\n|turn|3\n|\n|t:|1781380108\n|move|p1a: Alakazam|Seismic Toss|p2a: Exeggutor\n|-damage|p2a: Exeggutor|75/100 par\n|move|p2a: Exeggutor|Sleep Powder|p1a: Alakazam\n|-status|p1a: Alakazam|slp|[from] move: Sleep Powder\n|\n|upkeep\n|turn|4\n|\n|t:|1781380112\n|switch|p1a: Starmie|Starmie|100/100\n|switch|p2a: Tauros|Tauros|100/100\n|\n|upkeep\n|turn|5\n|\n|t:|1781380120\n|switch|p2a: Snorlax|Snorlax|100/100\n|move|p1a: Starmie|Blizzard|p2a: Snorlax\n|-damage|p2a: Snorlax|77/100\n|-status|p2a: Snorlax|frz\n|\n|upkeep\n|turn|6\n|\n|t:|1781380125\n|switch|p2a: Starmie|Starmie|100/100\n|move|p1a: Starmie|Thunder Wave|p2a: Starmie\n|-status|p2a: Starmie|par\n|\n|upkeep\n|turn|7\n|\n|t:|1781380131\n|switch|p1a: Victreebel|Victreebel|100/100\n|move|p2a: Starmie|Thunder Wave|p1a: Victreebel\n|-status|p1a: Victreebel|par\n|\n|upkeep\n|turn|8\n|\n|t:|1781380135\n|move|p2a: Starmie|Psychic|p1a: Victreebel\n|-supereffective|p1a: Victreebel\n|-damage|p1a: Victreebel|39/100 par\n|move|p1a: Victreebel|Razor Leaf|p2a: Starmie\n|-crit|p2a: Starmie\n|-supereffective|p2a: Starmie\n|-damage|p2a: Starmie|15/100 par\n|\n|upkeep\n|turn|9\n|\n|t:|1781380141\n|move|p2a: Starmie|Recover|p2a: Starmie\n|-heal|p2a: Starmie|65/100 par\n|move|p1a: Victreebel|Razor Leaf|p2a: Starmie\n|-crit|p2a: Starmie\n|-supereffective|p2a: Starmie\n|-damage|p2a: Starmie|0 fnt\n|faint|p2a: Starmie\n|\n|t:|1781380146\n|switch|p2a: Tauros|Tauros|100/100\n|turn|10\n|\n|t:|1781380148\n|move|p2a: Tauros|Body Slam|p1a: Victreebel\n|-damage|p1a: Victreebel|4/100 par\n|move|p1a: Victreebel|Razor Leaf|p2a: Tauros\n|-crit|p2a: Tauros\n|-damage|p2a: Tauros|55/100\n|\n|upkeep\n|turn|11\n|\n|t:|1781380153\n|move|p2a: Tauros|Body Slam|p1a: Victreebel\n|-crit|p1a: Victreebel\n|-damage|p1a: Victreebel|0 fnt\n|faint|p1a: Victreebel\n|\n|t:|1781380155\n|switch|p1a: Snorlax|Snorlax|100/100\n|turn|12\n|\n|t:|1781380179\n|move|p2a: Tauros|Blizzard|p1a: Snorlax\n|-damage|p1a: Snorlax|81/100\n|move|p1a: Snorlax|Body Slam|p2a: Tauros\n|-damage|p2a: Tauros|22/100\n|\n|upkeep\n|turn|13\n|\n|t:|1781380183\n|move|p2a: Tauros|Hyper Beam|p1a: Snorlax\n|-damage|p1a: Snorlax|35/100\n|-mustrecharge|p2a: Tauros\n|move|p1a: Snorlax|Body Slam|p2a: Tauros\n|-damage|p2a: Tauros|0 fnt\n|faint|p2a: Tauros\n|\n|t:|1781380186\n|switch|p2a: Zapdos|Zapdos|100/100\n|turn|14\n|\n|t:|1781380190\n|move|p2a: Zapdos|Thunderbolt|p1a: Snorlax\n|-damage|p1a: Snorlax|5/100\n|move|p1a: Snorlax|Self-Destruct|p2a: Zapdos\n|-damage|p2a: Zapdos|0 fnt\n|faint|p2a: Zapdos\n|faint|p1a: Snorlax\n|-message|zugubu royale forfeited.\n|\n|win|Frrf\n|player|p2|\n|player|p1|\n","uploadtime":1781380194,"views":"89","formatid":"gen1ou","rating":null,"private":0,"password":null}