{"id":"smogtours-gen1ou-915348","format":"[Gen 1] OU","players":["Serpi n_n","LNumbers"],"log":"|inactive|Battle timer is ON: inactive players will automatically lose when time's up.\n|t:|1772975169\n|gametype|singles\n|player|p1|Serpi n_n|#splxviibigs2|\n|player|p2|LNumbers|#splxviityrants2|\n|gen|1\n|tier|[Gen 1] OU\n|rule|Desync Clause Mod: Desyncs changed to move failure.\n|rule|Sleep Clause Mod: Limit one foe put to sleep\n|rule|Freeze Clause Mod: Limit one foe frozen\n|rule|Species Clause: Limit one of each Pokémon\n|rule|OHKO Clause: OHKO moves are banned\n|rule|Evasion Moves Clause: Evasion moves are banned\n|rule|Endless Battle Clause: Forcing endless battles is banned\n|rule|HP Percentage Mod: HP is shown in percentages\n|\n|t:|1772975169\n|teamsize|p1|6\n|teamsize|p2|6\n|start\n|switch|p1a: Alakazam|Alakazam|100/100\n|switch|p2a: Alakazam|Alakazam|100/100\n|turn|1\n|c|☆LNumbers|hf\n|c|☆Serpi n_n|u2\n|inactive|Serpi n_n has 270 seconds left.\n|inactive|LNumbers has 270 seconds left.\n|inactive|Serpi n_n has 240 seconds left.\n|\n|t:|1772975246\n|switch|p1a: Jynx|Jynx|100/100\n|move|p2a: Alakazam|Seismic Toss|p1a: Jynx\n|-damage|p1a: Jynx|70/100\n|\n|upkeep\n|turn|2\n|\n|t:|1772975261\n|move|p2a: Alakazam|Thunder Wave|p1a: Jynx\n|-status|p1a: Jynx|par\n|move|p1a: Jynx|Lovely Kiss|p2a: Alakazam\n|-status|p2a: Alakazam|slp|[from] move: Lovely Kiss\n|\n|upkeep\n|turn|3\n|inactive|LNumbers has 270 seconds left.\n|\n|t:|1772975309\n|switch|p2a: Chansey|Chansey|100/100\n|cant|p1a: Jynx|par\n|\n|upkeep\n|turn|4\n|inactive|Serpi n_n has 270 seconds left.\n|inactive|Serpi n_n has 240 seconds left.\n|\n|t:|1772975395\n|move|p2a: Chansey|Seismic Toss|p1a: Jynx\n|-damage|p1a: Jynx|40/100 par\n|move|p1a: Jynx|Rest|p1a: Jynx\n|-status|p1a: Jynx|slp|[from] move: Rest\n|-heal|p1a: Jynx|100/100 slp|[silent]\n|\n|upkeep\n|turn|5\n|inactive|Serpi n_n has 210 seconds left.\n|\n|t:|1772975421\n|move|p2a: Chansey|Seismic Toss|p1a: Jynx\n|-damage|p1a: Jynx|70/100 slp\n|cant|p1a: Jynx|slp\n|\n|upkeep\n|turn|6\n|\n|t:|1772975425\n|move|p2a: Chansey|Seismic Toss|p1a: Jynx\n|-damage|p1a: Jynx|40/100 slp\n|-curestatus|p1a: Jynx|slp|[msg]\n|\n|upkeep\n|turn|7\n|\n|t:|1772975464\n|move|p2a: Chansey|Seismic Toss|p1a: Jynx\n|-damage|p1a: Jynx|10/100\n|move|p1a: Jynx|Rest|p1a: Jynx\n|-status|p1a: Jynx|slp|[from] move: Rest\n|-heal|p1a: Jynx|100/100 slp|[silent]\n|\n|upkeep\n|turn|8\n|\n|t:|1772975467\n|move|p2a: Chansey|Seismic Toss|p1a: Jynx\n|-damage|p1a: Jynx|70/100 slp\n|cant|p1a: Jynx|slp\n|\n|upkeep\n|turn|9\n|\n|t:|1772975470\n|move|p2a: Chansey|Seismic Toss|p1a: Jynx\n|-damage|p1a: Jynx|40/100 slp\n|-curestatus|p1a: Jynx|slp|[msg]\n|\n|upkeep\n|turn|10\n|inactive|Serpi n_n has 240 seconds left.\n|inactive|LNumbers has 270 seconds left.\n|\n|t:|1772975484\n|switch|p2a: Tauros|Tauros|100/100\n|switch|p1a: Alakazam|Alakazam|100/100\n|\n|upkeep\n|turn|11\n|inactive|LNumbers has 270 seconds left.\n|inactive|Serpi n_n has 240 seconds left.\n|inactive|LNumbers has 240 seconds left.\n|inactive|Serpi n_n has 210 seconds left.\n|inactive|LNumbers has 210 seconds left.\n|\n|t:|1772975552\n|switch|p2a: Alakazam|Alakazam|100/100 slp\n|move|p1a: Alakazam|Seismic Toss|p2a: Alakazam\n|-damage|p2a: Alakazam|69/100 slp\n|\n|upkeep\n|turn|12\n|inactive|Serpi n_n has 180 seconds left.\n|inactive|Serpi n_n has 150 seconds left.\n|inactive|LNumbers has 210 seconds left.\n|\n|t:|1772975643\n|switch|p2a: Exeggutor|Exeggutor|100/100\n|switch|p1a: Tauros|Tauros|100/100\n|\n|upkeep\n|turn|13\n|inactive|Serpi n_n has 120 seconds left.\n|\n|t:|1772975676\n|switch|p1a: Jynx|Jynx|40/100\n|move|p2a: Exeggutor|Sleep Powder|p1a: Jynx\n|-status|p1a: Jynx|slp|[from] move: Sleep Powder\n|\n|upkeep\n|turn|14\n|inactive|LNumbers has 210 seconds left.\n|\n|t:|1772975699\n|switch|p1a: Chansey|Chansey|100/100\n|switch|p2a: Chansey|Chansey|100/100\n|\n|upkeep\n|turn|15\n|\n|t:|1772975707\n|move|p2a: Chansey|Thunder Wave|p1a: Chansey\n|-status|p1a: Chansey|par\n|cant|p1a: Chansey|par\n|\n|upkeep\n|turn|16\n|inactive|LNumbers has 210 seconds left.\n|inactive|LNumbers has 180 seconds left.\n|\n|t:|1772975768\n|switch|p2a: Alakazam|Alakazam|69/100 slp\n|move|p1a: Chansey|Ice Beam|p2a: Alakazam\n|-damage|p2a: Alakazam|48/100 slp\n|\n|upkeep\n|turn|17\n|inactive|LNumbers has 150 seconds left.\n|\n|t:|1772975790\n|cant|p2a: Alakazam|slp\n|move|p1a: Chansey|Ice Beam|p2a: Alakazam\n|-damage|p2a: Alakazam|27/100 slp\n|\n|upkeep\n|turn|18\n|inactive|LNumbers has 150 seconds left.\n|\n|t:|1772975795\n|switch|p2a: Snorlax|Snorlax|100/100\n|cant|p1a: Chansey|par\n|\n|upkeep\n|turn|19\n|inactive|Serpi n_n has 120 seconds left.\n|inactive|LNumbers has 150 seconds left.\n|\n|t:|1772975819\n|move|p2a: Snorlax|Earthquake|p1a: Chansey\n|-damage|p1a: Chansey|69/100 par\n|move|p1a: Chansey|Counter|p2a: Snorlax\n|-fail|p1a: Chansey\n|\n|upkeep\n|turn|20\n|inactive|Serpi n_n has 120 seconds left.\n|inactive|LNumbers has 150 seconds left.\n|inactive|Serpi n_n has 90 seconds left.\n|inactive|LNumbers has 120 seconds left.\n|\n|t:|1772975875\n|switch|p1a: Starmie|Starmie|100/100\n|move|p2a: Snorlax|Earthquake|p1a: Starmie\n|-damage|p1a: Starmie|71/100\n|\n|upkeep\n|turn|21\n|inactive|LNumbers has 120 seconds left.\n|inactive|Serpi n_n has 60 seconds left.\n|inactive|LNumbers has 90 seconds left.\n|\n|t:|1772975929\n|move|p1a: Starmie|Thunder Wave|p2a: Snorlax\n|-status|p2a: Snorlax|par\n|move|p2a: Snorlax|Body Slam|p1a: Starmie\n|-damage|p1a: Starmie|32/100\n|\n|upkeep\n|turn|22\n|\n|t:|1772975938\n|move|p1a: Starmie|Recover|p1a: Starmie\n|-heal|p1a: Starmie|82/100\n|move|p2a: Snorlax|Body Slam|p1a: Starmie\n|-damage|p1a: Starmie|43/100\n|\n|upkeep\n|turn|23\n|\n|t:|1772975943\n|move|p1a: Starmie|Recover|p1a: Starmie\n|-heal|p1a: Starmie|93/100\n|move|p2a: Snorlax|Body Slam|p1a: Starmie\n|-damage|p1a: Starmie|55/100\n|\n|upkeep\n|turn|24\n|\n|t:|1772975953\n|move|p1a: Starmie|Surf|p2a: Snorlax\n|-crit|p2a: Snorlax\n|-damage|p2a: Snorlax|44/100 par\n|cant|p2a: Snorlax|par\n|\n|upkeep\n|turn|25\n|inactive|Serpi n_n has 60 seconds left.\n|\n|t:|1772975972\n|switch|p2a: Exeggutor|Exeggutor|100/100\n|move|p1a: Starmie|Surf|p2a: Exeggutor\n|-resisted|p2a: Exeggutor\n|-damage|p2a: Exeggutor|89/100\n|\n|upkeep\n|turn|26\n|inactive|Serpi n_n has 60 seconds left.\n|inactive|Serpi n_n has 30 seconds left.\n|inactive|Serpi n_n has 20 seconds left.\n|\n|t:|1772976025\n|move|p1a: Starmie|Thunder Wave|p2a: Exeggutor\n|-status|p2a: Exeggutor|par\n|move|p2a: Exeggutor|Psychic|p1a: Starmie\n|-resisted|p1a: Starmie\n|-damage|p1a: Starmie|35/100\n|\n|upkeep\n|turn|27\n|inactive|Serpi n_n has 30 seconds left this turn.\n|inactive|Serpi n_n has 20 seconds left.\n|inactive|LNumbers has 90 seconds left.\n|\n|t:|1772976062\n|move|p1a: Starmie|Recover|p1a: Starmie\n|-heal|p1a: Starmie|85/100\n|move|p2a: Exeggutor|Psychic|p1a: Starmie\n|-resisted|p1a: Starmie\n|-damage|p1a: Starmie|66/100\n|\n|upkeep\n|turn|28\n|inactive|Serpi n_n has 30 seconds left this turn.\n|\n|t:|1772976071\n|move|p1a: Starmie|Surf|p2a: Exeggutor\n|-resisted|p2a: Exeggutor\n|-damage|p2a: Exeggutor|77/100 par\n|move|p2a: Exeggutor|Psychic|p1a: Starmie\n|-resisted|p1a: Starmie\n|-damage|p1a: Starmie|48/100\n|\n|upkeep\n|turn|29\n|inactive|LNumbers has 90 seconds left.\n|\n|t:|1772976081\n|move|p1a: Starmie|Recover|p1a: Starmie\n|-heal|p1a: Starmie|98/100\n|cant|p2a: Exeggutor|par\n|\n|upkeep\n|turn|30\n|\n|t:|1772976089\n|move|p1a: Starmie|Surf|p2a: Exeggutor\n|-crit|p2a: Exeggutor\n|-resisted|p2a: Exeggutor\n|-damage|p2a: Exeggutor|55/100 par\n|cant|p2a: Exeggutor|par\n|\n|upkeep\n|turn|31\n|\n|t:|1772976099\n|move|p1a: Starmie|Surf|p2a: Exeggutor\n|-resisted|p2a: Exeggutor\n|-damage|p2a: Exeggutor|44/100 par\n|move|p2a: Exeggutor|Psychic|p1a: Starmie\n|-resisted|p1a: Starmie\n|-damage|p1a: Starmie|78/100\n|\n|upkeep\n|turn|32\n|\n|t:|1772976114\n|move|p1a: Starmie|Recover|p1a: Starmie\n|-heal|p1a: Starmie|100/100\n|move|p2a: Exeggutor|Rest|p2a: Exeggutor\n|-status|p2a: Exeggutor|slp|[from] move: Rest\n|-heal|p2a: Exeggutor|100/100 slp|[silent]\n|\n|upkeep\n|turn|33\n|\n|t:|1772976143\n|switch|p1a: Tauros|Tauros|100/100\n|cant|p2a: Exeggutor|slp\n|\n|upkeep\n|turn|34\n|\n|t:|1772976148\n|move|p1a: Tauros|Blizzard|p2a: Exeggutor\n|-supereffective|p2a: Exeggutor\n|-damage|p2a: Exeggutor|68/100 slp\n|-curestatus|p2a: Exeggutor|slp|[msg]\n|\n|upkeep\n|turn|35\n|\n|t:|1772976156\n|switch|p1a: Starmie|Starmie|100/100\n|move|p2a: Exeggutor|Psychic|p1a: Starmie\n|-resisted|p1a: Starmie\n|-damage|p1a: Starmie|81/100\n|\n|upkeep\n|turn|36\n|inactive|LNumbers has 120 seconds left.\n|inactive|LNumbers has 90 seconds left.\n|inactive|LNumbers has 60 seconds left.\n|inactive|LNumbers has 30 seconds left.\n|\n|t:|1772976268\n|move|p1a: Starmie|Recover|p1a: Starmie\n|-heal|p1a: Starmie|100/100\n|move|p2a: Exeggutor|Psychic|p1a: Starmie\n|-resisted|p1a: Starmie\n|-damage|p1a: Starmie|82/100\n|\n|upkeep\n|turn|37\n|inactive|Serpi n_n has 60 seconds left.\n|inactive|LNumbers has 30 seconds left.\n|inactive|Serpi n_n has 30 seconds left.\n|\n|t:|1772976306\n|move|p1a: Starmie|Surf|p2a: Exeggutor\n|-resisted|p2a: Exeggutor\n|-damage|p2a: Exeggutor|56/100\n|move|p2a: Exeggutor|Psychic|p1a: Starmie\n|-resisted|p1a: Starmie\n|-damage|p1a: Starmie|63/100\n|\n|upkeep\n|turn|38\n|inactive|LNumbers has 30 seconds left.\n|\n|t:|1772976319\n|switch|p2a: Starmie|Starmie|100/100\n|move|p1a: Starmie|Recover|p1a: Starmie\n|-heal|p1a: Starmie|100/100\n|\n|upkeep\n|turn|39\n|\n|t:|1772976330\n|switch|p1a: Chansey|Chansey|69/100 par\n|move|p2a: Starmie|Thunder Wave|p1a: Chansey\n|-fail|p1a: Chansey|par\n|\n|upkeep\n|turn|40\n|inactive|LNumbers has 30 seconds left.\n|inactive|LNumbers has 20 seconds left.\n|inactive|LNumbers has 15 seconds left.\n|\n|t:|1772976362\n|switch|p2a: Snorlax|Snorlax|44/100 par\n|move|p1a: Chansey|Soft-Boiled|p1a: Chansey\n|-heal|p1a: Chansey|100/100 par\n|\n|upkeep\n|turn|41\n|inactive|LNumbers has 25 seconds left this turn.\n|inactive|LNumbers has 20 seconds left.\n|inactive|Serpi n_n has 30 seconds left.\n|inactive|Serpi n_n has 20 seconds left.\n|\n|t:|1772976401\n|switch|p1a: Snorlax|Snorlax|100/100\n|move|p2a: Snorlax|Rest|p2a: Snorlax\n|-status|p2a: Snorlax|slp|[from] move: Rest\n|-heal|p2a: Snorlax|100/100 slp|[silent]\n|\n|upkeep\n|turn|42\n|inactive|Serpi n_n has 30 seconds left this turn.\n|inactive|LNumbers has 30 seconds left this turn.\n|inactive|Serpi n_n has 20 seconds left.\n|inactive|Serpi n_n has 15 seconds left.\n|\n|t:|1772976419\n|move|p1a: Snorlax|Body Slam|p2a: Snorlax\n|-damage|p2a: Snorlax|73/100 slp\n|cant|p2a: Snorlax|slp\n|\n|upkeep\n|turn|43\n|inactive|Serpi n_n has 25 seconds left this turn.\n|inactive|LNumbers has 30 seconds left.\n|inactive|LNumbers has 20 seconds left.\n|\n|t:|1772976438\n|move|p1a: Snorlax|Body Slam|p2a: Snorlax\n|-damage|p2a: Snorlax|46/100 slp\n|-curestatus|p2a: Snorlax|slp|[msg]\n|\n|upkeep\n|turn|44\n|inactive|LNumbers has 30 seconds left this turn.\n|inactive|Serpi n_n has 30 seconds left.\n|\n|t:|1772976445\n|switch|p2a: Chansey|Chansey|100/100\n|move|p1a: Snorlax|Body Slam|p2a: Chansey\n|-damage|p2a: Chansey|61/100\n|\n|upkeep\n|turn|45\n|inactive|LNumbers has 30 seconds left.\n|inactive|Serpi n_n has 30 seconds left.\n|inactive|LNumbers has 20 seconds left.\n|\n|t:|1772976462\n|switch|p1a: Chansey|Chansey|100/100 par\n|move|p2a: Chansey|Soft-Boiled|p2a: Chansey\n|-heal|p2a: Chansey|100/100\n|\n|upkeep\n|turn|46\n|inactive|LNumbers has 30 seconds left this turn.\n|inactive|Serpi n_n has 30 seconds left.\n|inactive|LNumbers has 20 seconds left.\n|\n|t:|1772976474\n|switch|p2a: Alakazam|Alakazam|27/100 slp\n|cant|p1a: Chansey|par\n|\n|upkeep\n|turn|47\n|inactive|LNumbers has 30 seconds left this turn.\n|inactive|Serpi n_n has 30 seconds left.\n|\n|t:|1772976486\n|switch|p2a: Snorlax|Snorlax|46/100\n|move|p1a: Chansey|Ice Beam|p2a: Snorlax\n|-damage|p2a: Snorlax|28/100\n|\n|upkeep\n|turn|48\n|inactive|Serpi n_n has 30 seconds left.\n|inactive|LNumbers has 30 seconds left.\n|\n|t:|1772976503\n|switch|p1a: Snorlax|Snorlax|100/100\n|move|p2a: Snorlax|Self-Destruct|p1a: Snorlax\n|-damage|p1a: Snorlax|13/100\n|faint|p2a: Snorlax\n|\n|t:|1772976505\n|switch|p2a: Tauros|Tauros|100/100\n|turn|49\n|inactive|Serpi n_n has 30 seconds left.\n|inactive|Serpi n_n has 20 seconds left.\n|inactive|Serpi n_n has 15 seconds left.\n|inactive|Serpi n_n has 10 seconds left.\n|\n|t:|1772976542\n|switch|p1a: Jynx|Jynx|40/100 slp\n|move|p2a: Tauros|Body Slam|p1a: Jynx\n|-damage|p1a: Jynx|0 fnt\n|faint|p1a: Jynx\n|inactive|Serpi n_n has 15 seconds left this turn.\n|inactive|Serpi n_n has 10 seconds left.\n|\n|t:|1772976549\n|switch|p1a: Starmie|Starmie|100/100\n|turn|50\n|inactive|Serpi n_n has 20 seconds left this turn.\n|inactive|Serpi n_n has 15 seconds left.\n|inactive|LNumbers has 30 seconds left.\n|inactive|LNumbers has 20 seconds left.\n|inactive|LNumbers has 15 seconds left.\n|\n|t:|1772976591\n|switch|p2a: Chansey|Chansey|100/100\n|move|p1a: Starmie|Surf|p2a: Chansey\n|-damage|p2a: Chansey|85/100\n|\n|upkeep\n|turn|51\n|inactive|Serpi n_n has 25 seconds left this turn.\n|inactive|LNumbers has 25 seconds left this turn.\n|inactive|Serpi n_n has 20 seconds left.\n|inactive|LNumbers has 20 seconds left.\n|inactive|Serpi n_n has 15 seconds left.\n|inactive|LNumbers has 15 seconds left.\n|inactive|LNumbers has 10 seconds left.\n|\n|t:|1772976611\n|switch|p1a: Chansey|Chansey|100/100 par\n|switch|p2a: Exeggutor|Exeggutor|56/100\n|\n|upkeep\n|turn|52\n|inactive|Serpi n_n has 25 seconds left this turn.\n|inactive|LNumbers has 20 seconds left this turn.\n|inactive|Serpi n_n has 20 seconds left.\n|inactive|LNumbers has 15 seconds left.\n|inactive|Serpi n_n has 15 seconds left.\n|\n|t:|1772976625\n|move|p2a: Exeggutor|Explosion|p1a: Chansey\n|-damage|p1a: Chansey|1/100 par\n|faint|p2a: Exeggutor\n|inactive|LNumbers has 20 seconds left this turn.\n|\n|t:|1772976628\n|switch|p2a: Tauros|Tauros|100/100\n|turn|53\n|inactive|Serpi n_n has 30 seconds left this turn.\n|inactive|LNumbers has 30 seconds left this turn.\n|\n|t:|1772976634\n|move|p2a: Tauros|Body Slam|p1a: Chansey\n|-damage|p1a: Chansey|0 fnt\n|faint|p1a: Chansey\n|inactive|Serpi n_n has 30 seconds left this turn.\n|\n|t:|1772976641\n|switch|p1a: Alakazam|Alakazam|100/100\n|turn|54\n|inactive|Serpi n_n has 30 seconds left.\n|inactive|LNumbers has 30 seconds left.\n|\n|t:|1772976663\n|switch|p2a: Chansey|Chansey|85/100\n|move|p1a: Alakazam|Thunder Wave|p2a: Chansey\n|-status|p2a: Chansey|par\n|\n|upkeep\n|turn|55\n|inactive|Serpi n_n has 30 seconds left.\n|\n|t:|1772976679\n|move|p1a: Alakazam|Psychic|p2a: Chansey\n|-damage|p2a: Chansey|67/100 par\n|move|p2a: Chansey|Thunder Wave|p1a: Alakazam\n|-status|p1a: Alakazam|par\n|\n|upkeep\n|turn|56\n|inactive|Serpi n_n has 30 seconds left.\n|inactive|Serpi n_n has 20 seconds left.\n|inactive|LNumbers has 30 seconds left.\n|\n|t:|1772976702\n|move|p1a: Alakazam|Psychic|p2a: Chansey\n|-damage|p2a: Chansey|48/100 par\n|move|p2a: Chansey|Soft-Boiled|p2a: Chansey\n|-heal|p2a: Chansey|98/100 par\n|\n|upkeep\n|turn|57\n|inactive|Serpi n_n has 30 seconds left this turn.\n|\n|t:|1772976705\n|move|p1a: Alakazam|Psychic|p2a: Chansey\n|-damage|p2a: Chansey|79/100 par\n|-unboost|p2a: Chansey|spa|1\n|-unboost|p2a: Chansey|spd|1\n|cant|p2a: Chansey|par\n|\n|upkeep\n|turn|58\n|\n|t:|1772976714\n|move|p1a: Alakazam|Psychic|p2a: Chansey\n|-crit|p2a: Chansey\n|-damage|p2a: Chansey|41/100 par\n|move|p2a: Chansey|Seismic Toss|p1a: Alakazam\n|-damage|p1a: Alakazam|69/100 par\n|\n|upkeep\n|turn|59\n|inactive|LNumbers has 30 seconds left.\n|\n|t:|1772976734\n|move|p1a: Alakazam|Psychic|p2a: Chansey\n|-damage|p2a: Chansey|14/100 par\n|move|p2a: Chansey|Soft-Boiled|p2a: Chansey\n|-heal|p2a: Chansey|64/100 par\n|\n|upkeep\n|turn|60\n|inactive|LNumbers has 30 seconds left.\n|inactive|LNumbers has 20 seconds left.\n|\n|t:|1772976755\n|move|p1a: Alakazam|Recover|p1a: Alakazam\n|-heal|p1a: Alakazam|100/100 par\n|cant|p2a: Chansey|par\n|\n|upkeep\n|turn|61\n|inactive|LNumbers has 30 seconds left this turn.\n|\n|t:|1772976763\n|cant|p1a: Alakazam|par\n|move|p2a: Chansey|Soft-Boiled|p2a: Chansey\n|-hint|In Gen 1, recovery moves fail if (user's maximum HP - user's current HP + 1) is divisible by 256, unless the current hp is also divisible by 256.\n|-fail|p2a: Chansey\n|\n|upkeep\n|turn|62\n|inactive|Serpi n_n has 60 seconds left.\n|inactive|LNumbers has 30 seconds left.\n|inactive|LNumbers has 20 seconds left.\n|\n|t:|1772976782\n|move|p1a: Alakazam|Psychic|p2a: Chansey\n|-damage|p2a: Chansey|37/100 par\n|-unboost|p2a: Chansey|spa|1\n|-unboost|p2a: Chansey|spd|1\n|move|p2a: Chansey|Seismic Toss|p1a: Alakazam\n|-damage|p1a: Alakazam|69/100 par\n|\n|upkeep\n|turn|63\n|inactive|LNumbers has 30 seconds left this turn.\n|inactive|Serpi n_n has 60 seconds left.\n|inactive|LNumbers has 20 seconds left.\n|inactive|LNumbers has 15 seconds left.\n|\n|t:|1772976800\n|switch|p2a: Alakazam|Alakazam|27/100 slp\n|move|p1a: Alakazam|Recover|p1a: Alakazam\n|-heal|p1a: Alakazam|100/100 par\n|\n|upkeep\n|turn|64\n|inactive|LNumbers has 25 seconds left this turn.\n|inactive|Serpi n_n has 60 seconds left.\n|inactive|LNumbers has 20 seconds left.\n|inactive|LNumbers has 15 seconds left.\n|\n|t:|1772976813\n|-curestatus|p2a: Alakazam|slp|[msg]\n|move|p1a: Alakazam|Seismic Toss|p2a: Alakazam\n|-damage|p2a: Alakazam|0 fnt\n|faint|p2a: Alakazam\n|inactive|LNumbers has 20 seconds left this turn.\n|\n|t:|1772976818\n|switch|p2a: Chansey|Chansey|37/100 par\n|turn|65\n|inactive|LNumbers has 30 seconds left this turn.\n|\n|t:|1772976825\n|switch|p1a: Snorlax|Snorlax|13/100\n|cant|p2a: Chansey|par\n|\n|upkeep\n|turn|66\n|inactive|LNumbers has 30 seconds left.\n|inactive|LNumbers has 20 seconds left.\n|\n|t:|1772976841\n|switch|p2a: Starmie|Starmie|100/100\n|move|p1a: Snorlax|Self-Destruct|p2a: Starmie\n|-damage|p2a: Starmie|0 fnt\n|faint|p2a: Starmie\n|faint|p1a: Snorlax\n|inactive|LNumbers has 25 seconds left this turn.\n|inactive|LNumbers has 20 seconds left.\n|inactive|Serpi n_n has 60 seconds left.\n|inactive|Serpi n_n has 30 seconds left.\n|inactive|Serpi n_n has 20 seconds left.\n|inactive|Serpi n_n has 15 seconds left.\n|\n|t:|1772976902\n|switch|p2a: Tauros|Tauros|100/100\n|switch|p1a: Alakazam|Alakazam|100/100 par\n|turn|67\n|inactive|Serpi n_n has 25 seconds left this turn.\n|inactive|LNumbers has 30 seconds left this turn.\n|inactive|Serpi n_n has 20 seconds left.\n|inactive|LNumbers has 20 seconds left.\n|\n|t:|1772976912\n|move|p2a: Tauros|Body Slam|p1a: Alakazam\n|-damage|p1a: Alakazam|53/100 par\n|move|p1a: Alakazam|Thunder Wave|p2a: Tauros\n|-status|p2a: Tauros|par\n|\n|upkeep\n|turn|68\n|inactive|Serpi n_n has 30 seconds left this turn.\n|inactive|LNumbers has 30 seconds left this turn.\n|inactive|Serpi n_n has 20 seconds left.\n|inactive|Serpi n_n has 15 seconds left.\n|inactive|Serpi n_n has 10 seconds left.\n|inactive|LNumbers has 20 seconds left.\n|\n|t:|1772976933\n|switch|p1a: Starmie|Starmie|100/100\n|switch|p2a: Chansey|Chansey|37/100 par\n|\n|upkeep\n|turn|69\n|inactive|Serpi n_n has 20 seconds left this turn.\n|inactive|LNumbers has 30 seconds left this turn.\n|inactive|Serpi n_n has 15 seconds left.\n|\n|t:|1772976938\n|switch|p1a: Alakazam|Alakazam|53/100 par\n|move|p2a: Chansey|Soft-Boiled|p2a: Chansey\n|-heal|p2a: Chansey|87/100 par\n|\n|upkeep\n|turn|70\n|inactive|Serpi n_n has 25 seconds left this turn.\n|rated|Smogon Premier League\n|\n|t:|1772976944\n|cant|p1a: Alakazam|par\n|move|p2a: Chansey|Seismic Toss|p1a: Alakazam\n|-damage|p1a: Alakazam|21/100 par\n|\n|upkeep\n|turn|71\n|inactive|Serpi n_n has 30 seconds left.\n|\n|t:|1772976951\n|move|p1a: Alakazam|Recover|p1a: Alakazam\n|-heal|p1a: Alakazam|71/100 par\n|cant|p2a: Chansey|par\n|\n|upkeep\n|turn|72\n|\n|t:|1772976954\n|move|p1a: Alakazam|Recover|p1a: Alakazam\n|-heal|p1a: Alakazam|100/100 par\n|move|p2a: Chansey|Seismic Toss|p1a: Alakazam\n|-damage|p1a: Alakazam|69/100 par\n|\n|upkeep\n|turn|73\n|\n|t:|1772976959\n|move|p1a: Alakazam|Psychic|p2a: Chansey\n|-damage|p2a: Chansey|70/100 par\n|move|p2a: Chansey|Seismic Toss|p1a: Alakazam\n|-damage|p1a: Alakazam|37/100 par\n|\n|upkeep\n|turn|74\n|\n|t:|1772976966\n|cant|p1a: Alakazam|par\n|cant|p2a: Chansey|par\n|\n|upkeep\n|turn|75\n|\n|t:|1772976969\n|move|p1a: Alakazam|Recover|p1a: Alakazam\n|-heal|p1a: Alakazam|86/100 par\n|move|p2a: Chansey|Seismic Toss|p1a: Alakazam\n|-damage|p1a: Alakazam|54/100 par\n|\n|upkeep\n|turn|76\n|\n|t:|1772976978\n|move|p1a: Alakazam|Recover|p1a: Alakazam\n|-heal|p1a: Alakazam|100/100 par\n|move|p2a: Chansey|Soft-Boiled|p2a: Chansey\n|-heal|p2a: Chansey|100/100 par\n|\n|upkeep\n|turn|77\n|\n|t:|1772976979\n|cant|p1a: Alakazam|par\n|move|p2a: Chansey|Seismic Toss|p1a: Alakazam\n|-damage|p1a: Alakazam|69/100 par\n|\n|upkeep\n|turn|78\n|\n|t:|1772976983\n|move|p1a: Alakazam|Psychic|p2a: Chansey\n|-crit|p2a: Chansey\n|-damage|p2a: Chansey|67/100 par\n|-unboost|p2a: Chansey|spa|1\n|-unboost|p2a: Chansey|spd|1\n|move|p2a: Chansey|Seismic Toss|p1a: Alakazam\n|-damage|p1a: Alakazam|37/100 par\n|\n|upkeep\n|turn|79\n|\n|t:|1772977000\n|cant|p1a: Alakazam|par\n|move|p2a: Chansey|Seismic Toss|p1a: Alakazam\n|-damage|p1a: Alakazam|5/100 par\n|\n|upkeep\n|turn|80\n|inactive|LNumbers has 90 seconds left.\n|\n|t:|1772977033\n|move|p1a: Alakazam|Recover|p1a: Alakazam\n|-heal|p1a: Alakazam|54/100 par\n|cant|p2a: Chansey|par\n|\n|upkeep\n|turn|81\n|\n|t:|1772977037\n|cant|p1a: Alakazam|par\n|move|p2a: Chansey|Soft-Boiled|p2a: Chansey\n|-heal|p2a: Chansey|100/100 par\n|\n|upkeep\n|turn|82\n|\n|t:|1772977041\n|switch|p2a: Tauros|Tauros|100/100 par\n|move|p1a: Alakazam|Recover|p1a: Alakazam\n|-heal|p1a: Alakazam|100/100 par\n|\n|upkeep\n|turn|83\n|\n|t:|1772977045\n|switch|p2a: Chansey|Chansey|100/100 par\n|cant|p1a: Alakazam|par\n|\n|upkeep\n|turn|84\n|\n|t:|1772977050\n|move|p1a: Alakazam|Psychic|p2a: Chansey\n|-damage|p2a: Chansey|82/100 par\n|move|p2a: Chansey|Seismic Toss|p1a: Alakazam\n|-damage|p1a: Alakazam|69/100 par\n|\n|upkeep\n|turn|85\n|inactive|LNumbers has 120 seconds left.\n|\n|t:|1772977063\n|cant|p1a: Alakazam|par\n|cant|p2a: Chansey|par\n|\n|upkeep\n|turn|86\n|\n|t:|1772977066\n|move|p1a: Alakazam|Recover|p1a: Alakazam\n|-heal|p1a: Alakazam|100/100 par\n|move|p2a: Chansey|Seismic Toss|p1a: Alakazam\n|-damage|p1a: Alakazam|69/100 par\n|\n|upkeep\n|turn|87\n|\n|t:|1772977069\n|cant|p1a: Alakazam|par\n|move|p2a: Chansey|Seismic Toss|p1a: Alakazam\n|-damage|p1a: Alakazam|37/100 par\n|\n|upkeep\n|turn|88\n|\n|t:|1772977074\n|switch|p2a: Tauros|Tauros|100/100 par\n|move|p1a: Alakazam|Recover|p1a: Alakazam\n|-heal|p1a: Alakazam|86/100 par\n|\n|upkeep\n|turn|89\n|inactive|LNumbers has 150 seconds left.\n|inactive|Serpi n_n has 180 seconds left.\n|\n|t:|1772977095\n|switch|p1a: Starmie|Starmie|100/100\n|switch|p2a: Chansey|Chansey|82/100 par\n|\n|upkeep\n|turn|90\n|\n|t:|1772977101\n|switch|p1a: Alakazam|Alakazam|86/100 par\n|move|p2a: Chansey|Seismic Toss|p1a: Alakazam\n|-damage|p1a: Alakazam|54/100 par\n|\n|upkeep\n|turn|91\n|\n|t:|1772977104\n|switch|p2a: Tauros|Tauros|100/100 par\n|cant|p1a: Alakazam|par\n|\n|upkeep\n|turn|92\n|inactive|Serpi n_n has 180 seconds left.\n|inactive|LNumbers has 150 seconds left.\n|\n|t:|1772977141\n|move|p1a: Alakazam|Psychic|p2a: Tauros\n|-damage|p2a: Tauros|57/100 par\n|move|p2a: Tauros|Body Slam|p1a: Alakazam\n|-damage|p1a: Alakazam|8/100 par\n|\n|upkeep\n|turn|93\n|inactive|LNumbers has 150 seconds left.\n|\n|t:|1772977154\n|move|p1a: Alakazam|Psychic|p2a: Tauros\n|-crit|p2a: Tauros\n|-damage|p2a: Tauros|0 fnt\n|faint|p2a: Tauros\n|\n|t:|1772977158\n|switch|p2a: Chansey|Chansey|82/100 par\n|turn|94\n|\n|t:|1772977167\n|cant|p1a: Alakazam|par\n|move|p2a: Chansey|Seismic Toss|p1a: Alakazam\n|-damage|p1a: Alakazam|0 fnt\n|faint|p1a: Alakazam\n|inactive|Serpi n_n has 180 seconds left.\n|\n|t:|1772977178\n|switch|p1a: Tauros|Tauros|100/100\n|turn|95\n|\n|t:|1772977182\n|move|p1a: Tauros|Earthquake|p2a: Chansey\n|-crit|p2a: Chansey\n|-damage|p2a: Chansey|21/100 par\n|move|p2a: Chansey|Counter|p1a: Tauros\n|-fail|p2a: Chansey\n|\n|upkeep\n|turn|96\n|c|☆LNumbers|gg\n|inactive|LNumbers has 180 seconds left.\n|\n|t:|1772977188\n|move|p1a: Tauros|Body Slam|p2a: Chansey\n|-damage|p2a: Chansey|0 fnt\n|faint|p2a: Chansey\n|\n|win|Serpi n_n\n|c|☆Serpi n_n|gg\n|player|p1|\n|player|p1|Serpi n_n|#splxviibigs2|\n|player|p1|\n","uploadtime":1772977188,"views":"839","formatid":"gen1ou","rating":null,"private":0,"password":null}