{"id":"smogtours-gen1ou-819869","format":"[Gen 1] OU","players":["chuva de perereca","WarumFelix"],"log":"|inactive|Battle timer is ON: inactive players will automatically lose when time's up.\n|t:|1739611887\n|gametype|singles\n|player|p1|chuva de perereca|lyra|\n|player|p2|WarumFelix|hilbert|\n|teamsize|p1|6\n|teamsize|p2|6\n|gen|1\n|tier|[Gen 1] OU\n|rule|Desync Clause Mod: Desyncs changed to move failure.\n|rule|Sleep Clause Mod: Limit one foe put to sleep\n|rule|Freeze Clause Mod: Limit one foe frozen\n|rule|Species Clause: Limit one of each Pokémon\n|rule|OHKO Clause: OHKO moves are banned\n|rule|Evasion Moves Clause: Evasion moves are banned\n|rule|Endless Battle Clause: Forcing endless battles is banned\n|rule|HP Percentage Mod: HP is shown in percentages\n|\n|t:|1739611887\n|start\n|switch|p1a: Tauros|Tauros|100/100\n|switch|p2a: Starmie|Starmie|100/100\n|turn|1\n|c|☆WarumFelix|glhf\n|c|☆chuva de perereca|hf\n|inactive|WarumFelix has 270 seconds left.\n|inactive|WarumFelix has 240 seconds left.\n|\n|t:|1739611962\n|move|p2a: Starmie|Thunder Wave|p1a: Tauros\n|-status|p1a: Tauros|par\n|move|p1a: Tauros|Body Slam|p2a: Starmie\n|-crit|p2a: Starmie\n|-damage|p2a: Starmie|31/100\n|\n|upkeep\n|turn|2\n|inactive|WarumFelix has 270 seconds left.\n|\n|t:|1739611990\n|move|p2a: Starmie|Recover|p2a: Starmie\n|-heal|p2a: Starmie|81/100\n|move|p1a: Tauros|Body Slam|p2a: Starmie\n|-crit|p2a: Starmie\n|-damage|p2a: Starmie|19/100\n|-status|p2a: Starmie|par\n|\n|upkeep\n|turn|3\n|\n|t:|1739612000\n|cant|p2a: Starmie|par\n|move|p1a: Tauros|Thunderbolt|p2a: Starmie\n|-supereffective|p2a: Starmie\n|-damage|p2a: Starmie|0 fnt\n|faint|p2a: Starmie\n|inactive|WarumFelix has 270 seconds left.\n|inactive|WarumFelix has 240 seconds left.\n|\n|t:|1739612053\n|switch|p2a: Exeggutor|Exeggutor|100/100\n|turn|4\n|\n|t:|1739612057\n|move|p2a: Exeggutor|Psychic|p1a: Tauros\n|-damage|p1a: Tauros|53/100 par\n|-unboost|p1a: Tauros|spa|1\n|-unboost|p1a: Tauros|spd|1\n|cant|p1a: Tauros|par\n|\n|upkeep\n|turn|5\n|inactive|WarumFelix has 240 seconds left.\n|\n|t:|1739612099\n|move|p2a: Exeggutor|Psychic|p1a: Tauros\n|-damage|p1a: Tauros|0 fnt\n|faint|p1a: Tauros\n|\n|t:|1739612103\n|switch|p1a: Victreebel|Victreebel|100/100\n|turn|6\n|inactive|WarumFelix has 210 seconds left.\n|\n|t:|1739612133\n|move|p1a: Victreebel|Sleep Powder|p2a: Exeggutor\n|-status|p2a: Exeggutor|slp|[from] move: Sleep Powder\n|cant|p2a: Exeggutor|slp\n|\n|upkeep\n|turn|7\n|\n|t:|1739612140\n|move|p1a: Victreebel|Stun Spore|p2a: Exeggutor\n|-fail|p2a: Exeggutor\n|cant|p2a: Exeggutor|slp\n|\n|upkeep\n|turn|8\n|\n|t:|1739612144\n|move|p1a: Victreebel|Razor Leaf|p2a: Exeggutor\n|-crit|p2a: Exeggutor\n|-resisted|p2a: Exeggutor\n|-damage|p2a: Exeggutor|88/100 slp\n|cant|p2a: Exeggutor|slp\n|\n|upkeep\n|turn|9\n|\n|t:|1739612149\n|move|p1a: Victreebel|Stun Spore|p2a: Exeggutor\n|-fail|p2a: Exeggutor\n|cant|p2a: Exeggutor|slp\n|\n|upkeep\n|turn|10\n|\n|t:|1739612158\n|move|p1a: Victreebel|Stun Spore|p2a: Exeggutor\n|-fail|p2a: Exeggutor\n|-curestatus|p2a: Exeggutor|slp|[msg]\n|\n|upkeep\n|turn|11\n|inactive|WarumFelix has 240 seconds left.\n|\n|t:|1739612167\n|move|p1a: Victreebel|Sleep Powder|p2a: Exeggutor|[miss]\n|-miss|p1a: Victreebel\n|move|p2a: Exeggutor|Psychic|p1a: Victreebel\n|-crit|p1a: Victreebel\n|-supereffective|p1a: Victreebel\n|-damage|p1a: Victreebel|0 fnt\n|faint|p1a: Victreebel\n|\n|t:|1739612175\n|switch|p1a: Starmie|Starmie|100/100\n|turn|12\n|\n|t:|1739612178\n|switch|p2a: Chansey|Chansey|100/100\n|move|p1a: Starmie|Blizzard|p2a: Chansey\n|-damage|p2a: Chansey|88/100\n|\n|upkeep\n|turn|13\n|\n|t:|1739612191\n|move|p1a: Starmie|Thunder Wave|p2a: Chansey\n|-status|p2a: Chansey|par\n|move|p2a: Chansey|Sing|p1a: Starmie|[miss]\n|-miss|p2a: Chansey\n|\n|upkeep\n|turn|14\n|inactive|WarumFelix has 270 seconds left.\n|\n|t:|1739612204\n|switch|p1a: Snorlax|Snorlax|100/100\n|switch|p2a: Exeggutor|Exeggutor|88/100\n|\n|upkeep\n|turn|15\n|\n|t:|1739612209\n|move|p2a: Exeggutor|Sleep Powder|p1a: Snorlax|[miss]\n|-miss|p2a: Exeggutor\n|move|p1a: Snorlax|Self-Destruct|p2a: Exeggutor\n|-damage|p2a: Exeggutor|0 fnt\n|faint|p2a: Exeggutor\n|faint|p1a: Snorlax\n|inactive|WarumFelix has 270 seconds left.\n|\n|t:|1739612231\n|switch|p2a: Snorlax|Snorlax|100/100\n|switch|p1a: Dragonite|Dragonite|100/100\n|turn|16\n|\n|t:|1739612235\n|move|p1a: Dragonite|Wrap|p2a: Snorlax\n|-crit|p2a: Snorlax\n|-damage|p2a: Snorlax|93/100\n|cant|p2a: Snorlax|partiallytrapped\n|\n|upkeep\n|turn|17\n|\n|t:|1739612242\n|switch|p2a: Tauros|Tauros|100/100\n|move|p1a: Dragonite|Wrap|p2a: Tauros\n|-damage|p2a: Tauros|96/100\n|\n|upkeep\n|turn|18\n|inactive|WarumFelix has 270 seconds left.\n|\n|t:|1739612264\n|cant|p2a: Tauros|partiallytrapped\n|move|p1a: Dragonite|Wrap|p2a: Tauros|[from]Wrap\n|-damage|p2a: Tauros|91/100\n|\n|upkeep\n|turn|19\n|inactive|WarumFelix has 270 seconds left.\n|\n|t:|1739612280\n|cant|p2a: Tauros|partiallytrapped\n|move|p1a: Dragonite|Wrap|p2a: Tauros|[from]Wrap\n|-damage|p2a: Tauros|87/100\n|\n|upkeep\n|turn|20\n|\n|t:|1739612283\n|move|p2a: Tauros|Blizzard|p1a: Dragonite\n|-supereffective|p1a: Dragonite\n|-damage|p1a: Dragonite|20/100\n|move|p1a: Dragonite|Thunder Wave|p2a: Tauros\n|-status|p2a: Tauros|par\n|\n|upkeep\n|turn|21\n|\n|t:|1739612293\n|move|p1a: Dragonite|Wrap|p2a: Tauros|[miss]\n|-miss|p1a: Dragonite\n|move|p2a: Tauros|Body Slam|p1a: Dragonite\n|-damage|p1a: Dragonite|0 fnt\n|faint|p1a: Dragonite\n|\n|t:|1739612300\n|switch|p1a: Starmie|Starmie|100/100\n|turn|22\n|\n|t:|1739612303\n|switch|p2a: Chansey|Chansey|88/100 par\n|move|p1a: Starmie|Psychic|p2a: Chansey\n|-damage|p2a: Chansey|74/100 par\n|-unboost|p2a: Chansey|spa|1\n|-unboost|p2a: Chansey|spd|1\n|\n|upkeep\n|turn|23\n|\n|t:|1739612314\n|move|p1a: Starmie|Psychic|p2a: Chansey\n|-damage|p2a: Chansey|50/100 par\n|move|p2a: Chansey|Soft-Boiled|p2a: Chansey\n|-heal|p2a: Chansey|99/100 par\n|\n|upkeep\n|turn|24\n|\n|t:|1739612340\n|move|p1a: Starmie|Psychic|p2a: Chansey\n|-damage|p2a: Chansey|80/100 par\n|-unboost|p2a: Chansey|spa|1\n|-unboost|p2a: Chansey|spd|1\n|move|p2a: Chansey|Thunder Wave|p1a: Starmie\n|-status|p1a: Starmie|par\n|\n|upkeep\n|turn|25\n|\n|t:|1739612346\n|cant|p1a: Starmie|par\n|move|p2a: Chansey|Soft-Boiled|p2a: Chansey\n|-heal|p2a: Chansey|100/100 par\n|\n|upkeep\n|turn|26\n|\n|t:|1739612349\n|move|p1a: Starmie|Psychic|p2a: Chansey\n|-damage|p2a: Chansey|70/100 par\n|move|p2a: Chansey|Seismic Toss|p1a: Starmie\n|-damage|p1a: Starmie|70/100 par\n|\n|upkeep\n|turn|27\n|\n|t:|1739612352\n|move|p1a: Starmie|Psychic|p2a: Chansey\n|-damage|p2a: Chansey|39/100 par\n|-unboost|p2a: Chansey|spa|1\n|-unboost|p2a: Chansey|spd|1\n|move|p2a: Chansey|Soft-Boiled|p2a: Chansey\n|-heal|p2a: Chansey|89/100 par\n|\n|upkeep\n|turn|28\n|inactive|WarumFelix has 270 seconds left.\n|\n|t:|1739612401\n|switch|p2a: Tauros|Tauros|87/100 par\n|move|p1a: Starmie|Psychic|p2a: Tauros\n|-damage|p2a: Tauros|51/100 par\n|\n|upkeep\n|turn|29\n|\n|t:|1739612415\n|move|p1a: Starmie|Psychic|p2a: Tauros\n|-damage|p2a: Tauros|13/100 par\n|cant|p2a: Tauros|par\n|\n|upkeep\n|turn|30\n|\n|t:|1739612418\n|switch|p2a: Chansey|Chansey|89/100 par\n|move|p1a: Starmie|Recover|p1a: Starmie\n|-heal|p1a: Starmie|100/100 par\n|\n|upkeep\n|turn|31\n|\n|t:|1739612444\n|move|p1a: Starmie|Psychic|p2a: Chansey\n|-damage|p2a: Chansey|75/100 par\n|move|p2a: Chansey|Seismic Toss|p1a: Starmie\n|-damage|p1a: Starmie|70/100 par\n|\n|upkeep\n|turn|32\n|\n|t:|1739612448\n|cant|p1a: Starmie|par\n|move|p2a: Chansey|Soft-Boiled|p2a: Chansey\n|-heal|p2a: Chansey|100/100 par\n|\n|upkeep\n|turn|33\n|\n|t:|1739612450\n|cant|p1a: Starmie|par\n|move|p2a: Chansey|Seismic Toss|p1a: Starmie\n|-damage|p1a: Starmie|39/100 par\n|\n|upkeep\n|turn|34\n|\n|t:|1739612462\n|switch|p2a: Snorlax|Snorlax|93/100\n|move|p1a: Starmie|Thunder Wave|p2a: Snorlax\n|-status|p2a: Snorlax|par\n|\n|upkeep\n|turn|35\n|\n|t:|1739612474\n|switch|p2a: Chansey|Chansey|100/100 par\n|move|p1a: Starmie|Recover|p1a: Starmie\n|-heal|p1a: Starmie|88/100 par\n|\n|upkeep\n|turn|36\n|\n|t:|1739612479\n|move|p1a: Starmie|Thunder Wave|p2a: Chansey\n|-fail|p2a: Chansey|par\n|move|p2a: Chansey|Seismic Toss|p1a: Starmie\n|-damage|p1a: Starmie|57/100 par\n|\n|upkeep\n|turn|37\n|\n|t:|1739612480\n|move|p1a: Starmie|Recover|p1a: Starmie\n|-heal|p1a: Starmie|100/100 par\n|move|p2a: Chansey|Seismic Toss|p1a: Starmie\n|-damage|p1a: Starmie|70/100 par\n|\n|upkeep\n|turn|38\n|\n|t:|1739612486\n|move|p1a: Starmie|Recover|p1a: Starmie\n|-heal|p1a: Starmie|100/100 par\n|move|p2a: Chansey|Seismic Toss|p1a: Starmie\n|-damage|p1a: Starmie|70/100 par\n|\n|upkeep\n|turn|39\n|\n|t:|1739612490\n|move|p1a: Starmie|Recover|p1a: Starmie\n|-heal|p1a: Starmie|100/100 par\n|cant|p2a: Chansey|par\n|\n|upkeep\n|turn|40\n|\n|t:|1739612494\n|cant|p1a: Starmie|par\n|move|p2a: Chansey|Seismic Toss|p1a: Starmie\n|-damage|p1a: Starmie|70/100 par\n|\n|upkeep\n|turn|41\n|\n|t:|1739612503\n|move|p1a: Starmie|Recover|p1a: Starmie\n|-heal|p1a: Starmie|100/100 par\n|move|p2a: Chansey|Thunder Wave|p1a: Starmie\n|-fail|p1a: Starmie|par\n|\n|upkeep\n|turn|42\n|\n|t:|1739612508\n|cant|p1a: Starmie|par\n|move|p2a: Chansey|Seismic Toss|p1a: Starmie\n|-damage|p1a: Starmie|70/100 par\n|\n|upkeep\n|turn|43\n|\n|t:|1739612516\n|cant|p1a: Starmie|par\n|move|p2a: Chansey|Sing|p1a: Starmie|[miss]\n|-miss|p2a: Chansey\n|\n|upkeep\n|turn|44\n|\n|t:|1739612518\n|move|p1a: Starmie|Recover|p1a: Starmie\n|-heal|p1a: Starmie|100/100 par\n|move|p2a: Chansey|Thunder Wave|p1a: Starmie\n|-fail|p1a: Starmie|par\n|\n|upkeep\n|turn|45\n|\n|t:|1739612524\n|move|p1a: Starmie|Thunder Wave|p2a: Chansey\n|-fail|p2a: Chansey|par\n|move|p2a: Chansey|Seismic Toss|p1a: Starmie\n|-damage|p1a: Starmie|70/100 par\n|\n|upkeep\n|turn|46\n|\n|t:|1739612527\n|move|p1a: Starmie|Recover|p1a: Starmie\n|-heal|p1a: Starmie|100/100 par\n|move|p2a: Chansey|Thunder Wave|p1a: Starmie\n|-fail|p1a: Starmie|par\n|\n|upkeep\n|turn|47\n|\n|t:|1739612529\n|move|p1a: Starmie|Thunder Wave|p2a: Chansey\n|-fail|p2a: Chansey|par\n|move|p2a: Chansey|Sing|p1a: Starmie\n|-fail|p1a: Starmie\n|\n|upkeep\n|turn|48\n|\n|t:|1739612532\n|move|p1a: Starmie|Thunder Wave|p2a: Chansey\n|-fail|p2a: Chansey|par\n|cant|p2a: Chansey|par\n|\n|upkeep\n|turn|49\n|\n|t:|1739612535\n|cant|p1a: Starmie|par\n|cant|p2a: Chansey|par\n|\n|upkeep\n|turn|50\n|\n|t:|1739612537\n|cant|p1a: Starmie|par\n|move|p2a: Chansey|Thunder Wave|p1a: Starmie\n|-fail|p1a: Starmie|par\n|\n|upkeep\n|turn|51\n|\n|t:|1739612540\n|move|p1a: Starmie|Thunder Wave|p2a: Chansey\n|-fail|p2a: Chansey|par\n|move|p2a: Chansey|Thunder Wave|p1a: Starmie\n|-fail|p1a: Starmie|par\n|\n|upkeep\n|turn|52\n|\n|t:|1739612542\n|move|p1a: Starmie|Thunder Wave|p2a: Chansey\n|-fail|p2a: Chansey|par\n|cant|p2a: Chansey|par\n|\n|upkeep\n|turn|53\n|\n|t:|1739612551\n|move|p1a: Starmie|Thunder Wave|p2a: Chansey\n|-fail|p2a: Chansey|par\n|move|p2a: Chansey|Thunder Wave|p1a: Starmie\n|-fail|p1a: Starmie|par\n|\n|upkeep\n|turn|54\n|\n|t:|1739612556\n|move|p1a: Starmie|Thunder Wave|p2a: Chansey\n|-fail|p2a: Chansey|par\n|move|p2a: Chansey|Sing|p1a: Starmie\n|-fail|p1a: Starmie\n|\n|upkeep\n|turn|55\n|\n|t:|1739612572\n|cant|p1a: Starmie|par\n|move|p2a: Chansey|Thunder Wave|p1a: Starmie\n|-fail|p1a: Starmie|par\n|\n|upkeep\n|turn|56\n|\n|t:|1739612577\n|move|p1a: Starmie|Blizzard|p2a: Chansey\n|-crit|p2a: Chansey\n|-damage|p2a: Chansey|75/100 par\n|cant|p2a: Chansey|par\n|\n|upkeep\n|turn|57\n|\n|t:|1739612581\n|move|p1a: Starmie|Psychic|p2a: Chansey\n|-damage|p2a: Chansey|61/100 par\n|move|p2a: Chansey|Seismic Toss|p1a: Starmie\n|-damage|p1a: Starmie|70/100 par\n|\n|upkeep\n|turn|58\n|\n|t:|1739612585\n|move|p1a: Starmie|Psychic|p2a: Chansey\n|-damage|p2a: Chansey|47/100 par\n|move|p2a: Chansey|Soft-Boiled|p2a: Chansey\n|-heal|p2a: Chansey|97/100 par\n|\n|upkeep\n|turn|59\n|\n|t:|1739612591\n|move|p1a: Starmie|Recover|p1a: Starmie\n|-heal|p1a: Starmie|100/100 par\n|move|p2a: Chansey|Thunder Wave|p1a: Starmie\n|-fail|p1a: Starmie|par\n|\n|upkeep\n|turn|60\n|\n|t:|1739612596\n|cant|p1a: Starmie|par\n|move|p2a: Chansey|Sing|p1a: Starmie|[miss]\n|-miss|p2a: Chansey\n|\n|upkeep\n|turn|61\n|\n|t:|1739612598\n|move|p1a: Starmie|Blizzard|p2a: Chansey\n|-damage|p2a: Chansey|83/100 par\n|move|p2a: Chansey|Sing|p1a: Starmie\n|-fail|p1a: Starmie\n|\n|upkeep\n|turn|62\n|\n|t:|1739612601\n|move|p1a: Starmie|Psychic|p2a: Chansey\n|-crit|p2a: Chansey\n|-damage|p2a: Chansey|55/100 par\n|move|p2a: Chansey|Soft-Boiled|p2a: Chansey\n|-heal|p2a: Chansey|100/100 par\n|\n|upkeep\n|turn|63\n|\n|t:|1739612605\n|move|p1a: Starmie|Blizzard|p2a: Chansey\n|-crit|p2a: Chansey\n|-damage|p2a: Chansey|76/100 par\n|move|p2a: Chansey|Sing|p1a: Starmie|[miss]\n|-miss|p2a: Chansey\n|\n|upkeep\n|turn|64\n|\n|t:|1739612608\n|move|p1a: Starmie|Psychic|p2a: Chansey\n|-crit|p2a: Chansey\n|-damage|p2a: Chansey|46/100 par\n|cant|p2a: Chansey|par\n|\n|upkeep\n|turn|65\n|\n|t:|1739612612\n|move|p1a: Starmie|Psychic|p2a: Chansey\n|-damage|p2a: Chansey|31/100 par\n|cant|p2a: Chansey|par\n|\n|upkeep\n|turn|66\n|\n|t:|1739612617\n|move|p1a: Starmie|Psychic|p2a: Chansey\n|-damage|p2a: Chansey|15/100 par\n|move|p2a: Chansey|Soft-Boiled|p2a: Chansey\n|-heal|p2a: Chansey|65/100 par\n|\n|upkeep\n|turn|67\n|\n|t:|1739612620\n|cant|p1a: Starmie|par\n|move|p2a: Chansey|Soft-Boiled|p2a: Chansey\n|-heal|p2a: Chansey|100/100 par\n|\n|upkeep\n|turn|68\n|\n|t:|1739612625\n|move|p1a: Starmie|Thunder Wave|p2a: Chansey\n|-fail|p2a: Chansey|par\n|cant|p2a: Chansey|par\n|\n|upkeep\n|turn|69\n|\n|t:|1739612628\n|cant|p1a: Starmie|par\n|move|p2a: Chansey|Thunder Wave|p1a: Starmie\n|-fail|p1a: Starmie|par\n|\n|upkeep\n|turn|70\n|\n|t:|1739612630\n|cant|p1a: Starmie|par\n|cant|p2a: Chansey|par\n|\n|upkeep\n|turn|71\n|\n|t:|1739612631\n|move|p1a: Starmie|Thunder Wave|p2a: Chansey\n|-fail|p2a: Chansey|par\n|cant|p2a: Chansey|par\n|\n|upkeep\n|turn|72\n|\n|t:|1739612633\n|move|p1a: Starmie|Thunder Wave|p2a: Chansey\n|-fail|p2a: Chansey|par\n|move|p2a: Chansey|Sing|p1a: Starmie|[miss]\n|-miss|p2a: Chansey\n|\n|upkeep\n|turn|73\n|\n|t:|1739612634\n|move|p1a: Starmie|Thunder Wave|p2a: Chansey\n|-fail|p2a: Chansey|par\n|move|p2a: Chansey|Sing|p1a: Starmie\n|-fail|p1a: Starmie\n|\n|upkeep\n|turn|74\n|\n|t:|1739612636\n|move|p1a: Starmie|Thunder Wave|p2a: Chansey\n|-fail|p2a: Chansey|par\n|move|p2a: Chansey|Thunder Wave|p1a: Starmie\n|-fail|p1a: Starmie|par\n|\n|upkeep\n|turn|75\n|\n|t:|1739612637\n|move|p1a: Starmie|Thunder Wave|p2a: Chansey\n|-fail|p2a: Chansey|par\n|move|p2a: Chansey|Sing|p1a: Starmie\n|-fail|p1a: Starmie\n|\n|upkeep\n|turn|76\n|\n|t:|1739612639\n|cant|p1a: Starmie|par\n|cant|p2a: Chansey|par\n|\n|upkeep\n|turn|77\n|\n|t:|1739612641\n|move|p1a: Starmie|Thunder Wave|p2a: Chansey\n|-fail|p2a: Chansey|par\n|move|p2a: Chansey|Thunder Wave|p1a: Starmie\n|-fail|p1a: Starmie|par\n|\n|upkeep\n|turn|78\n|\n|t:|1739612643\n|move|p1a: Starmie|Thunder Wave|p2a: Chansey\n|-fail|p2a: Chansey|par\n|cant|p2a: Chansey|par\n|\n|upkeep\n|turn|79\n|\n|t:|1739612645\n|cant|p1a: Starmie|par\n|move|p2a: Chansey|Sing|p1a: Starmie|[miss]\n|-miss|p2a: Chansey\n|\n|upkeep\n|turn|80\n|\n|t:|1739612646\n|move|p1a: Starmie|Thunder Wave|p2a: Chansey\n|-fail|p2a: Chansey|par\n|move|p2a: Chansey|Sing|p1a: Starmie\n|-fail|p1a: Starmie\n|\n|upkeep\n|turn|81\n|\n|t:|1739612648\n|cant|p1a: Starmie|par\n|move|p2a: Chansey|Thunder Wave|p1a: Starmie\n|-fail|p1a: Starmie|par\n|\n|upkeep\n|turn|82\n|\n|t:|1739612651\n|move|p1a: Starmie|Thunder Wave|p2a: Chansey\n|-fail|p2a: Chansey|par\n|move|p2a: Chansey|Thunder Wave|p1a: Starmie\n|-fail|p1a: Starmie|par\n|\n|upkeep\n|turn|83\n|\n|t:|1739612656\n|move|p1a: Starmie|Thunder Wave|p2a: Chansey\n|-fail|p2a: Chansey|par\n|move|p2a: Chansey|Thunder Wave|p1a: Starmie\n|-fail|p1a: Starmie|par\n|\n|upkeep\n|turn|84\n|\n|t:|1739612663\n|move|p1a: Starmie|Thunder Wave|p2a: Chansey\n|-fail|p2a: Chansey|par\n|move|p2a: Chansey|Thunder Wave|p1a: Starmie\n|-fail|p1a: Starmie|par\n|\n|upkeep\n|turn|85\n|\n|t:|1739612665\n|cant|p1a: Starmie|par\n|move|p2a: Chansey|Sing|p1a: Starmie\n|-fail|p1a: Starmie\n|\n|upkeep\n|turn|86\n|\n|t:|1739612667\n|move|p1a: Starmie|Thunder Wave|p2a: Chansey\n|-fail|p2a: Chansey|par\n|move|p2a: Chansey|Sing|p1a: Starmie\n|-fail|p1a: Starmie\n|\n|upkeep\n|turn|87\n|\n|t:|1739612671\n|move|p1a: Starmie|Thunder Wave|p2a: Chansey\n|-fail|p2a: Chansey|par\n|move|p2a: Chansey|Thunder Wave|p1a: Starmie\n|-fail|p1a: Starmie|par\n|\n|upkeep\n|turn|88\n|\n|t:|1739612674\n|move|p1a: Starmie|Thunder Wave|p2a: Chansey\n|-fail|p2a: Chansey|par\n|cant|p2a: Chansey|par\n|\n|upkeep\n|turn|89\n|\n|t:|1739612677\n|cant|p1a: Starmie|par\n|move|p2a: Chansey|Thunder Wave|p1a: Starmie\n|-fail|p1a: Starmie|par\n|\n|upkeep\n|turn|90\n|\n|t:|1739612681\n|move|p1a: Starmie|Thunder Wave|p2a: Chansey\n|-fail|p2a: Chansey|par\n|cant|p2a: Chansey|par\n|\n|upkeep\n|turn|91\n|\n|t:|1739612683\n|move|p1a: Starmie|Thunder Wave|p2a: Chansey\n|-fail|p2a: Chansey|par\n|move|p2a: Chansey|Thunder Wave|p1a: Starmie\n|-fail|p1a: Starmie|par\n|\n|upkeep\n|turn|92\n|\n|t:|1739612684\n|move|p1a: Starmie|Thunder Wave|p2a: Chansey\n|-fail|p2a: Chansey|par\n|move|p2a: Chansey|Thunder Wave|p1a: Starmie\n|-fail|p1a: Starmie|par\n|\n|upkeep\n|turn|93\n|\n|t:|1739612686\n|move|p1a: Starmie|Thunder Wave|p2a: Chansey\n|-fail|p2a: Chansey|par\n|cant|p2a: Chansey|par\n|\n|upkeep\n|turn|94\n|\n|t:|1739612688\n|move|p1a: Starmie|Thunder Wave|p2a: Chansey\n|-fail|p2a: Chansey|par\n|move|p2a: Chansey|Seismic Toss|p1a: Starmie\n|-damage|p1a: Starmie|70/100 par\n|\n|upkeep\n|turn|95\n|\n|t:|1739612697\n|move|p1a: Starmie|Recover|p1a: Starmie\n|-heal|p1a: Starmie|100/100 par\n|move|p2a: Chansey|Thunder Wave|p1a: Starmie\n|-fail|p1a: Starmie|par\n|\n|upkeep\n|turn|96\n|\n|t:|1739612700\n|move|p1a: Starmie|Thunder Wave|p2a: Chansey\n|-fail|p2a: Chansey|par\n|cant|p2a: Chansey|par\n|\n|upkeep\n|turn|97\n|\n|t:|1739612707\n|move|p1a: Starmie|Thunder Wave|p2a: Chansey\n|-fail|p2a: Chansey|par\n|move|p2a: Chansey|Sing|p1a: Starmie|[miss]\n|-miss|p2a: Chansey\n|\n|upkeep\n|turn|98\n|\n|t:|1739612713\n|move|p1a: Starmie|Blizzard|p2a: Chansey|[miss]\n|-miss|p1a: Starmie\n|move|p2a: Chansey|Sing|p1a: Starmie|[miss]\n|-miss|p2a: Chansey\n|\n|upkeep\n|turn|99\n|\n|t:|1739612717\n|move|p1a: Starmie|Blizzard|p2a: Chansey\n|-damage|p2a: Chansey|88/100 par\n|move|p2a: Chansey|Seismic Toss|p1a: Starmie\n|-damage|p1a: Starmie|70/100 par\n|\n|upkeep\n|turn|100\n|\n|t:|1739612720\n|move|p1a: Starmie|Psychic|p2a: Chansey\n|-damage|p2a: Chansey|73/100 par\n|move|p2a: Chansey|Soft-Boiled|p2a: Chansey\n|-heal|p2a: Chansey|100/100 par\n|\n|upkeep\n|turn|101\n|\n|t:|1739612724\n|cant|p1a: Starmie|par\n|cant|p2a: Chansey|par\n|\n|upkeep\n|turn|102\n|\n|t:|1739612727\n|cant|p1a: Starmie|par\n|move|p2a: Chansey|Thunder Wave|p1a: Starmie\n|-fail|p1a: Starmie|par\n|\n|upkeep\n|turn|103\n|\n|t:|1739612730\n|move|p1a: Starmie|Recover|p1a: Starmie\n|-heal|p1a: Starmie|100/100 par\n|move|p2a: Chansey|Thunder Wave|p1a: Starmie\n|-fail|p1a: Starmie|par\n|\n|upkeep\n|turn|104\n|\n|t:|1739612733\n|move|p1a: Starmie|Blizzard|p2a: Chansey|[miss]\n|-miss|p1a: Starmie\n|move|p2a: Chansey|Seismic Toss|p1a: Starmie\n|-damage|p1a: Starmie|70/100 par\n|\n|upkeep\n|turn|105\n|\n|t:|1739612741\n|cant|p1a: Starmie|par\n|move|p2a: Chansey|Thunder Wave|p1a: Starmie\n|-fail|p1a: Starmie|par\n|\n|upkeep\n|turn|106\n|\n|t:|1739612744\n|move|p1a: Starmie|Recover|p1a: Starmie\n|-heal|p1a: Starmie|100/100 par\n|move|p2a: Chansey|Sing|p1a: Starmie\n|-fail|p1a: Starmie\n|\n|upkeep\n|turn|107\n|\n|t:|1739612750\n|move|p1a: Starmie|Recover|p1a: Starmie\n|-fail|p1a: Starmie\n|move|p2a: Chansey|Seismic Toss|p1a: Starmie\n|-damage|p1a: Starmie|70/100 par\n|\n|upkeep\n|turn|108\n|\n|t:|1739612758\n|cant|p1a: Starmie|par\n|cant|p2a: Chansey|par\n|\n|upkeep\n|turn|109\n|\n|t:|1739612760\n|move|p1a: Starmie|Recover|p1a: Starmie\n|-heal|p1a: Starmie|100/100 par\n|move|p2a: Chansey|Thunder Wave|p1a: Starmie\n|-fail|p1a: Starmie|par\n|\n|upkeep\n|turn|110\n|\n|t:|1739612763\n|move|p1a: Starmie|Recover|p1a: Starmie\n|-fail|p1a: Starmie\n|move|p2a: Chansey|Sing|p1a: Starmie\n|-fail|p1a: Starmie\n|\n|upkeep\n|turn|111\n|\n|t:|1739612766\n|move|p1a: Starmie|Recover|p1a: Starmie\n|-fail|p1a: Starmie\n|move|p2a: Chansey|Sing|p1a: Starmie|[miss]\n|-miss|p2a: Chansey\n|\n|upkeep\n|turn|112\n|\n|t:|1739612773\n|move|p1a: Starmie|Recover|p1a: Starmie\n|-fail|p1a: Starmie\n|move|p2a: Chansey|Thunder Wave|p1a: Starmie\n|-fail|p1a: Starmie|par\n|\n|upkeep\n|turn|113\n|\n|t:|1739612776\n|move|p1a: Starmie|Recover|p1a: Starmie\n|-fail|p1a: Starmie\n|move|p2a: Chansey|Sing|p1a: Starmie|[miss]\n|-miss|p2a: Chansey\n|\n|upkeep\n|turn|114\n|\n|t:|1739612780\n|move|p1a: Starmie|Recover|p1a: Starmie\n|-fail|p1a: Starmie\n|move|p2a: Chansey|Soft-Boiled|p2a: Chansey\n|-fail|p2a: Chansey\n|\n|upkeep\n|turn|115\n|\n|t:|1739612783\n|move|p1a: Starmie|Recover|p1a: Starmie\n|-fail|p1a: Starmie\n|move|p2a: Chansey|Thunder Wave|p1a: Starmie\n|-fail|p1a: Starmie|par\n|\n|upkeep\n|turn|116\n|\n|t:|1739612785\n|move|p1a: Starmie|Recover|p1a: Starmie\n|-fail|p1a: Starmie\n|move|p2a: Chansey|Soft-Boiled|p2a: Chansey\n|-fail|p2a: Chansey\n|\n|upkeep\n|turn|117\n|\n|t:|1739612787\n|cant|p1a: Starmie|par\n|move|p2a: Chansey|Seismic Toss|p1a: Starmie\n|-damage|p1a: Starmie|70/100 par\n|\n|upkeep\n|turn|118\n|\n|t:|1739612789\n|move|p1a: Starmie|Recover|p1a: Starmie\n|-heal|p1a: Starmie|100/100 par\n|move|p2a: Chansey|Seismic Toss|p1a: Starmie\n|-damage|p1a: Starmie|70/100 par\n|\n|upkeep\n|turn|119\n|\n|t:|1739612791\n|move|p1a: Starmie|Recover|p1a: Starmie\n|-heal|p1a: Starmie|100/100 par\n|cant|p2a: Chansey|par\n|\n|upkeep\n|turn|120\n|\n|t:|1739612793\n|cant|p1a: Starmie|par\n|move|p2a: Chansey|Seismic Toss|p1a: Starmie\n|-damage|p1a: Starmie|70/100 par\n|\n|upkeep\n|turn|121\n|\n|t:|1739612797\n|move|p1a: Starmie|Recover|p1a: Starmie\n|-heal|p1a: Starmie|100/100 par\n|move|p2a: Chansey|Seismic Toss|p1a: Starmie\n|-damage|p1a: Starmie|70/100 par\n|\n|upkeep\n|turn|122\n|\n|t:|1739612802\n|cant|p1a: Starmie|par\n|move|p2a: Chansey|Sing|p1a: Starmie\n|-fail|p1a: Starmie\n|\n|upkeep\n|turn|123\n|\n|t:|1739612805\n|move|p1a: Starmie|Recover|p1a: Starmie\n|-heal|p1a: Starmie|100/100 par\n|move|p2a: Chansey|Sing|p1a: Starmie|[miss]\n|-miss|p2a: Chansey\n|\n|upkeep\n|turn|124\n|\n|t:|1739612809\n|cant|p1a: Starmie|par\n|move|p2a: Chansey|Seismic Toss|p1a: Starmie\n|-damage|p1a: Starmie|70/100 par\n|\n|upkeep\n|turn|125\n|\n|t:|1739612811\n|move|p1a: Starmie|Recover|p1a: Starmie\n|-heal|p1a: Starmie|100/100 par\n|cant|p2a: Chansey|par\n|\n|upkeep\n|turn|126\n|\n|t:|1739612816\n|cant|p1a: Starmie|par\n|move|p2a: Chansey|Sing|p1a: Starmie\n|-fail|p1a: Starmie\n|\n|upkeep\n|turn|127\n|\n|t:|1739612820\n|move|p1a: Starmie|Recover|p1a: Starmie\n|-fail|p1a: Starmie\n|move|p2a: Chansey|Sing|p1a: Starmie\n|-fail|p1a: Starmie\n|\n|upkeep\n|turn|128\n|\n|t:|1739612826\n|cant|p1a: Starmie|par\n|move|p2a: Chansey|Thunder Wave|p1a: Starmie\n|-fail|p1a: Starmie|par\n|\n|upkeep\n|turn|129\n|\n|t:|1739612830\n|move|p1a: Starmie|Recover|p1a: Starmie\n|-fail|p1a: Starmie\n|cant|p2a: Chansey|par\n|\n|upkeep\n|turn|130\n|\n|t:|1739612835\n|cant|p1a: Starmie|par\n|cant|p2a: Chansey|par\n|\n|upkeep\n|turn|131\n|\n|t:|1739612843\n|move|p1a: Starmie|Recover|p1a: Starmie\n|-fail|p1a: Starmie\n|move|p2a: Chansey|Seismic Toss|p1a: Starmie\n|-damage|p1a: Starmie|70/100 par\n|\n|upkeep\n|turn|132\n|\n|t:|1739612846\n|move|p1a: Starmie|Recover|p1a: Starmie\n|-heal|p1a: Starmie|100/100 par\n|move|p2a: Chansey|Seismic Toss|p1a: Starmie\n|-damage|p1a: Starmie|70/100 par\n|\n|upkeep\n|turn|133\n|\n|t:|1739612850\n|cant|p1a: Starmie|par\n|move|p2a: Chansey|Seismic Toss|p1a: Starmie\n|-damage|p1a: Starmie|39/100 par\n|\n|upkeep\n|turn|134\n|\n|t:|1739612853\n|move|p1a: Starmie|Recover|p1a: Starmie\n|-heal|p1a: Starmie|88/100 par\n|cant|p2a: Chansey|par\n|\n|upkeep\n|turn|135\n|\n|t:|1739612858\n|move|p1a: Starmie|Recover|p1a: Starmie\n|-heal|p1a: Starmie|100/100 par\n|move|p2a: Chansey|Seismic Toss|p1a: Starmie\n|-damage|p1a: Starmie|70/100 par\n|\n|upkeep\n|turn|136\n|\n|t:|1739612861\n|move|p1a: Starmie|Blizzard|p2a: Chansey\n|-damage|p2a: Chansey|89/100 par\n|cant|p2a: Chansey|par\n|\n|upkeep\n|turn|137\n|\n|t:|1739612866\n|move|p1a: Starmie|Psychic|p2a: Chansey\n|-damage|p2a: Chansey|75/100 par\n|move|p2a: Chansey|Thunder Wave|p1a: Starmie\n|-fail|p1a: Starmie|par\n|\n|upkeep\n|turn|138\n|\n|t:|1739612870\n|move|p1a: Starmie|Struggle|p2a: Chansey\n|-damage|p2a: Chansey|63/100 par\n|-damage|p1a: Starmie|56/100 par|[from] Recoil|[of] p2a: Chansey\n|move|p2a: Chansey|Thunder Wave|p1a: Starmie\n|-fail|p1a: Starmie|par\n|\n|upkeep\n|turn|139\n|\n|t:|1739612872\n|cant|p1a: Starmie|par\n|cant|p2a: Chansey|par\n|\n|upkeep\n|turn|140\n|\n|t:|1739612874\n|move|p1a: Starmie|Struggle|p2a: Chansey\n|-damage|p2a: Chansey|51/100 par\n|-damage|p1a: Starmie|43/100 par|[from] Recoil|[of] p2a: Chansey\n|move|p2a: Chansey|Soft-Boiled|p2a: Chansey\n|-heal|p2a: Chansey|100/100 par\n|\n|upkeep\n|turn|141\n|\n|t:|1739612883\n|switch|p2a: Rhydon|Rhydon|100/100\n|move|p1a: Starmie|Struggle|p2a: Rhydon\n|-resisted|p2a: Rhydon\n|-damage|p2a: Rhydon|97/100\n|-damage|p1a: Starmie|41/100 par|[from] Recoil|[of] p2a: Rhydon\n|\n|upkeep\n|turn|142\n|-message|chuva de perereca forfeited.\n|\n|win|WarumFelix\n|player|p1|\n|c|☆WarumFelix|ggs\n","uploadtime":1739612888,"views":"1816","formatid":"gen1ou","rating":null,"private":0,"password":null}