{"id":"smogtours-gen1ou-900670","format":"[Gen 1] OU","players":["nicole7735","Isza"],"log":"|inactive|Battle timer is ON: inactive players will automatically lose when time's up.\n|t:|1768783102\n|gametype|singles\n|player|p1|nicole7735|#splxviiscooters|\n|player|p2|Isza|shadowtriad|\n|gen|1\n|tier|[Gen 1] OU\n|rule|Desync Clause Mod: Desyncs changed to move failure.\n|rule|Sleep Clause Mod: Limit one foe put to sleep\n|rule|Freeze Clause Mod: Limit one foe frozen\n|rule|Species Clause: Limit one of each Pokémon\n|rule|OHKO Clause: OHKO moves are banned\n|rule|Evasion Moves Clause: Evasion moves are banned\n|rule|Endless Battle Clause: Forcing endless battles is banned\n|rule|HP Percentage Mod: HP is shown in percentages\n|\n|t:|1768783102\n|teamsize|p1|6\n|teamsize|p2|6\n|start\n|switch|p1a: Jynx|Jynx|100/100\n|switch|p2a: Gengar|Gengar|100/100\n|turn|1\n|c|☆nicole7735|hf\n|c|☆Isza|hf\n|\n|t:|1768783131\n|move|p2a: Gengar|Hypnosis|p1a: Jynx\n|-status|p1a: Jynx|slp|[from] move: Hypnosis\n|cant|p1a: Jynx|slp\n|\n|upkeep\n|turn|2\n|\n|t:|1768783140\n|switch|p1a: Chansey|Chansey|100/100\n|move|p2a: Gengar|Night Shade|p1a: Chansey\n|-damage|p1a: Chansey|86/100\n|\n|upkeep\n|turn|3\n|\n|t:|1768783145\n|move|p2a: Gengar|Explosion|p1a: Chansey\n|-damage|p1a: Chansey|9/100\n|faint|p2a: Gengar\n|inactive|Isza has 270 seconds left.\n|\n|t:|1768783178\n|switch|p2a: Tauros|Tauros|100/100\n|turn|4\n|inactive|Isza has 270 seconds left.\n|\n|t:|1768783200\n|switch|p1a: Starmie|Starmie|100/100\n|move|p2a: Tauros|Body Slam|p1a: Starmie\n|-damage|p1a: Starmie|67/100\n|-status|p1a: Starmie|par\n|\n|upkeep\n|turn|5\n|inactive|Isza has 270 seconds left.\n|\n|t:|1768783213\n|move|p2a: Tauros|Body Slam|p1a: Starmie\n|-damage|p1a: Starmie|30/100 par\n|move|p1a: Starmie|Thunder Wave|p2a: Tauros\n|-status|p2a: Tauros|par\n|\n|upkeep\n|turn|6\n|\n|t:|1768783217\n|move|p1a: Starmie|Recover|p1a: Starmie\n|-heal|p1a: Starmie|80/100 par\n|cant|p2a: Tauros|par\n|\n|upkeep\n|turn|7\n|\n|t:|1768783223\n|switch|p2a: Chansey|Chansey|100/100\n|move|p1a: Starmie|Psychic|p2a: Chansey\n|-damage|p2a: Chansey|87/100\n|\n|upkeep\n|turn|8\n|\n|t:|1768783228\n|move|p2a: Chansey|Seismic Toss|p1a: Starmie\n|-damage|p1a: Starmie|49/100 par\n|cant|p1a: Starmie|par\n|\n|upkeep\n|turn|9\n|\n|t:|1768783232\n|move|p2a: Chansey|Seismic Toss|p1a: Starmie\n|-damage|p1a: Starmie|18/100 par\n|cant|p1a: Starmie|par\n|\n|upkeep\n|turn|10\n|rated|Smogon Premier League\n|inactive|nicole7735 has 270 seconds left.\n|inactive|nicole7735 has 240 seconds left.\n|inactive|nicole7735 has 210 seconds left.\n|inactive|nicole7735 has 180 seconds left.\n|inactive|nicole7735 has 150 seconds left.\n|\n|t:|1768783406\n|move|p2a: Chansey|Seismic Toss|p1a: Starmie\n|-damage|p1a: Starmie|0 fnt\n|faint|p1a: Starmie\n|\n|t:|1768783408\n|switch|p1a: Chansey|Chansey|9/100\n|turn|11\n|\n|t:|1768783414\n|move|p1a: Chansey|Soft-Boiled|p1a: Chansey\n|-heal|p1a: Chansey|59/100\n|move|p2a: Chansey|Seismic Toss|p1a: Chansey\n|-damage|p1a: Chansey|45/100\n|\n|upkeep\n|turn|12\n|\n|t:|1768783418\n|move|p1a: Chansey|Thunder Wave|p2a: Chansey\n|-status|p2a: Chansey|par\n|move|p2a: Chansey|Thunder Wave|p1a: Chansey\n|-status|p1a: Chansey|par\n|\n|upkeep\n|turn|13\n|\n|t:|1768783422\n|switch|p2a: Tauros|Tauros|100/100 par\n|move|p1a: Chansey|Soft-Boiled|p1a: Chansey\n|-heal|p1a: Chansey|95/100 par\n|\n|upkeep\n|turn|14\n|\n|t:|1768783428\n|switch|p1a: Snorlax|Snorlax|100/100\n|cant|p2a: Tauros|par\n|\n|upkeep\n|turn|15\n|\n|t:|1768783450\n|move|p1a: Snorlax|Body Slam|p2a: Tauros\n|-damage|p2a: Tauros|70/100 par\n|move|p2a: Tauros|Body Slam|p1a: Snorlax\n|-damage|p1a: Snorlax|77/100\n|\n|upkeep\n|turn|16\n|\n|t:|1768783458\n|move|p1a: Snorlax|Reflect|p1a: Snorlax\n|-start|p1a: Snorlax|Reflect\n|move|p2a: Tauros|Body Slam|p1a: Snorlax\n|-damage|p1a: Snorlax|66/100\n|\n|upkeep\n|turn|17\n|\n|t:|1768783467\n|switch|p2a: Starmie|Starmie|100/100\n|move|p1a: Snorlax|Body Slam|p2a: Starmie\n|-damage|p2a: Starmie|64/100\n|\n|upkeep\n|turn|18\n|inactive|nicole7735 has 210 seconds left.\n|inactive|nicole7735 has 180 seconds left.\n|\n|t:|1768783513\n|switch|p1a: Chansey|Chansey|95/100 par\n|move|p2a: Starmie|Recover|p2a: Starmie\n|-heal|p2a: Starmie|100/100\n|\n|upkeep\n|turn|19\n|\n|t:|1768783519\n|move|p2a: Starmie|Surf|p1a: Chansey\n|-crit|p1a: Chansey\n|-damage|p1a: Chansey|64/100 par\n|move|p1a: Chansey|Ice Beam|p2a: Starmie\n|-resisted|p2a: Starmie\n|-damage|p2a: Starmie|88/100\n|\n|upkeep\n|turn|20\n|\n|t:|1768783528\n|switch|p2a: Tauros|Tauros|70/100 par\n|move|p1a: Chansey|Ice Beam|p2a: Tauros\n|-damage|p2a: Tauros|42/100 par\n|\n|upkeep\n|turn|21\n|\n|t:|1768783535\n|switch|p1a: Snorlax|Snorlax|66/100\n|move|p2a: Tauros|Body Slam|p1a: Snorlax\n|-damage|p1a: Snorlax|40/100\n|\n|upkeep\n|turn|22\n|\n|t:|1768783558\n|move|p1a: Snorlax|Reflect|p1a: Snorlax\n|-start|p1a: Snorlax|Reflect\n|move|p2a: Tauros|Blizzard|p1a: Snorlax\n|-damage|p1a: Snorlax|20/100\n|\n|upkeep\n|turn|23\n|\n|t:|1768783566\n|switch|p2a: Exeggutor|Exeggutor|100/100\n|move|p1a: Snorlax|Rest|p1a: Snorlax\n|-status|p1a: Snorlax|slp|[from] move: Rest\n|-heal|p1a: Snorlax|100/100 slp|[silent]\n|\n|upkeep\n|turn|24\n|\n|t:|1768783575\n|switch|p1a: Chansey|Chansey|64/100 par\n|move|p2a: Exeggutor|Psychic|p1a: Chansey\n|-damage|p1a: Chansey|48/100 par\n|\n|upkeep\n|turn|25\n|\n|t:|1768783580\n|switch|p2a: Tauros|Tauros|42/100 par\n|move|p1a: Chansey|Soft-Boiled|p1a: Chansey\n|-heal|p1a: Chansey|98/100 par\n|\n|upkeep\n|turn|26\n|\n|t:|1768783586\n|switch|p1a: Snorlax|Snorlax|100/100 slp\n|move|p2a: Tauros|Body Slam|p1a: Snorlax\n|-crit|p1a: Snorlax\n|-damage|p1a: Snorlax|55/100 slp\n|\n|upkeep\n|turn|27\n|\n|t:|1768783591\n|cant|p1a: Snorlax|slp\n|move|p2a: Tauros|Body Slam|p1a: Snorlax\n|-damage|p1a: Snorlax|31/100 slp\n|\n|upkeep\n|turn|28\n|\n|t:|1768783596\n|switch|p1a: Rhydon|Rhydon|100/100\n|move|p2a: Tauros|Hyper Beam|p1a: Rhydon\n|-resisted|p1a: Rhydon\n|-damage|p1a: Rhydon|82/100\n|-mustrecharge|p2a: Tauros\n|\n|upkeep\n|turn|29\n|\n|t:|1768783600\n|move|p1a: Rhydon|Earthquake|p2a: Tauros\n|-damage|p2a: Tauros|3/100 par\n|cant|p2a: Tauros|recharge\n|\n|upkeep\n|turn|30\n|\n|t:|1768783607\n|switch|p2a: Exeggutor|Exeggutor|100/100\n|move|p1a: Rhydon|Body Slam|p2a: Exeggutor\n|-damage|p2a: Exeggutor|79/100\n|\n|upkeep\n|turn|31\n|\n|t:|1768783613\n|switch|p2a: Snorlax|Snorlax|100/100\n|switch|p1a: Jynx|Jynx|100/100 slp\n|\n|upkeep\n|turn|32\n|inactive|nicole7735 has 270 seconds left.\n|\n|t:|1768783621\n|switch|p1a: Rhydon|Rhydon|82/100\n|move|p2a: Snorlax|Body Slam|p1a: Rhydon\n|-resisted|p1a: Rhydon\n|-damage|p1a: Rhydon|72/100\n|\n|upkeep\n|turn|33\n|\n|t:|1768783625\n|switch|p2a: Exeggutor|Exeggutor|79/100\n|move|p1a: Rhydon|Earthquake|p2a: Exeggutor\n|-resisted|p2a: Exeggutor\n|-damage|p2a: Exeggutor|61/100\n|\n|upkeep\n|turn|34\n|\n|t:|1768783629\n|switch|p2a: Snorlax|Snorlax|100/100\n|switch|p1a: Chansey|Chansey|98/100 par\n|\n|upkeep\n|turn|35\n|\n|t:|1768783641\n|move|p2a: Snorlax|Earthquake|p1a: Chansey\n|-crit|p1a: Chansey\n|-damage|p1a: Chansey|40/100 par\n|cant|p1a: Chansey|par\n|\n|upkeep\n|turn|36\n|\n|t:|1768783655\n|switch|p1a: Rhydon|Rhydon|72/100\n|move|p2a: Snorlax|Body Slam|p1a: Rhydon\n|-resisted|p1a: Rhydon\n|-damage|p1a: Rhydon|60/100\n|\n|upkeep\n|turn|37\n|\n|t:|1768783678\n|move|p1a: Rhydon|Earthquake|p2a: Snorlax\n|-crit|p2a: Snorlax\n|-damage|p2a: Snorlax|33/100\n|move|p2a: Snorlax|Earthquake|p1a: Rhydon\n|-supereffective|p1a: Rhydon\n|-damage|p1a: Rhydon|21/100\n|\n|upkeep\n|turn|38\n|\n|t:|1768783692\n|switch|p1a: Chansey|Chansey|40/100 par\n|switch|p2a: Tauros|Tauros|3/100 par\n|\n|upkeep\n|turn|39\n|inactive|nicole7735 has 270 seconds left.\n|\n|t:|1768783745\n|switch|p1a: Tauros|Tauros|100/100\n|move|p2a: Tauros|Hyper Beam|p1a: Tauros\n|-crit|p1a: Tauros\n|-damage|p1a: Tauros|6/100\n|-mustrecharge|p2a: Tauros\n|\n|upkeep\n|turn|40\n|\n|t:|1768783751\n|move|p1a: Tauros|Body Slam|p2a: Tauros\n|-crit|p2a: Tauros\n|-damage|p2a: Tauros|0 fnt\n|faint|p2a: Tauros\n|\n|t:|1768783764\n|switch|p2a: Starmie|Starmie|88/100\n|turn|41\n|inactive|nicole7735 has 270 seconds left.\n|inactive|nicole7735 has 240 seconds left.\n|inactive|nicole7735 has 210 seconds left.\n|\n|t:|1768783842\n|switch|p1a: Snorlax|Snorlax|31/100 slp\n|move|p2a: Starmie|Surf|p1a: Snorlax\n|-damage|p1a: Snorlax|2/100 slp\n|\n|upkeep\n|turn|42\n|\n|t:|1768783848\n|move|p2a: Starmie|Surf|p1a: Snorlax\n|-damage|p1a: Snorlax|0 fnt\n|faint|p1a: Snorlax\n|\n|t:|1768783851\n|switch|p1a: Chansey|Chansey|40/100 par\n|turn|43\n|inactive|nicole7735 has 210 seconds left.\n|\n|t:|1768783871\n|switch|p2a: Snorlax|Snorlax|33/100\n|move|p1a: Chansey|Thunder Wave|p2a: Snorlax\n|-status|p2a: Snorlax|par\n|\n|upkeep\n|turn|44\n|inactive|nicole7735 has 210 seconds left.\n|\n|t:|1768783889\n|move|p1a: Chansey|Soft-Boiled|p1a: Chansey\n|-heal|p1a: Chansey|90/100 par\n|move|p2a: Snorlax|Earthquake|p1a: Chansey\n|-damage|p1a: Chansey|58/100 par\n|\n|upkeep\n|turn|45\n|inactive|nicole7735 has 180 seconds left.\n|\n|t:|1768783924\n|move|p1a: Chansey|Ice Beam|p2a: Snorlax\n|-damage|p2a: Snorlax|14/100 par\n|cant|p2a: Snorlax|par\n|\n|upkeep\n|turn|46\n|\n|t:|1768783933\n|move|p1a: Chansey|Ice Beam|p2a: Snorlax\n|-damage|p2a: Snorlax|0 fnt\n|faint|p2a: Snorlax\n|\n|t:|1768783935\n|switch|p2a: Exeggutor|Exeggutor|61/100\n|turn|47\n|inactive|nicole7735 has 180 seconds left.\n|inactive|Isza has 270 seconds left.\n|inactive|nicole7735 has 150 seconds left.\n|inactive|Isza has 240 seconds left.\n|inactive|nicole7735 has 120 seconds left.\n|\n|t:|1768784026\n|move|p2a: Exeggutor|Psychic|p1a: Chansey\n|-damage|p1a: Chansey|41/100 par\n|-unboost|p1a: Chansey|spa|1\n|-unboost|p1a: Chansey|spd|1\n|move|p1a: Chansey|Soft-Boiled|p1a: Chansey\n|-heal|p1a: Chansey|91/100 par\n|\n|upkeep\n|turn|48\n|inactive|nicole7735 has 120 seconds left.\n|\n|t:|1768784041\n|switch|p1a: Jynx|Jynx|100/100 slp\n|move|p2a: Exeggutor|Psychic|p1a: Jynx\n|-resisted|p1a: Jynx\n|-damage|p1a: Jynx|83/100 slp\n|\n|upkeep\n|turn|49\n|\n|t:|1768784044\n|cant|p1a: Jynx|slp\n|move|p2a: Exeggutor|Psychic|p1a: Jynx\n|-resisted|p1a: Jynx\n|-damage|p1a: Jynx|65/100 slp\n|\n|upkeep\n|turn|50\n|\n|t:|1768784049\n|cant|p1a: Jynx|slp\n|move|p2a: Exeggutor|Psychic|p1a: Jynx\n|-resisted|p1a: Jynx\n|-damage|p1a: Jynx|47/100 slp\n|\n|upkeep\n|turn|51\n|\n|t:|1768784056\n|-curestatus|p1a: Jynx|slp|[msg]\n|move|p2a: Exeggutor|Psychic|p1a: Jynx\n|-resisted|p1a: Jynx\n|-damage|p1a: Jynx|30/100\n|-unboost|p1a: Jynx|spa|1\n|-unboost|p1a: Jynx|spd|1\n|\n|upkeep\n|turn|52\n|inactive|nicole7735 has 150 seconds left.\n|\n|t:|1768784073\n|move|p1a: Jynx|Lovely Kiss|p2a: Exeggutor|[miss]\n|-miss|p1a: Jynx\n|move|p2a: Exeggutor|Mega Drain|p1a: Jynx\n|-damage|p1a: Jynx|5/100\n|-heal|p2a: Exeggutor|71/100|[from] drain|[of] p1a: Jynx\n|\n|upkeep\n|turn|53\n|inactive|nicole7735 has 120 seconds left.\n|\n|t:|1768784114\n|switch|p2a: Chansey|Chansey|87/100 par\n|move|p1a: Jynx|Rest|p1a: Jynx\n|-status|p1a: Jynx|slp|[from] move: Rest\n|-heal|p1a: Jynx|100/100 slp|[silent]\n|\n|upkeep\n|turn|54\n|\n|t:|1768784119\n|switch|p2a: Exeggutor|Exeggutor|71/100\n|cant|p1a: Jynx|slp\n|\n|upkeep\n|turn|55\n|inactive|Isza has 240 seconds left.\n|\n|t:|1768784150\n|switch|p1a: Chansey|Chansey|91/100 par\n|move|p2a: Exeggutor|Stun Spore|p1a: Chansey\n|-fail|p1a: Chansey|par\n|\n|upkeep\n|turn|56\n|\n|t:|1768784159\n|move|p2a: Exeggutor|Psychic|p1a: Chansey\n|-damage|p1a: Chansey|75/100 par\n|-unboost|p1a: Chansey|spa|1\n|-unboost|p1a: Chansey|spd|1\n|move|p1a: Chansey|Ice Beam|p2a: Exeggutor\n|-supereffective|p2a: Exeggutor\n|-damage|p2a: Exeggutor|48/100\n|\n|upkeep\n|turn|57\n|\n|t:|1768784165\n|move|p2a: Exeggutor|Mega Drain|p1a: Chansey\n|-crit|p1a: Chansey\n|-damage|p1a: Chansey|59/100 par\n|-heal|p2a: Exeggutor|61/100|[from] drain|[of] p1a: Chansey\n|move|p1a: Chansey|Soft-Boiled|p1a: Chansey\n|-heal|p1a: Chansey|100/100 par\n|\n|upkeep\n|turn|58\n|\n|t:|1768784178\n|move|p2a: Exeggutor|Psychic|p1a: Chansey\n|-damage|p1a: Chansey|76/100 par\n|-unboost|p1a: Chansey|spa|1\n|-unboost|p1a: Chansey|spd|1\n|move|p1a: Chansey|Thunder Wave|p2a: Exeggutor\n|-status|p2a: Exeggutor|par\n|\n|upkeep\n|turn|59\n|inactive|nicole7735 has 150 seconds left.\n|\n|t:|1768784193\n|switch|p1a: Jynx|Jynx|100/100 slp\n|move|p2a: Exeggutor|Explosion|p1a: Jynx\n|-damage|p1a: Jynx|0 fnt\n|faint|p1a: Jynx\n|faint|p2a: Exeggutor\n|inactive|nicole7735 has 150 seconds left.\n|\n|t:|1768784213\n|switch|p1a: Chansey|Chansey|76/100 par\n|switch|p2a: Chansey|Chansey|87/100 par\n|turn|60\n|\n|t:|1768784221\n|move|p1a: Chansey|Ice Beam|p2a: Chansey\n|-damage|p2a: Chansey|77/100 par\n|move|p2a: Chansey|Sing|p1a: Chansey\n|-fail|p1a: Chansey\n|\n|upkeep\n|turn|61\n|\n|t:|1768784224\n|move|p1a: Chansey|Ice Beam|p2a: Chansey\n|-damage|p2a: Chansey|67/100 par\n|move|p2a: Chansey|Soft-Boiled|p2a: Chansey\n|-heal|p2a: Chansey|100/100 par\n|\n|upkeep\n|turn|62\n|inactive|Isza has 270 seconds left.\n|\n|t:|1768784229\n|cant|p2a: Chansey|par\n|cant|p1a: Chansey|par\n|\n|upkeep\n|turn|63\n|\n|t:|1768784231\n|move|p2a: Chansey|Sing|p1a: Chansey\n|-fail|p1a: Chansey\n|move|p1a: Chansey|Thunder Wave|p2a: Chansey\n|-fail|p2a: Chansey|par\n|\n|upkeep\n|turn|64\n|\n|t:|1768784233\n|move|p2a: Chansey|Sing|p1a: Chansey|[miss]\n|-miss|p2a: Chansey\n|move|p1a: Chansey|Thunder Wave|p2a: Chansey\n|-fail|p2a: Chansey|par\n|\n|upkeep\n|turn|65\n|\n|t:|1768784235\n|move|p2a: Chansey|Sing|p1a: Chansey\n|-fail|p1a: Chansey\n|move|p1a: Chansey|Thunder Wave|p2a: Chansey\n|-fail|p2a: Chansey|par\n|\n|upkeep\n|turn|66\n|\n|t:|1768784240\n|cant|p1a: Chansey|par\n|move|p2a: Chansey|Sing|p1a: Chansey\n|-fail|p1a: Chansey\n|\n|upkeep\n|turn|67\n|\n|t:|1768784241\n|cant|p2a: Chansey|par\n|move|p1a: Chansey|Thunder Wave|p2a: Chansey\n|-fail|p2a: Chansey|par\n|\n|upkeep\n|turn|68\n|\n|t:|1768784244\n|move|p1a: Chansey|Ice Beam|p2a: Chansey\n|-damage|p2a: Chansey|91/100 par\n|move|p2a: Chansey|Thunder Wave|p1a: Chansey\n|-fail|p1a: Chansey|par\n|\n|upkeep\n|turn|69\n|\n|t:|1768784247\n|move|p1a: Chansey|Thunder Wave|p2a: Chansey\n|-fail|p2a: Chansey|par\n|move|p2a: Chansey|Seismic Toss|p1a: Chansey\n|-damage|p1a: Chansey|62/100 par\n|\n|upkeep\n|turn|70\n|\n|t:|1768784249\n|cant|p2a: Chansey|par\n|move|p1a: Chansey|Soft-Boiled|p1a: Chansey\n|-heal|p1a: Chansey|100/100 par\n|\n|upkeep\n|turn|71\n|\n|t:|1768784252\n|move|p2a: Chansey|Thunder Wave|p1a: Chansey\n|-fail|p1a: Chansey|par\n|move|p1a: Chansey|Thunder Wave|p2a: Chansey\n|-fail|p2a: Chansey|par\n|\n|upkeep\n|turn|72\n|\n|t:|1768784255\n|move|p2a: Chansey|Seismic Toss|p1a: Chansey\n|-damage|p1a: Chansey|86/100 par\n|cant|p1a: Chansey|par\n|\n|upkeep\n|turn|73\n|\n|t:|1768784259\n|cant|p2a: Chansey|par\n|cant|p1a: Chansey|par\n|\n|upkeep\n|turn|74\n|inactive|nicole7735 has 270 seconds left.\n|inactive|nicole7735 has 240 seconds left.\n|\n|t:|1768784306\n|cant|p1a: Chansey|par\n|move|p2a: Chansey|Seismic Toss|p1a: Chansey\n|-damage|p1a: Chansey|72/100 par\n|\n|upkeep\n|turn|75\n|\n|t:|1768784310\n|move|p1a: Chansey|Ice Beam|p2a: Chansey\n|-damage|p2a: Chansey|81/100 par\n|move|p2a: Chansey|Sing|p1a: Chansey\n|-fail|p1a: Chansey\n|\n|upkeep\n|turn|76\n|\n|t:|1768784315\n|move|p2a: Chansey|Thunder Wave|p1a: Chansey\n|-fail|p1a: Chansey|par\n|cant|p1a: Chansey|par\n|\n|upkeep\n|turn|77\n|\n|t:|1768784317\n|move|p1a: Chansey|Soft-Boiled|p1a: Chansey\n|-heal|p1a: Chansey|100/100 par\n|move|p2a: Chansey|Thunder Wave|p1a: Chansey\n|-fail|p1a: Chansey|par\n|\n|upkeep\n|turn|78\n|\n|t:|1768784326\n|cant|p2a: Chansey|par\n|move|p1a: Chansey|Ice Beam|p2a: Chansey\n|-crit|p2a: Chansey\n|-damage|p2a: Chansey|61/100 par\n|\n|upkeep\n|turn|79\n|\n|t:|1768784330\n|move|p2a: Chansey|Seismic Toss|p1a: Chansey\n|-damage|p1a: Chansey|86/100 par\n|move|p1a: Chansey|Ice Beam|p2a: Chansey\n|-damage|p2a: Chansey|50/100 par\n|\n|upkeep\n|turn|80\n|\n|t:|1768784344\n|move|p1a: Chansey|Ice Beam|p2a: Chansey\n|-damage|p2a: Chansey|39/100 par\n|cant|p2a: Chansey|par\n|\n|upkeep\n|turn|81\n|\n|t:|1768784346\n|switch|p1a: Rhydon|Rhydon|21/100\n|move|p2a: Chansey|Soft-Boiled|p2a: Chansey\n|-heal|p2a: Chansey|89/100 par\n|\n|upkeep\n|turn|82\n|\n|t:|1768784355\n|move|p1a: Rhydon|Earthquake|p2a: Chansey\n|-crit|p2a: Chansey\n|-damage|p2a: Chansey|0 fnt\n|faint|p2a: Chansey\n|\n|t:|1768784370\n|switch|p2a: Starmie|Starmie|88/100\n|turn|83\n|\n|t:|1768784386\n|switch|p1a: Chansey|Chansey|86/100 par\n|move|p2a: Starmie|Surf|p1a: Chansey\n|-damage|p1a: Chansey|72/100 par\n|\n|upkeep\n|turn|84\n|\n|t:|1768784390\n|move|p2a: Starmie|Surf|p1a: Chansey\n|-damage|p1a: Chansey|58/100 par\n|move|p1a: Chansey|Thunder Wave|p2a: Starmie\n|-status|p2a: Starmie|par\n|\n|upkeep\n|turn|85\n|\n|t:|1768784394\n|move|p2a: Starmie|Surf|p1a: Chansey\n|-damage|p1a: Chansey|43/100 par\n|cant|p1a: Chansey|par\n|\n|upkeep\n|turn|86\n|\n|t:|1768784396\n|cant|p2a: Starmie|par\n|move|p1a: Chansey|Soft-Boiled|p1a: Chansey\n|-heal|p1a: Chansey|93/100 par\n|\n|upkeep\n|turn|87\n|\n|t:|1768784399\n|move|p2a: Starmie|Surf|p1a: Chansey\n|-damage|p1a: Chansey|79/100 par\n|move|p1a: Chansey|Thunderbolt|p2a: Starmie\n|-supereffective|p2a: Starmie\n|-damage|p2a: Starmie|41/100 par\n|\n|upkeep\n|turn|88\n|\n|t:|1768784401\n|cant|p2a: Starmie|par\n|cant|p1a: Chansey|par\n|\n|upkeep\n|turn|89\n|\n|t:|1768784404\n|move|p2a: Starmie|Recover|p2a: Starmie\n|-heal|p2a: Starmie|91/100 par\n|move|p1a: Chansey|Thunderbolt|p2a: Starmie\n|-supereffective|p2a: Starmie\n|-damage|p2a: Starmie|44/100 par\n|\n|upkeep\n|turn|90\n|\n|t:|1768784406\n|cant|p2a: Starmie|par\n|move|p1a: Chansey|Thunderbolt|p2a: Starmie\n|-supereffective|p2a: Starmie\n|-damage|p2a: Starmie|0 fnt\n|faint|p2a: Starmie\n|\n|win|nicole7735\n|c|☆Isza|ggs\n|c|☆nicole7735|ggs\n|player|p2|\n|player|p1|\n","uploadtime":1768784406,"views":"1152","formatid":"gen1ou","rating":null,"private":0,"password":null}