{"id":"smogtours-gen1ou-909747","format":"[Gen 1] OU","players":["LNumbers","Isza"],"log":"|inactive|Battle timer is ON: inactive players will automatically lose when time's up.\n|t:|1771194778\n|gametype|singles\n|player|p1|LNumbers|#splxviityrants|\n|player|p2|Isza|#wcop2025usnortheast2|\n|gen|1\n|tier|[Gen 1] OU\n|rule|Desync Clause Mod: Desyncs changed to move failure.\n|rule|Sleep Clause Mod: Limit one foe put to sleep\n|rule|Freeze Clause Mod: Limit one foe frozen\n|rule|Species Clause: Limit one of each Pokémon\n|rule|OHKO Clause: OHKO moves are banned\n|rule|Evasion Moves Clause: Evasion moves are banned\n|rule|Endless Battle Clause: Forcing endless battles is banned\n|rule|HP Percentage Mod: HP is shown in percentages\n|\n|t:|1771194778\n|teamsize|p1|6\n|teamsize|p2|6\n|start\n|switch|p1a: Gengar|Gengar|100/100\n|switch|p2a: Gengar|Gengar|100/100\n|turn|1\n|c|☆Isza|hf\n|c|☆LNumbers|hf\n|rated|Smogon Premier League\n|\n|t:|1771194792\n|move|p2a: Gengar|Hypnosis|p1a: Gengar\n|-status|p1a: Gengar|slp|[from] move: Hypnosis\n|cant|p1a: Gengar|slp\n|\n|upkeep\n|turn|2\n|inactive|Isza has 270 seconds left.\n|inactive|LNumbers has 270 seconds left.\n|\n|t:|1771194855\n|switch|p2a: Alakazam|Alakazam|100/100\n|switch|p1a: Exeggutor|Exeggutor|100/100\n|\n|upkeep\n|turn|3\n|\n|t:|1771194874\n|switch|p2a: Jynx|Jynx|100/100\n|switch|p1a: Gengar|Gengar|100/100 slp\n|\n|upkeep\n|turn|4\n|inactive|LNumbers has 240 seconds left.\n|\n|t:|1771194924\n|switch|p1a: Chansey|Chansey|100/100\n|move|p2a: Jynx|Blizzard|p1a: Chansey\n|-damage|p1a: Chansey|83/100\n|\n|upkeep\n|turn|5\n|inactive|LNumbers has 210 seconds left.\n|\n|t:|1771194953\n|switch|p2a: Alakazam|Alakazam|100/100\n|move|p1a: Chansey|Thunder Wave|p2a: Alakazam\n|-status|p2a: Alakazam|par\n|\n|upkeep\n|turn|6\n|\n|t:|1771194969\n|move|p1a: Chansey|Seismic Toss|p2a: Alakazam\n|-damage|p2a: Alakazam|69/100 par\n|cant|p2a: Alakazam|par\n|\n|upkeep\n|turn|7\n|\n|t:|1771194976\n|switch|p1a: Rhydon|Rhydon|100/100\n|move|p2a: Alakazam|Recover|p2a: Alakazam\n|-heal|p2a: Alakazam|100/100 par\n|\n|upkeep\n|turn|8\n|inactive|Isza has 270 seconds left.\n|\n|t:|1771195007\n|switch|p2a: Starmie|Starmie|100/100\n|move|p1a: Rhydon|Body Slam|p2a: Starmie\n|-damage|p2a: Starmie|75/100\n|-status|p2a: Starmie|par\n|\n|upkeep\n|turn|9\n|\n|t:|1771195017\n|switch|p1a: Chansey|Chansey|83/100\n|move|p2a: Starmie|Psychic|p1a: Chansey\n|-damage|p1a: Chansey|67/100\n|\n|upkeep\n|turn|10\n|\n|t:|1771195024\n|move|p1a: Chansey|Seismic Toss|p2a: Starmie\n|-damage|p2a: Starmie|44/100 par\n|move|p2a: Starmie|Thunder Wave|p1a: Chansey\n|-status|p1a: Chansey|par\n|\n|upkeep\n|turn|11\n|\n|t:|1771195036\n|move|p2a: Starmie|Recover|p2a: Starmie\n|-heal|p2a: Starmie|94/100 par\n|move|p1a: Chansey|Soft-Boiled|p1a: Chansey\n|-heal|p1a: Chansey|100/100 par\n|\n|upkeep\n|turn|12\n|\n|t:|1771195046\n|move|p2a: Starmie|Psychic|p1a: Chansey\n|-damage|p1a: Chansey|85/100 par\n|cant|p1a: Chansey|par\n|\n|upkeep\n|turn|13\n|\n|t:|1771195052\n|cant|p2a: Starmie|par\n|move|p1a: Chansey|Soft-Boiled|p1a: Chansey\n|-heal|p1a: Chansey|100/100 par\n|\n|upkeep\n|turn|14\n|\n|t:|1771195054\n|move|p2a: Starmie|Psychic|p1a: Chansey\n|-damage|p1a: Chansey|85/100 par\n|cant|p1a: Chansey|par\n|\n|upkeep\n|turn|15\n|\n|t:|1771195059\n|move|p2a: Starmie|Psychic|p1a: Chansey\n|-damage|p1a: Chansey|71/100 par\n|-unboost|p1a: Chansey|spa|1\n|-unboost|p1a: Chansey|spd|1\n|move|p1a: Chansey|Seismic Toss|p2a: Starmie\n|-damage|p2a: Starmie|63/100 par\n|\n|upkeep\n|turn|16\n|\n|t:|1771195062\n|move|p2a: Starmie|Recover|p2a: Starmie\n|-heal|p2a: Starmie|100/100 par\n|move|p1a: Chansey|Soft-Boiled|p1a: Chansey\n|-heal|p1a: Chansey|100/100 par\n|\n|upkeep\n|turn|17\n|\n|t:|1771195067\n|switch|p2a: Alakazam|Alakazam|100/100 par\n|switch|p1a: Exeggutor|Exeggutor|100/100\n|\n|upkeep\n|turn|18\n|\n|t:|1771195074\n|move|p1a: Exeggutor|Psychic|p2a: Alakazam\n|-resisted|p2a: Alakazam\n|-damage|p2a: Alakazam|84/100 par\n|move|p2a: Alakazam|Psychic|p1a: Exeggutor\n|-resisted|p1a: Exeggutor\n|-damage|p1a: Exeggutor|87/100\n|\n|upkeep\n|turn|19\n|\n|t:|1771195080\n|switch|p1a: Chansey|Chansey|100/100 par\n|move|p2a: Alakazam|Thunder Wave|p1a: Chansey\n|-fail|p1a: Chansey|par\n|\n|upkeep\n|turn|20\n|inactive|LNumbers has 270 seconds left.\n|\n|t:|1771195085\n|cant|p2a: Alakazam|par\n|cant|p1a: Chansey|par\n|\n|upkeep\n|turn|21\n|\n|t:|1771195088\n|cant|p2a: Alakazam|par\n|move|p1a: Chansey|Seismic Toss|p2a: Alakazam\n|-damage|p2a: Alakazam|52/100 par\n|\n|upkeep\n|turn|22\n|\n|t:|1771195093\n|move|p2a: Alakazam|Psychic|p1a: Chansey\n|-damage|p1a: Chansey|82/100 par\n|-unboost|p1a: Chansey|spa|1\n|-unboost|p1a: Chansey|spd|1\n|move|p1a: Chansey|Seismic Toss|p2a: Alakazam\n|-damage|p2a: Alakazam|20/100 par\n|\n|upkeep\n|turn|23\n|\n|t:|1771195097\n|switch|p1a: Rhydon|Rhydon|100/100\n|move|p2a: Alakazam|Recover|p2a: Alakazam\n|-heal|p2a: Alakazam|70/100 par\n|\n|upkeep\n|turn|24\n|\n|t:|1771195103\n|switch|p2a: Snorlax|Snorlax|100/100\n|move|p1a: Rhydon|Earthquake|p2a: Snorlax\n|-damage|p2a: Snorlax|65/100\n|\n|upkeep\n|turn|25\n|\n|t:|1771195124\n|switch|p1a: Exeggutor|Exeggutor|87/100\n|move|p2a: Snorlax|Surf|p1a: Exeggutor\n|-resisted|p1a: Exeggutor\n|-damage|p1a: Exeggutor|80/100\n|\n|upkeep\n|turn|26\n|\n|t:|1771195136\n|switch|p2a: Starmie|Starmie|100/100 par\n|move|p1a: Exeggutor|Psychic|p2a: Starmie\n|-resisted|p2a: Starmie\n|-damage|p2a: Starmie|82/100 par\n|\n|upkeep\n|turn|27\n|\n|t:|1771195146\n|switch|p1a: Chansey|Chansey|82/100 par\n|move|p2a: Starmie|Blizzard|p1a: Chansey\n|-damage|p1a: Chansey|69/100 par\n|\n|upkeep\n|turn|28\n|\n|t:|1771195166\n|switch|p2a: Snorlax|Snorlax|65/100\n|move|p1a: Chansey|Seismic Toss|p2a: Snorlax\n|-damage|p2a: Snorlax|45/100\n|\n|upkeep\n|turn|29\n|\n|t:|1771195177\n|switch|p1a: Gengar|Gengar|100/100 slp\n|move|p2a: Snorlax|Body Slam|p1a: Gengar\n|-immune|p1a: Gengar\n|\n|upkeep\n|turn|30\n|\n|t:|1771195194\n|cant|p1a: Gengar|slp\n|move|p2a: Snorlax|Earthquake|p1a: Gengar\n|-supereffective|p1a: Gengar\n|-damage|p1a: Gengar|28/100 slp\n|\n|upkeep\n|turn|31\n|inactive|LNumbers has 270 seconds left.\n|\n|t:|1771195212\n|cant|p1a: Gengar|slp\n|move|p2a: Snorlax|Body Slam|p1a: Gengar\n|-immune|p1a: Gengar\n|\n|upkeep\n|turn|32\n|\n|t:|1771195215\n|switch|p1a: Exeggutor|Exeggutor|80/100\n|move|p2a: Snorlax|Earthquake|p1a: Exeggutor\n|-resisted|p1a: Exeggutor\n|-damage|p1a: Exeggutor|68/100\n|\n|upkeep\n|turn|33\n|\n|t:|1771195220\n|switch|p1a: Rhydon|Rhydon|100/100\n|move|p2a: Snorlax|Body Slam|p1a: Rhydon\n|-resisted|p1a: Rhydon\n|-damage|p1a: Rhydon|89/100\n|\n|upkeep\n|turn|34\n|\n|t:|1771195231\n|switch|p1a: Exeggutor|Exeggutor|68/100\n|move|p2a: Snorlax|Surf|p1a: Exeggutor\n|-resisted|p1a: Exeggutor\n|-damage|p1a: Exeggutor|61/100\n|\n|upkeep\n|turn|35\n|inactive|Isza has 270 seconds left.\n|\n|t:|1771195266\n|move|p1a: Exeggutor|Psychic|p2a: Snorlax\n|-crit|p2a: Snorlax\n|-damage|p2a: Snorlax|0 fnt\n|faint|p2a: Snorlax\n|\n|t:|1771195270\n|switch|p2a: Jynx|Jynx|100/100\n|turn|36\n|inactive|LNumbers has 270 seconds left.\n|\n|t:|1771195304\n|switch|p1a: Chansey|Chansey|69/100 par\n|move|p2a: Jynx|Blizzard|p1a: Chansey\n|-damage|p1a: Chansey|49/100 par\n|\n|upkeep\n|turn|37\n|\n|t:|1771195309\n|move|p2a: Jynx|Psychic|p1a: Chansey\n|-damage|p1a: Chansey|34/100 par\n|move|p1a: Chansey|Soft-Boiled|p1a: Chansey\n|-heal|p1a: Chansey|84/100 par\n|\n|upkeep\n|turn|38\n|\n|t:|1771195317\n|switch|p2a: Starmie|Starmie|82/100 par\n|move|p1a: Chansey|Seismic Toss|p2a: Starmie\n|-damage|p2a: Starmie|51/100 par\n|\n|upkeep\n|turn|39\n|\n|t:|1771195328\n|move|p2a: Starmie|Recover|p2a: Starmie\n|-heal|p2a: Starmie|100/100 par\n|move|p1a: Chansey|Seismic Toss|p2a: Starmie\n|-damage|p2a: Starmie|70/100 par\n|\n|upkeep\n|turn|40\n|\n|t:|1771195334\n|cant|p2a: Starmie|par\n|move|p1a: Chansey|Seismic Toss|p2a: Starmie\n|-damage|p2a: Starmie|39/100 par\n|\n|upkeep\n|turn|41\n|\n|t:|1771195336\n|switch|p1a: Starmie|Starmie|100/100\n|move|p2a: Starmie|Recover|p2a: Starmie\n|-heal|p2a: Starmie|88/100 par\n|\n|upkeep\n|turn|42\n|\n|t:|1771195343\n|switch|p1a: Chansey|Chansey|84/100 par\n|move|p2a: Starmie|Thunder Wave|p1a: Chansey\n|-fail|p1a: Chansey|par\n|\n|upkeep\n|turn|43\n|\n|t:|1771195347\n|move|p2a: Starmie|Psychic|p1a: Chansey\n|-damage|p1a: Chansey|68/100 par\n|move|p1a: Chansey|Seismic Toss|p2a: Starmie\n|-damage|p2a: Starmie|57/100 par\n|\n|upkeep\n|turn|44\n|\n|t:|1771195353\n|cant|p2a: Starmie|par\n|move|p1a: Chansey|Soft-Boiled|p1a: Chansey\n|-heal|p1a: Chansey|100/100 par\n|\n|upkeep\n|turn|45\n|\n|t:|1771195356\n|move|p2a: Starmie|Recover|p2a: Starmie\n|-heal|p2a: Starmie|100/100 par\n|cant|p1a: Chansey|par\n|\n|upkeep\n|turn|46\n|\n|t:|1771195360\n|cant|p2a: Starmie|par\n|move|p1a: Chansey|Seismic Toss|p2a: Starmie\n|-damage|p2a: Starmie|70/100 par\n|\n|upkeep\n|turn|47\n|\n|t:|1771195363\n|move|p2a: Starmie|Recover|p2a: Starmie\n|-heal|p2a: Starmie|100/100 par\n|move|p1a: Chansey|Seismic Toss|p2a: Starmie\n|-damage|p2a: Starmie|70/100 par\n|\n|upkeep\n|turn|48\n|\n|t:|1771195381\n|cant|p2a: Starmie|par\n|move|p1a: Chansey|Seismic Toss|p2a: Starmie\n|-damage|p2a: Starmie|39/100 par\n|\n|upkeep\n|turn|49\n|\n|t:|1771195385\n|switch|p1a: Starmie|Starmie|100/100\n|move|p2a: Starmie|Recover|p2a: Starmie\n|-heal|p2a: Starmie|88/100 par\n|\n|upkeep\n|turn|50\n|\n|t:|1771195391\n|switch|p1a: Chansey|Chansey|100/100 par\n|move|p2a: Starmie|Thunder Wave|p1a: Chansey\n|-fail|p1a: Chansey|par\n|\n|upkeep\n|turn|51\n|\n|t:|1771195400\n|cant|p2a: Starmie|par\n|cant|p1a: Chansey|par\n|\n|upkeep\n|turn|52\n|\n|t:|1771195402\n|move|p2a: Starmie|Psychic|p1a: Chansey\n|-crit|p1a: Chansey\n|-damage|p1a: Chansey|72/100 par\n|move|p1a: Chansey|Seismic Toss|p2a: Starmie\n|-damage|p2a: Starmie|57/100 par\n|\n|upkeep\n|turn|53\n|\n|t:|1771195426\n|cant|p2a: Starmie|par\n|move|p1a: Chansey|Seismic Toss|p2a: Starmie\n|-damage|p2a: Starmie|27/100 par\n|\n|upkeep\n|turn|54\n|\n|t:|1771195430\n|switch|p1a: Starmie|Starmie|100/100\n|move|p2a: Starmie|Recover|p2a: Starmie\n|-heal|p2a: Starmie|76/100 par\n|\n|upkeep\n|turn|55\n|\n|t:|1771195439\n|switch|p1a: Chansey|Chansey|72/100 par\n|cant|p2a: Starmie|par\n|\n|upkeep\n|turn|56\n|\n|t:|1771195443\n|move|p2a: Starmie|Recover|p2a: Starmie\n|-heal|p2a: Starmie|100/100 par\n|move|p1a: Chansey|Seismic Toss|p2a: Starmie\n|-damage|p2a: Starmie|70/100 par\n|\n|upkeep\n|turn|57\n|\n|t:|1771195448\n|move|p2a: Starmie|Recover|p2a: Starmie\n|-heal|p2a: Starmie|100/100 par\n|cant|p1a: Chansey|par\n|\n|upkeep\n|turn|58\n|\n|t:|1771195452\n|switch|p2a: Gengar|Gengar|100/100\n|move|p1a: Chansey|Soft-Boiled|p1a: Chansey\n|-heal|p1a: Chansey|100/100 par\n|\n|upkeep\n|turn|59\n|inactive|LNumbers has 270 seconds left.\n|inactive|Isza has 270 seconds left.\n|inactive|LNumbers has 240 seconds left.\n|inactive|Isza disconnected and has 300 seconds to reconnect!\n|player|p2|\n|inactive|LNumbers has 210 seconds left.\n|inactive|Isza has 270 seconds to reconnect!\n|inactive|Isza reconnected and has 245 seconds left.\n|player|p2|Isza|#wcop2025usnortheast2|\n|inactive|Isza has 240 seconds left.\n|inactive|LNumbers has 180 seconds left.\n|\n|t:|1771195573\n|switch|p1a: Exeggutor|Exeggutor|61/100\n|move|p2a: Gengar|Thunderbolt|p1a: Exeggutor\n|-resisted|p1a: Exeggutor\n|-damage|p1a: Exeggutor|51/100\n|\n|upkeep\n|turn|60\n|\n|t:|1771195581\n|switch|p2a: Starmie|Starmie|100/100 par\n|switch|p1a: Rhydon|Rhydon|89/100\n|\n|upkeep\n|turn|61\n|inactive|Isza has 240 seconds left.\n|\n|t:|1771195588\n|switch|p1a: Chansey|Chansey|100/100 par\n|switch|p2a: Gengar|Gengar|100/100\n|\n|upkeep\n|turn|62\n|inactive|Isza has 240 seconds left.\n|inactive|LNumbers has 180 seconds left.\n|inactive|Isza has 210 seconds left.\n|\n|t:|1771195648\n|switch|p1a: Rhydon|Rhydon|89/100\n|move|p2a: Gengar|Night Shade|p1a: Rhydon\n|-damage|p1a: Rhydon|65/100\n|\n|upkeep\n|turn|63\n|\n|t:|1771195656\n|switch|p2a: Jynx|Jynx|100/100\n|move|p1a: Rhydon|Earthquake|p2a: Jynx\n|-damage|p2a: Jynx|30/100\n|\n|upkeep\n|turn|64\n|inactive|Isza has 210 seconds left.\n|\n|t:|1771195675\n|switch|p1a: Chansey|Chansey|100/100 par\n|move|p2a: Jynx|Blizzard|p1a: Chansey\n|-damage|p1a: Chansey|81/100 par\n|\n|upkeep\n|turn|65\n|inactive|Isza has 210 seconds left.\n|inactive|LNumbers has 150 seconds left.\n|\n|t:|1771195707\n|move|p2a: Jynx|Blizzard|p1a: Chansey\n|-damage|p1a: Chansey|62/100 par\n|move|p1a: Chansey|Seismic Toss|p2a: Jynx\n|-damage|p2a: Jynx|0 fnt\n|faint|p2a: Jynx\n|inactive|Isza has 210 seconds left.\n|\n|t:|1771195714\n|switch|p2a: Tauros|Tauros|100/100\n|turn|66\n|inactive|LNumbers has 150 seconds left.\n|inactive|Isza has 210 seconds left.\n|\n|t:|1771195741\n|switch|p1a: Gengar|Gengar|28/100 slp\n|move|p2a: Tauros|Hyper Beam|p1a: Gengar\n|-immune|p1a: Gengar\n|\n|upkeep\n|turn|67\n|\n|t:|1771195757\n|move|p2a: Tauros|Earthquake|p1a: Gengar\n|-supereffective|p1a: Gengar\n|-damage|p1a: Gengar|0 fnt\n|faint|p1a: Gengar\n|\n|t:|1771195770\n|switch|p1a: Tauros|Tauros|100/100\n|turn|68\n|\n|t:|1771195776\n|move|p2a: Tauros|Body Slam|p1a: Tauros\n|-crit|p1a: Tauros\n|-damage|p1a: Tauros|47/100\n|move|p1a: Tauros|Body Slam|p2a: Tauros\n|-damage|p2a: Tauros|71/100\n|\n|upkeep\n|turn|69\n|inactive|LNumbers has 150 seconds left.\n|inactive|Isza has 210 seconds left.\n|inactive|LNumbers has 120 seconds left.\n|\n|t:|1771195816\n|switch|p1a: Starmie|Starmie|100/100\n|move|p2a: Tauros|Blizzard|p1a: Starmie\n|-resisted|p1a: Starmie\n|-damage|p1a: Starmie|89/100\n|\n|upkeep\n|turn|70\n|inactive|LNumbers has 120 seconds left.\n|inactive|Isza has 180 seconds left.\n|\n|t:|1771195842\n|switch|p2a: Starmie|Starmie|100/100 par\n|move|p1a: Starmie|Surf|p2a: Starmie\n|-resisted|p2a: Starmie\n|-damage|p2a: Starmie|83/100 par\n|\n|upkeep\n|turn|71\n|inactive|LNumbers has 120 seconds left.\n|\n|t:|1771195871\n|move|p1a: Starmie|Thunderbolt|p2a: Starmie\n|-crit|p2a: Starmie\n|-supereffective|p2a: Starmie\n|-damage|p2a: Starmie|0 fnt\n|faint|p2a: Starmie\n|\n|t:|1771195887\n|switch|p2a: Gengar|Gengar|100/100\n|turn|72\n|inactive|LNumbers has 120 seconds left.\n|inactive|LNumbers has 90 seconds left.\n|inactive|LNumbers has 60 seconds left.\n|\n|t:|1771195966\n|switch|p1a: Rhydon|Rhydon|65/100\n|switch|p2a: Tauros|Tauros|71/100\n|\n|upkeep\n|turn|73\n|\n|t:|1771195982\n|switch|p1a: Starmie|Starmie|89/100\n|move|p2a: Tauros|Blizzard|p1a: Starmie\n|-crit|p1a: Starmie\n|-resisted|p1a: Starmie\n|-damage|p1a: Starmie|66/100\n|\n|upkeep\n|turn|74\n|\n|t:|1771195994\n|switch|p2a: Gengar|Gengar|100/100\n|move|p1a: Starmie|Recover|p1a: Starmie\n|-heal|p1a: Starmie|100/100\n|\n|upkeep\n|turn|75\n|\n|t:|1771196024\n|switch|p1a: Chansey|Chansey|62/100 par\n|switch|p2a: Tauros|Tauros|71/100\n|\n|upkeep\n|turn|76\n|inactive|Isza has 180 seconds left.\n|inactive|LNumbers has 30 seconds left.\n|inactive|LNumbers has 20 seconds left.\n|inactive|LNumbers has 15 seconds left.\n|\n|t:|1771196064\n|switch|p1a: Starmie|Starmie|100/100\n|move|p2a: Tauros|Body Slam|p1a: Starmie\n|-damage|p1a: Starmie|65/100\n|-status|p1a: Starmie|par\n|\n|upkeep\n|turn|77\n|inactive|LNumbers has 25 seconds left this turn.\n|inactive|LNumbers has 20 seconds left.\n|\n|t:|1771196071\n|switch|p2a: Gengar|Gengar|100/100\n|move|p1a: Starmie|Thunder Wave|p2a: Gengar\n|-status|p2a: Gengar|par\n|\n|upkeep\n|turn|78\n|inactive|LNumbers has 30 seconds left this turn.\n|\n|t:|1771196078\n|switch|p1a: Rhydon|Rhydon|65/100\n|switch|p2a: Tauros|Tauros|71/100\n|\n|upkeep\n|turn|79\n|inactive|LNumbers has 30 seconds left.\n|inactive|LNumbers has 20 seconds left.\n|inactive|LNumbers has 15 seconds left.\n|inactive|LNumbers has 10 seconds left.\n|inactive|Isza has 150 seconds left.\n|inactive|LNumbers has 5 seconds left.\n|\n|t:|1771196115\n|move|p2a: Tauros|Blizzard|p1a: Rhydon\n|-crit|p1a: Rhydon\n|-supereffective|p1a: Rhydon\n|-damage|p1a: Rhydon|0 fnt\n|faint|p1a: Rhydon\n|inactive|LNumbers has 10 seconds left this turn.\n|\n|t:|1771196119\n|switch|p1a: Starmie|Starmie|65/100 par\n|turn|80\n|inactive|LNumbers has 20 seconds left this turn.\n|inactive|LNumbers has 15 seconds left.\n|inactive|Isza has 150 seconds left.\n|\n|t:|1771196137\n|switch|p2a: Gengar|Gengar|100/100 par\n|move|p1a: Starmie|Recover|p1a: Starmie\n|-heal|p1a: Starmie|100/100 par\n|\n|upkeep\n|turn|81\n|inactive|LNumbers has 25 seconds left this turn.\n|inactive|LNumbers has 20 seconds left.\n|inactive|Isza has 150 seconds left.\n|inactive|LNumbers has 15 seconds left.\n|inactive|LNumbers has 10 seconds left.\n|inactive|LNumbers has 5 seconds left.\n|\n|t:|1771196157\n|switch|p1a: Chansey|Chansey|62/100 par\n|switch|p2a: Tauros|Tauros|71/100\n|\n|upkeep\n|turn|82\n|inactive|LNumbers has 15 seconds left this turn.\n|inactive|LNumbers has 10 seconds left.\n|inactive|Isza has 150 seconds left.\n|\n|t:|1771196172\n|switch|p1a: Starmie|Starmie|100/100 par\n|move|p2a: Tauros|Body Slam|p1a: Starmie\n|-damage|p1a: Starmie|66/100 par\n|\n|upkeep\n|turn|83\n|inactive|LNumbers has 20 seconds left this turn.\n|\n|t:|1771196177\n|move|p2a: Tauros|Body Slam|p1a: Starmie\n|-damage|p1a: Starmie|33/100 par\n|move|p1a: Starmie|Recover|p1a: Starmie\n|-heal|p1a: Starmie|83/100 par\n|\n|upkeep\n|turn|84\n|inactive|LNumbers has 30 seconds left this turn.\n|\n|t:|1771196182\n|move|p2a: Tauros|Body Slam|p1a: Starmie\n|-damage|p1a: Starmie|50/100 par\n|move|p1a: Starmie|Recover|p1a: Starmie\n|-heal|p1a: Starmie|99/100 par\n|\n|upkeep\n|turn|85\n|\n|t:|1771196187\n|switch|p2a: Alakazam|Alakazam|70/100 par\n|cant|p1a: Starmie|par\n|\n|upkeep\n|turn|86\n|\n|t:|1771196192\n|switch|p1a: Chansey|Chansey|62/100 par\n|move|p2a: Alakazam|Psychic|p1a: Chansey\n|-crit|p1a: Chansey\n|-damage|p1a: Chansey|29/100 par\n|-unboost|p1a: Chansey|spa|1\n|-unboost|p1a: Chansey|spd|1\n|\n|upkeep\n|turn|87\n|\n|t:|1771196209\n|cant|p2a: Alakazam|par\n|cant|p1a: Chansey|par\n|\n|upkeep\n|turn|88\n|\n|t:|1771196212\n|move|p2a: Alakazam|Psychic|p1a: Chansey\n|-crit|p1a: Chansey\n|-damage|p1a: Chansey|0 fnt\n|faint|p1a: Chansey\n|\n|t:|1771196223\n|switch|p1a: Tauros|Tauros|47/100\n|turn|89\n|inactive|Isza has 210 seconds left.\n|inactive|Isza has 180 seconds left.\n|inactive|LNumbers has 30 seconds left.\n|inactive|LNumbers has 20 seconds left.\n|inactive|LNumbers has 15 seconds left.\n|inactive|LNumbers has 10 seconds left.\n|inactive|Isza has 150 seconds left.\n|inactive|LNumbers has 5 seconds left.\n|\n|t:|1771196303\n|switch|p2a: Gengar|Gengar|100/100 par\n|move|p1a: Tauros|Hyper Beam|p2a: Gengar\n|-immune|p2a: Gengar\n|\n|upkeep\n|turn|90\n|inactive|LNumbers has 15 seconds left this turn.\n|inactive|LNumbers has 10 seconds left.\n|\n|t:|1771196321\n|move|p1a: Tauros|Earthquake|p2a: Gengar\n|-supereffective|p2a: Gengar\n|-damage|p2a: Gengar|36/100 par\n|move|p2a: Gengar|Hypnosis|p1a: Tauros|[miss]\n|-miss|p2a: Gengar\n|\n|upkeep\n|turn|91\n|inactive|LNumbers has 20 seconds left this turn.\n|\n|t:|1771196328\n|switch|p2a: Tauros|Tauros|71/100\n|move|p1a: Tauros|Earthquake|p2a: Tauros\n|-damage|p2a: Tauros|50/100\n|\n|upkeep\n|turn|92\n|inactive|LNumbers has 30 seconds left this turn.\n|inactive|LNumbers has 20 seconds left.\n|inactive|LNumbers has 15 seconds left.\n|inactive|LNumbers has 10 seconds left.\n|inactive|LNumbers has 5 seconds left.\n|\n|t:|1771196359\n|switch|p1a: Starmie|Starmie|99/100 par\n|move|p2a: Tauros|Hyper Beam|p1a: Starmie\n|-crit|p1a: Starmie\n|-damage|p1a: Starmie|0 fnt\n|faint|p1a: Starmie\n|inactive|LNumbers has 10 seconds left this turn.\n|inactive|LNumbers has 5 seconds left.\n|\n|t:|1771196364\n|switch|p1a: Tauros|Tauros|47/100\n|turn|93\n|inactive|LNumbers has 15 seconds left this turn.\n|inactive|LNumbers has 10 seconds left.\n|inactive|LNumbers has 5 seconds left.\n|\n|t:|1771196381\n|switch|p1a: Exeggutor|Exeggutor|51/100\n|move|p2a: Tauros|Hyper Beam|p1a: Exeggutor\n|-damage|p1a: Exeggutor|2/100\n|-mustrecharge|p2a: Tauros\n|\n|upkeep\n|turn|94\n|inactive|LNumbers has 15 seconds left this turn.\n|inactive|LNumbers has 10 seconds left.\n|\n|t:|1771196388\n|cant|p2a: Tauros|recharge\n|move|p1a: Exeggutor|Explosion|p2a: Tauros\n|-damage|p2a: Tauros|0 fnt\n|faint|p2a: Tauros\n|faint|p1a: Exeggutor\n|inactive|LNumbers has 15 seconds left this turn.\n|\n|t:|1771196394\n|switch|p2a: Alakazam|Alakazam|70/100 par\n|switch|p1a: Tauros|Tauros|47/100\n|turn|95\n|inactive|LNumbers has 25 seconds left this turn.\n|\n|t:|1771196398\n|move|p1a: Tauros|Hyper Beam|p2a: Alakazam\n|-damage|p2a: Alakazam|0 fnt\n|faint|p2a: Alakazam\n|\n|t:|1771196399\n|switch|p2a: Gengar|Gengar|36/100 par\n|turn|96\n|c|☆Isza|gg\n|\n|t:|1771196404\n|move|p1a: Tauros|Earthquake|p2a: Gengar\n|-supereffective|p2a: Gengar\n|-damage|p2a: Gengar|0 fnt\n|faint|p2a: Gengar\n|\n|win|LNumbers\n|c|☆LNumbers|gg\n","uploadtime":1771196404,"views":"920","formatid":"gen1ou","rating":null,"private":0,"password":null}