{"id":"smogtours-gen1ou-919063","format":"[Gen 1] OU","players":["Girls See Ghosts","BeeOrSomething"],"log":"|inactive|Battle timer is ON: inactive players will automatically lose when time's up.\n|t:|1774115902\n|gametype|singles\n|player|p1|Girls See Ghosts|#splxviisharks|\n|player|p2|BeeOrSomething|#beeorsomething|\n|gen|1\n|tier|[Gen 1] OU\n|rule|Desync Clause Mod: Desyncs changed to move failure.\n|rule|HP Percentage Mod: HP is shown in percentages\n|rule|Endless Battle Clause: Forcing endless battles is banned\n|rule|Sleep Clause Mod: Limit one foe put to sleep\n|rule|Freeze Clause Mod: Limit one foe frozen\n|rule|Species Clause: Limit one of each Pokémon\n|rule|OHKO Clause: OHKO moves are banned\n|rule|Evasion Moves Clause: Evasion moves are banned\n|\n|t:|1774115902\n|teamsize|p1|6\n|teamsize|p2|6\n|start\n|switch|p1a: Jynx|Jynx|100/100\n|switch|p2a: For The Gospel|Starmie|100/100\n|turn|1\n|c|☆BeeOrSomething|glhf\n|rated|Smogon Premier League\n|c|☆Girls See Ghosts|u2\n|\n|t:|1774115917\n|move|p2a: For The Gospel|Thunder Wave|p1a: Jynx\n|-status|p1a: Jynx|par\n|move|p1a: Jynx|Lovely Kiss|p2a: For The Gospel\n|-status|p2a: For The Gospel|slp|[from] move: Lovely Kiss\n|\n|upkeep\n|turn|2\n|\n|t:|1774115925\n|switch|p1a: Tauros|Tauros|100/100\n|cant|p2a: For The Gospel|slp\n|\n|upkeep\n|turn|3\n|\n|t:|1774115942\n|-curestatus|p2a: For The Gospel|slp|[msg]\n|move|p1a: Tauros|Body Slam|p2a: For The Gospel\n|-damage|p2a: For The Gospel|68/100\n|\n|upkeep\n|turn|4\n|\n|t:|1774115952\n|switch|p1a: Chansey|Chansey|100/100\n|move|p2a: For The Gospel|Surf|p1a: Chansey\n|-damage|p1a: Chansey|86/100\n|\n|upkeep\n|turn|5\n|\n|t:|1774115960\n|switch|p2a: Courage Our Own|Chansey|100/100\n|move|p1a: Chansey|Thunderbolt|p2a: Courage Our Own\n|-damage|p2a: Courage Our Own|89/100\n|\n|upkeep\n|turn|6\n|\n|t:|1774115973\n|switch|p1a: Jynx|Jynx|100/100 par\n|move|p2a: Courage Our Own|Seismic Toss|p1a: Jynx\n|-damage|p1a: Jynx|70/100 par\n|\n|upkeep\n|turn|7\n|\n|t:|1774115980\n|switch|p2a: For The Gospel|Starmie|68/100\n|move|p1a: Jynx|Lovely Kiss|p2a: For The Gospel|[miss]\n|-miss|p1a: Jynx\n|\n|upkeep\n|turn|8\n|\n|t:|1774115997\n|switch|p1a: Exeggutor|Exeggutor|100/100\n|move|p2a: For The Gospel|Surf|p1a: Exeggutor\n|-resisted|p1a: Exeggutor\n|-damage|p1a: Exeggutor|89/100\n|\n|upkeep\n|turn|9\n|\n|t:|1774116001\n|move|p2a: For The Gospel|Blizzard|p1a: Exeggutor\n|-supereffective|p1a: Exeggutor\n|-damage|p1a: Exeggutor|48/100\n|-status|p1a: Exeggutor|frz\n|cant|p1a: Exeggutor|frz\n|\n|upkeep\n|turn|10\n|inactive|BeeOrSomething has 270 seconds left.\n|\n|t:|1774116032\n|switch|p2a: Courage Our Own|Chansey|89/100\n|switch|p1a: Chansey|Chansey|86/100\n|\n|upkeep\n|turn|11\n|inactive|BeeOrSomething has 270 seconds left.\n|\n|t:|1774116046\n|switch|p1a: Jynx|Jynx|70/100 par\n|move|p2a: Courage Our Own|Sing|p1a: Jynx|[miss]\n|-miss|p2a: Courage Our Own\n|\n|upkeep\n|turn|12\n|\n|t:|1774116050\n|switch|p2a: For The Gospel|Starmie|68/100\n|cant|p1a: Jynx|par\n|\n|upkeep\n|turn|13\n|\n|t:|1774116064\n|switch|p1a: Chansey|Chansey|86/100\n|move|p2a: For The Gospel|Surf|p1a: Chansey\n|-damage|p1a: Chansey|71/100\n|\n|upkeep\n|turn|14\n|\n|t:|1774116070\n|switch|p2a: Courage Our Own|Chansey|89/100\n|move|p1a: Chansey|Ice Beam|p2a: Courage Our Own\n|-damage|p2a: Courage Our Own|78/100\n|\n|upkeep\n|turn|15\n|\n|t:|1774116074\n|switch|p1a: Jynx|Jynx|70/100 par\n|move|p2a: Courage Our Own|Seismic Toss|p1a: Jynx\n|-damage|p1a: Jynx|40/100 par\n|\n|upkeep\n|turn|16\n|\n|t:|1774116079\n|switch|p2a: For The Gospel|Starmie|68/100\n|move|p1a: Jynx|Rest|p1a: Jynx\n|-status|p1a: Jynx|slp|[from] move: Rest\n|-heal|p1a: Jynx|100/100 slp|[silent]\n|\n|upkeep\n|turn|17\n|\n|t:|1774116092\n|switch|p2a: Together Unbroken|Exeggutor|100/100\n|switch|p1a: Chansey|Chansey|71/100\n|\n|upkeep\n|turn|18\n|\n|t:|1774116096\n|switch|p1a: Jynx|Jynx|100/100 slp\n|move|p2a: Together Unbroken|Sleep Powder|p1a: Jynx|[miss]\n|-miss|p2a: Together Unbroken\n|\n|upkeep\n|turn|19\n|\n|t:|1774116106\n|cant|p1a: Jynx|slp\n|move|p2a: Together Unbroken|Psychic|p1a: Jynx\n|-resisted|p1a: Jynx\n|-damage|p1a: Jynx|80/100 slp\n|\n|upkeep\n|turn|20\n|\n|t:|1774116113\n|-curestatus|p1a: Jynx|slp|[msg]\n|move|p2a: Together Unbroken|Sleep Powder|p1a: Jynx\n|-status|p1a: Jynx|slp|[from] move: Sleep Powder\n|\n|upkeep\n|turn|21\n|\n|t:|1774116124\n|switch|p1a: Chansey|Chansey|71/100\n|switch|p2a: For The Gospel|Starmie|68/100\n|\n|upkeep\n|turn|22\n|\n|t:|1774116137\n|move|p2a: For The Gospel|Thunder Wave|p1a: Chansey\n|-status|p1a: Chansey|par\n|move|p1a: Chansey|Thunderbolt|p2a: For The Gospel\n|-supereffective|p2a: For The Gospel\n|-damage|p2a: For The Gospel|19/100\n|\n|upkeep\n|turn|23\n|\n|t:|1774116141\n|move|p2a: For The Gospel|Recover|p2a: For The Gospel\n|-heal|p2a: For The Gospel|69/100\n|move|p1a: Chansey|Thunderbolt|p2a: For The Gospel\n|-supereffective|p2a: For The Gospel\n|-damage|p2a: For The Gospel|24/100\n|\n|upkeep\n|turn|24\n|\n|t:|1774116147\n|move|p2a: For The Gospel|Recover|p2a: For The Gospel\n|-heal|p2a: For The Gospel|74/100\n|move|p1a: Chansey|Thunderbolt|p2a: For The Gospel\n|-supereffective|p2a: For The Gospel\n|-damage|p2a: For The Gospel|21/100\n|\n|upkeep\n|turn|25\n|\n|t:|1774116151\n|move|p2a: For The Gospel|Recover|p2a: For The Gospel\n|-heal|p2a: For The Gospel|71/100\n|move|p1a: Chansey|Thunderbolt|p2a: For The Gospel\n|-crit|p2a: For The Gospel\n|-supereffective|p2a: For The Gospel\n|-damage|p2a: For The Gospel|0 fnt\n|faint|p2a: For The Gospel\n|\n|t:|1774116157\n|switch|p2a: Honor His Name|Snorlax|100/100\n|turn|26\n|\n|t:|1774116166\n|switch|p1a: Snorlax|Snorlax|100/100\n|move|p2a: Honor His Name|Reflect|p2a: Honor His Name\n|-start|p2a: Honor His Name|Reflect\n|\n|upkeep\n|turn|27\n|\n|t:|1774116171\n|move|p2a: Honor His Name|Body Slam|p1a: Snorlax\n|-damage|p1a: Snorlax|72/100\n|move|p1a: Snorlax|Reflect|p1a: Snorlax\n|-start|p1a: Snorlax|Reflect\n|\n|upkeep\n|turn|28\n|\n|t:|1774116174\n|move|p2a: Honor His Name|Body Slam|p1a: Snorlax\n|-damage|p1a: Snorlax|59/100\n|move|p1a: Snorlax|Body Slam|p2a: Honor His Name\n|-damage|p2a: Honor His Name|86/100\n|\n|upkeep\n|turn|29\n|\n|t:|1774116183\n|move|p2a: Honor His Name|Body Slam|p1a: Snorlax\n|-damage|p1a: Snorlax|46/100\n|move|p1a: Snorlax|Rest|p1a: Snorlax\n|-status|p1a: Snorlax|slp|[from] move: Rest\n|-heal|p1a: Snorlax|100/100 slp|[silent]\n|\n|upkeep\n|turn|30\n|\n|t:|1774116188\n|switch|p2a: Together Unbroken|Exeggutor|100/100\n|cant|p1a: Snorlax|slp\n|\n|upkeep\n|turn|31\n|\n|t:|1774116208\n|switch|p1a: Chansey|Chansey|71/100 par\n|move|p2a: Together Unbroken|Psychic|p1a: Chansey\n|-crit|p1a: Chansey\n|-damage|p1a: Chansey|37/100 par\n|\n|upkeep\n|turn|32\n|\n|t:|1774116216\n|move|p2a: Together Unbroken|Psychic|p1a: Chansey\n|-crit|p1a: Chansey\n|-damage|p1a: Chansey|1/100 par\n|move|p1a: Chansey|Soft-Boiled|p1a: Chansey\n|-heal|p1a: Chansey|51/100 par\n|\n|upkeep\n|turn|33\n|\n|t:|1774116221\n|switch|p2a: Honor His Name|Snorlax|86/100\n|cant|p1a: Chansey|par\n|\n|upkeep\n|turn|34\n|\n|t:|1774116240\n|switch|p1a: Exeggutor|Exeggutor|48/100 frz\n|move|p2a: Honor His Name|Body Slam|p1a: Exeggutor\n|-damage|p1a: Exeggutor|17/100 frz\n|\n|upkeep\n|turn|35\n|\n|t:|1774116244\n|cant|p1a: Exeggutor|frz\n|move|p2a: Honor His Name|Reflect|p2a: Honor His Name\n|-start|p2a: Honor His Name|Reflect\n|\n|upkeep\n|turn|36\n|\n|t:|1774116247\n|cant|p1a: Exeggutor|frz\n|move|p2a: Honor His Name|Body Slam|p1a: Exeggutor\n|-damage|p1a: Exeggutor|0 fnt\n|faint|p1a: Exeggutor\n|\n|t:|1774116266\n|switch|p1a: Lapras|Lapras|100/100\n|turn|37\n|inactive|BeeOrSomething has 270 seconds left.\n|\n|t:|1774116313\n|move|p1a: Lapras|Sing|p2a: Honor His Name\n|-status|p2a: Honor His Name|slp|[from] move: Sing\n|cant|p2a: Honor His Name|slp\n|\n|upkeep\n|turn|38\n|\n|t:|1774116334\n|switch|p2a: Courage Our Own|Chansey|78/100\n|move|p1a: Lapras|Blizzard|p2a: Courage Our Own\n|-damage|p2a: Courage Our Own|61/100\n|\n|upkeep\n|turn|39\n|inactive|Girls See Ghosts has 270 seconds left.\n|\n|t:|1774116359\n|switch|p1a: Snorlax|Snorlax|100/100 slp\n|move|p2a: Courage Our Own|Seismic Toss|p1a: Snorlax\n|-damage|p1a: Snorlax|81/100 slp\n|\n|upkeep\n|turn|40\n|\n|t:|1774116366\n|move|p2a: Courage Our Own|Soft-Boiled|p2a: Courage Our Own\n|-heal|p2a: Courage Our Own|100/100\n|-curestatus|p1a: Snorlax|slp|[msg]\n|\n|upkeep\n|turn|41\n|inactive|Girls See Ghosts has 270 seconds left.\n|inactive|Girls See Ghosts has 240 seconds left.\n|\n|t:|1774116422\n|switch|p1a: Chansey|Chansey|51/100 par\n|move|p2a: Courage Our Own|Thunder Wave|p1a: Chansey\n|-fail|p1a: Chansey|par\n|\n|upkeep\n|turn|42\n|inactive|Girls See Ghosts has 240 seconds left.\n|inactive|BeeOrSomething has 240 seconds left.\n|inactive|BeeOrSomething has 210 seconds left.\n|inactive|BeeOrSomething has 180 seconds left.\n|\n|t:|1774116515\n|switch|p2a: Carry The Flame|Cloyster|100/100\n|cant|p1a: Chansey|par\n|\n|upkeep\n|turn|43\n|inactive|Girls See Ghosts has 240 seconds left.\n|\n|t:|1774116526\n|move|p2a: Carry The Flame|Clamp|p1a: Chansey\n|-damage|p1a: Chansey|46/100 par\n|cant|p1a: Chansey|partiallytrapped\n|\n|upkeep\n|turn|44\n|inactive|Girls See Ghosts has 240 seconds left.\n|\n|t:|1774116538\n|switch|p1a: Lapras|Lapras|100/100\n|move|p2a: Carry The Flame|Clamp|p1a: Lapras\n|-resisted|p1a: Lapras\n|-damage|p1a: Lapras|96/100\n|\n|upkeep\n|turn|45\n|inactive|Girls See Ghosts has 240 seconds left.\n|\n|t:|1774116551\n|move|p2a: Carry The Flame|Clamp|p1a: Lapras|[from] Clamp\n|-damage|p1a: Lapras|92/100\n|cant|p1a: Lapras|partiallytrapped\n|\n|upkeep\n|turn|46\n|inactive|Girls See Ghosts has 240 seconds left.\n|\n|t:|1774116565\n|switch|p1a: Chansey|Chansey|46/100 par\n|move|p2a: Carry The Flame|Clamp|p1a: Chansey\n|-crit|p1a: Chansey\n|-damage|p1a: Chansey|37/100 par\n|\n|upkeep\n|turn|47\n|\n|t:|1774116569\n|switch|p1a: Jynx|Jynx|80/100 slp\n|move|p2a: Carry The Flame|Clamp|p1a: Jynx\n|-crit|p1a: Jynx\n|-damage|p1a: Jynx|59/100 slp\n|\n|upkeep\n|turn|48\n|inactive|BeeOrSomething has 210 seconds left.\n|\n|t:|1774116575\n|switch|p1a: Lapras|Lapras|92/100\n|move|p2a: Carry The Flame|Clamp|p1a: Lapras\n|-resisted|p1a: Lapras\n|-damage|p1a: Lapras|88/100\n|\n|upkeep\n|turn|49\n|\n|t:|1774116580\n|move|p2a: Carry The Flame|Clamp|p1a: Lapras|[from] Clamp\n|-damage|p1a: Lapras|85/100\n|cant|p1a: Lapras|partiallytrapped\n|\n|upkeep\n|turn|50\n|\n|t:|1774116582\n|move|p2a: Carry The Flame|Clamp|p1a: Lapras|[from] Clamp\n|-damage|p1a: Lapras|81/100\n|cant|p1a: Lapras|partiallytrapped\n|\n|upkeep\n|turn|51\n|\n|t:|1774116600\n|move|p2a: Carry The Flame|Clamp|p1a: Lapras|[miss]\n|-miss|p2a: Carry The Flame\n|move|p1a: Lapras|Thunderbolt|p2a: Carry The Flame\n|-supereffective|p2a: Carry The Flame\n|-damage|p2a: Carry The Flame|45/100\n|\n|upkeep\n|turn|52\n|inactive|BeeOrSomething has 210 seconds left.\n|\n|t:|1774116647\n|switch|p2a: Courage Our Own|Chansey|100/100\n|switch|p1a: Chansey|Chansey|37/100 par\n|\n|upkeep\n|turn|53\n|inactive|BeeOrSomething has 180 seconds left.\n|\n|t:|1774116667\n|switch|p2a: Make Heaven Known|Tauros|100/100\n|move|p1a: Chansey|Soft-Boiled|p1a: Chansey\n|-heal|p1a: Chansey|87/100 par\n|\n|upkeep\n|turn|54\n|\n|t:|1774116678\n|move|p2a: Make Heaven Known|Body Slam|p1a: Chansey\n|-crit|p1a: Chansey\n|-damage|p1a: Chansey|5/100 par\n|move|p1a: Chansey|Thunder Wave|p2a: Make Heaven Known\n|-status|p2a: Make Heaven Known|par\n|\n|upkeep\n|turn|55\n|\n|t:|1774116696\n|move|p2a: Make Heaven Known|Body Slam|p1a: Chansey\n|-damage|p1a: Chansey|0 fnt\n|faint|p1a: Chansey\n|\n|t:|1774116699\n|switch|p1a: Snorlax|Snorlax|81/100\n|turn|56\n|\n|t:|1774116706\n|move|p1a: Snorlax|Body Slam|p2a: Make Heaven Known\n|-damage|p2a: Make Heaven Known|70/100 par\n|move|p2a: Make Heaven Known|Body Slam|p1a: Snorlax\n|-damage|p1a: Snorlax|57/100\n|\n|upkeep\n|turn|57\n|inactive|BeeOrSomething has 210 seconds left.\n|\n|t:|1774116716\n|move|p1a: Snorlax|Reflect|p1a: Snorlax\n|-start|p1a: Snorlax|Reflect\n|move|p2a: Make Heaven Known|Body Slam|p1a: Snorlax\n|-crit|p1a: Snorlax\n|-damage|p1a: Snorlax|12/100\n|\n|upkeep\n|turn|58\n|\n|t:|1774116725\n|switch|p2a: Carry The Flame|Cloyster|45/100\n|move|p1a: Snorlax|Rest|p1a: Snorlax\n|-status|p1a: Snorlax|slp|[from] move: Rest\n|-heal|p1a: Snorlax|100/100 slp|[silent]\n|\n|upkeep\n|turn|59\n|\n|t:|1774116736\n|switch|p1a: Jynx|Jynx|59/100 slp\n|move|p2a: Carry The Flame|Blizzard|p1a: Jynx\n|-resisted|p1a: Jynx\n|-damage|p1a: Jynx|40/100 slp\n|\n|upkeep\n|turn|60\n|\n|t:|1774116742\n|cant|p1a: Jynx|slp\n|move|p2a: Carry The Flame|Blizzard|p1a: Jynx\n|-resisted|p1a: Jynx\n|-damage|p1a: Jynx|20/100 slp\n|\n|upkeep\n|turn|61\n|\n|t:|1774116745\n|switch|p1a: Lapras|Lapras|81/100\n|move|p2a: Carry The Flame|Blizzard|p1a: Lapras\n|-resisted|p1a: Lapras\n|-damage|p1a: Lapras|73/100\n|\n|upkeep\n|turn|62\n|inactive|BeeOrSomething has 240 seconds left.\n|\n|t:|1774116765\n|move|p2a: Carry The Flame|Explosion|p1a: Lapras\n|-damage|p1a: Lapras|10/100\n|faint|p2a: Carry The Flame\n|\n|t:|1774116767\n|switch|p2a: Courage Our Own|Chansey|100/100\n|turn|63\n|inactive|BeeOrSomething has 240 seconds left.\n|\n|t:|1774116774\n|switch|p1a: Snorlax|Snorlax|100/100 slp\n|move|p2a: Courage Our Own|Seismic Toss|p1a: Snorlax\n|-damage|p1a: Snorlax|81/100 slp\n|\n|upkeep\n|turn|64\n|\n|t:|1774116779\n|switch|p2a: Together Unbroken|Exeggutor|100/100\n|cant|p1a: Snorlax|slp\n|\n|upkeep\n|turn|65\n|\n|t:|1774116789\n|move|p2a: Together Unbroken|Psychic|p1a: Snorlax\n|-damage|p1a: Snorlax|53/100 slp\n|-curestatus|p1a: Snorlax|slp|[msg]\n|\n|upkeep\n|turn|66\n|\n|t:|1774116806\n|move|p2a: Together Unbroken|Psychic|p1a: Snorlax\n|-damage|p1a: Snorlax|22/100\n|-unboost|p1a: Snorlax|spa|1\n|-unboost|p1a: Snorlax|spd|1\n|move|p1a: Snorlax|Body Slam|p2a: Together Unbroken\n|-damage|p2a: Together Unbroken|68/100\n|\n|upkeep\n|turn|67\n|inactive|Girls See Ghosts has 270 seconds left.\n|inactive|Girls See Ghosts has 240 seconds left.\n|\n|t:|1774116867\n|switch|p1a: Lapras|Lapras|10/100\n|move|p2a: Together Unbroken|Psychic|p1a: Lapras\n|-damage|p1a: Lapras|0 fnt\n|faint|p1a: Lapras\n|\n|t:|1774116869\n|switch|p1a: Tauros|Tauros|100/100\n|turn|68\n|inactive|BeeOrSomething has 240 seconds left.\n|inactive|BeeOrSomething has 210 seconds left.\n|inactive|BeeOrSomething has 180 seconds left.\n|inactive|BeeOrSomething has 150 seconds left.\n|inactive|BeeOrSomething has 120 seconds left.\n|\n|t:|1774117040\n|move|p1a: Tauros|Body Slam|p2a: Together Unbroken\n|-crit|p2a: Together Unbroken\n|-damage|p2a: Together Unbroken|15/100\n|move|p2a: Together Unbroken|Explosion|p1a: Tauros\n|-damage|p1a: Tauros|25/100\n|faint|p2a: Together Unbroken\n|\n|t:|1774117046\n|switch|p2a: Courage Our Own|Chansey|100/100\n|turn|69\n|inactive|BeeOrSomething has 90 seconds left.\n|inactive|Girls See Ghosts has 240 seconds left.\n|inactive|Girls See Ghosts has 210 seconds left.\n|\n|t:|1774117132\n|move|p1a: Tauros|Hyper Beam|p2a: Courage Our Own\n|-damage|p2a: Courage Our Own|34/100\n|-mustrecharge|p1a: Tauros\n|move|p2a: Courage Our Own|Seismic Toss|p1a: Tauros\n|-damage|p1a: Tauros|0 fnt\n|faint|p1a: Tauros\n|\n|t:|1774117135\n|switch|p1a: Snorlax|Snorlax|22/100\n|turn|70\n|inactive|Girls See Ghosts has 180 seconds left.\n|inactive|BeeOrSomething has 60 seconds left.\n|\n|t:|1774117178\n|move|p2a: Courage Our Own|Soft-Boiled|p2a: Courage Our Own\n|-heal|p2a: Courage Our Own|84/100\n|move|p1a: Snorlax|Rest|p1a: Snorlax\n|-status|p1a: Snorlax|slp|[from] move: Rest\n|-heal|p1a: Snorlax|100/100 slp|[silent]\n|\n|upkeep\n|turn|71\n|\n|t:|1774117183\n|move|p2a: Courage Our Own|Seismic Toss|p1a: Snorlax\n|-damage|p1a: Snorlax|81/100 slp\n|cant|p1a: Snorlax|slp\n|\n|upkeep\n|turn|72\n|\n|t:|1774117185\n|move|p2a: Courage Our Own|Seismic Toss|p1a: Snorlax\n|-damage|p1a: Snorlax|62/100 slp\n|-curestatus|p1a: Snorlax|slp|[msg]\n|\n|upkeep\n|turn|73\n|\n|t:|1774117187\n|move|p2a: Courage Our Own|Thunder Wave|p1a: Snorlax\n|-status|p1a: Snorlax|par\n|move|p1a: Snorlax|Reflect|p1a: Snorlax\n|-start|p1a: Snorlax|Reflect\n|\n|upkeep\n|turn|74\n|\n|t:|1774117192\n|move|p2a: Courage Our Own|Seismic Toss|p1a: Snorlax\n|-damage|p1a: Snorlax|43/100 par\n|move|p1a: Snorlax|Body Slam|p2a: Courage Our Own\n|-crit|p2a: Courage Our Own\n|-damage|p2a: Courage Our Own|6/100\n|\n|upkeep\n|turn|75\n|inactive|BeeOrSomething has 90 seconds left.\n|\n|t:|1774117203\n|move|p2a: Courage Our Own|Seismic Toss|p1a: Snorlax\n|-damage|p1a: Snorlax|24/100 par\n|cant|p1a: Snorlax|par\n|\n|upkeep\n|turn|76\n|\n|t:|1774117210\n|move|p2a: Courage Our Own|Seismic Toss|p1a: Snorlax\n|-damage|p1a: Snorlax|5/100 par\n|move|p1a: Snorlax|Rest|p1a: Snorlax\n|-status|p1a: Snorlax|slp|[from] move: Rest\n|-heal|p1a: Snorlax|100/100 slp|[silent]\n|\n|upkeep\n|turn|77\n|\n|t:|1774117214\n|move|p2a: Courage Our Own|Soft-Boiled|p2a: Courage Our Own\n|-heal|p2a: Courage Our Own|56/100\n|cant|p1a: Snorlax|slp\n|\n|upkeep\n|turn|78\n|\n|t:|1774117216\n|move|p2a: Courage Our Own|Soft-Boiled|p2a: Courage Our Own\n|-heal|p2a: Courage Our Own|100/100\n|-curestatus|p1a: Snorlax|slp|[msg]\n|\n|upkeep\n|turn|79\n|\n|t:|1774117217\n|move|p2a: Courage Our Own|Thunder Wave|p1a: Snorlax\n|-status|p1a: Snorlax|par\n|move|p1a: Snorlax|Body Slam|p2a: Courage Our Own\n|-damage|p2a: Courage Our Own|61/100\n|\n|upkeep\n|turn|80\n|\n|t:|1774117222\n|move|p2a: Courage Our Own|Soft-Boiled|p2a: Courage Our Own\n|-heal|p2a: Courage Our Own|100/100\n|move|p1a: Snorlax|Body Slam|p2a: Courage Our Own\n|-damage|p2a: Courage Our Own|62/100\n|\n|upkeep\n|turn|81\n|\n|t:|1774117225\n|move|p2a: Courage Our Own|Soft-Boiled|p2a: Courage Our Own\n|-heal|p2a: Courage Our Own|100/100\n|move|p1a: Snorlax|Body Slam|p2a: Courage Our Own\n|-damage|p2a: Courage Our Own|59/100\n|\n|upkeep\n|turn|82\n|\n|t:|1774117228\n|move|p2a: Courage Our Own|Soft-Boiled|p2a: Courage Our Own\n|-heal|p2a: Courage Our Own|100/100\n|move|p1a: Snorlax|Body Slam|p2a: Courage Our Own\n|-damage|p2a: Courage Our Own|56/100\n|\n|upkeep\n|turn|83\n|\n|t:|1774117231\n|move|p2a: Courage Our Own|Soft-Boiled|p2a: Courage Our Own\n|-heal|p2a: Courage Our Own|100/100\n|move|p1a: Snorlax|Body Slam|p2a: Courage Our Own\n|-damage|p2a: Courage Our Own|58/100\n|\n|upkeep\n|turn|84\n|\n|t:|1774117234\n|move|p2a: Courage Our Own|Soft-Boiled|p2a: Courage Our Own\n|-heal|p2a: Courage Our Own|100/100\n|cant|p1a: Snorlax|par\n|\n|upkeep\n|turn|85\n|\n|t:|1774117238\n|move|p2a: Courage Our Own|Seismic Toss|p1a: Snorlax\n|-damage|p1a: Snorlax|81/100 par\n|move|p1a: Snorlax|Body Slam|p2a: Courage Our Own\n|-damage|p2a: Courage Our Own|61/100\n|\n|upkeep\n|turn|86\n|\n|t:|1774117240\n|move|p2a: Courage Our Own|Soft-Boiled|p2a: Courage Our Own\n|-heal|p2a: Courage Our Own|100/100\n|move|p1a: Snorlax|Body Slam|p2a: Courage Our Own\n|-damage|p2a: Courage Our Own|60/100\n|\n|upkeep\n|turn|87\n|\n|t:|1774117244\n|move|p2a: Courage Our Own|Seismic Toss|p1a: Snorlax\n|-damage|p1a: Snorlax|62/100 par\n|move|p1a: Snorlax|Body Slam|p2a: Courage Our Own\n|-damage|p2a: Courage Our Own|18/100\n|\n|upkeep\n|turn|88\n|inactive|BeeOrSomething has 210 seconds left.\n|\n|t:|1774117251\n|move|p2a: Courage Our Own|Soft-Boiled|p2a: Courage Our Own\n|-heal|p2a: Courage Our Own|68/100\n|cant|p1a: Snorlax|par\n|\n|upkeep\n|turn|89\n|\n|t:|1774117254\n|move|p2a: Courage Our Own|Seismic Toss|p1a: Snorlax\n|-damage|p1a: Snorlax|43/100 par\n|move|p1a: Snorlax|Rest|p1a: Snorlax\n|-status|p1a: Snorlax|slp|[from] move: Rest\n|-heal|p1a: Snorlax|100/100 slp|[silent]\n|\n|upkeep\n|turn|90\n|\n|t:|1774117259\n|move|p2a: Courage Our Own|Seismic Toss|p1a: Snorlax\n|-damage|p1a: Snorlax|81/100 slp\n|cant|p1a: Snorlax|slp\n|\n|upkeep\n|turn|91\n|\n|t:|1774117262\n|move|p2a: Courage Our Own|Seismic Toss|p1a: Snorlax\n|-damage|p1a: Snorlax|62/100 slp\n|-curestatus|p1a: Snorlax|slp|[msg]\n|\n|upkeep\n|turn|92\n|\n|t:|1774117264\n|move|p2a: Courage Our Own|Thunder Wave|p1a: Snorlax\n|-status|p1a: Snorlax|par\n|move|p1a: Snorlax|Body Slam|p2a: Courage Our Own\n|-damage|p2a: Courage Our Own|28/100\n|\n|upkeep\n|turn|93\n|\n|t:|1774117268\n|move|p2a: Courage Our Own|Soft-Boiled|p2a: Courage Our Own\n|-heal|p2a: Courage Our Own|77/100\n|move|p1a: Snorlax|Body Slam|p2a: Courage Our Own\n|-damage|p2a: Courage Our Own|39/100\n|\n|upkeep\n|turn|94\n|\n|t:|1774117276\n|move|p2a: Courage Our Own|Soft-Boiled|p2a: Courage Our Own\n|-heal|p2a: Courage Our Own|89/100\n|move|p1a: Snorlax|Body Slam|p2a: Courage Our Own\n|-damage|p2a: Courage Our Own|49/100\n|\n|upkeep\n|turn|95\n|\n|t:|1774117280\n|move|p2a: Courage Our Own|Seismic Toss|p1a: Snorlax\n|-damage|p1a: Snorlax|43/100 par\n|move|p1a: Snorlax|Body Slam|p2a: Courage Our Own\n|-damage|p2a: Courage Our Own|11/100\n|\n|upkeep\n|turn|96\n|\n|t:|1774117283\n|switch|p2a: Honor His Name|Snorlax|86/100 slp\n|cant|p1a: Snorlax|par\n|\n|upkeep\n|turn|97\n|\n|t:|1774117286\n|cant|p2a: Honor His Name|slp\n|move|p1a: Snorlax|Body Slam|p2a: Honor His Name\n|-damage|p2a: Honor His Name|62/100 slp\n|\n|upkeep\n|turn|98\n|\n|t:|1774117289\n|cant|p2a: Honor His Name|slp\n|cant|p1a: Snorlax|par\n|\n|upkeep\n|turn|99\n|\n|t:|1774117291\n|-curestatus|p2a: Honor His Name|slp|[msg]\n|move|p1a: Snorlax|Body Slam|p2a: Honor His Name\n|-damage|p2a: Honor His Name|35/100\n|\n|upkeep\n|turn|100\n|\n|t:|1774117295\n|move|p2a: Honor His Name|Self-Destruct|p1a: Snorlax\n|-damage|p1a: Snorlax|3/100 par\n|faint|p2a: Honor His Name\n|\n|t:|1774117297\n|switch|p2a: Courage Our Own|Chansey|11/100\n|turn|101\n|\n|t:|1774117301\n|move|p2a: Courage Our Own|Seismic Toss|p1a: Snorlax\n|-damage|p1a: Snorlax|0 fnt\n|faint|p1a: Snorlax\n|\n|t:|1774117303\n|switch|p1a: Jynx|Jynx|20/100 slp\n|turn|102\n|\n|t:|1774117304\n|cant|p1a: Jynx|slp\n|move|p2a: Courage Our Own|Seismic Toss|p1a: Jynx\n|-damage|p1a: Jynx|0 fnt\n|faint|p1a: Jynx\n|\n|win|BeeOrSomething\n|c|☆Girls See Ghosts|gg\n|c|☆BeeOrSomething|ggs\n|player|p2|\n","uploadtime":1774117304,"views":"1118","formatid":"gen1ou","rating":null,"private":0,"password":null}