{"id":"smogtours-gen1ou-945243","format":"[Gen 1] OU","players":["Mister Tim","SamuelBest"],"log":"|inactive|Battle timer is ON: inactive players will automatically lose when time's up.\n|t:|1781125023\n|gametype|singles\n|player|p1|Mister Tim|169|\n|player|p2|SamuelBest|ethan|\n|gen|1\n|tier|[Gen 1] OU\n|rule|Desync Clause Mod: Desyncs changed to move failure.\n|rule|HP Percentage Mod: HP is shown in percentages\n|rule|Endless Battle Clause: Forcing endless battles is banned\n|rule|Sleep Clause Mod: Limit one foe put to sleep\n|rule|Freeze Clause Mod: Limit one foe frozen\n|rule|Species Clause: Limit one of each Pokémon\n|rule|OHKO Clause: OHKO moves are banned\n|rule|Evasion Moves Clause: Evasion moves are banned\n|\n|t:|1781125023\n|teamsize|p1|6\n|teamsize|p2|6\n|start\n|switch|p1a: Jynx|Jynx|100/100\n|switch|p2a: Starmie|Starmie|100/100\n|turn|1\n|\n|t:|1781125028\n|switch|p2a: Gengar|Gengar|100/100\n|move|p1a: Jynx|Lovely Kiss|p2a: Gengar\n|-status|p2a: Gengar|slp|[from] move: Lovely Kiss\n|\n|upkeep\n|turn|2\n|\n|t:|1781125032\n|switch|p2a: Chansey|Chansey|100/100\n|move|p1a: Jynx|Psychic|p2a: Chansey\n|-damage|p2a: Chansey|86/100\n|\n|upkeep\n|turn|3\n|\n|t:|1781125035\n|move|p1a: Jynx|Blizzard|p2a: Chansey\n|-damage|p2a: Chansey|68/100\n|move|p2a: Chansey|Sing|p1a: Jynx\n|-status|p1a: Jynx|slp|[from] move: Sing\n|\n|upkeep\n|turn|4\n|inactive|Mister Tim has 270 seconds left.\n|\n|t:|1781125069\n|switch|p1a: Starmie|Starmie|100/100\n|move|p2a: Chansey|Soft-Boiled|p2a: Chansey\n|-heal|p2a: Chansey|100/100\n|\n|upkeep\n|turn|5\n|\n|t:|1781125072\n|move|p1a: Starmie|Thunder Wave|p2a: Chansey\n|-status|p2a: Chansey|par\n|move|p2a: Chansey|Thunder Wave|p1a: Starmie\n|-status|p1a: Starmie|par\n|\n|upkeep\n|turn|6\n|\n|t:|1781125081\n|move|p1a: Starmie|Psychic|p2a: Chansey\n|-damage|p2a: Chansey|85/100 par\n|-unboost|p2a: Chansey|spa|1\n|-unboost|p2a: Chansey|spd|1\n|move|p2a: Chansey|Ice Beam|p1a: Starmie\n|-resisted|p1a: Starmie\n|-damage|p1a: Starmie|93/100 par\n|\n|upkeep\n|turn|7\n|\n|t:|1781125085\n|move|p1a: Starmie|Psychic|p2a: Chansey\n|-damage|p2a: Chansey|62/100 par\n|cant|p2a: Chansey|par\n|\n|upkeep\n|turn|8\n|\n|t:|1781125089\n|move|p1a: Starmie|Psychic|p2a: Chansey\n|-damage|p2a: Chansey|41/100 par\n|move|p2a: Chansey|Soft-Boiled|p2a: Chansey\n|-heal|p2a: Chansey|91/100 par\n|\n|upkeep\n|turn|9\n|\n|t:|1781125091\n|switch|p2a: Starmie|Starmie|100/100\n|cant|p1a: Starmie|par\n|\n|upkeep\n|turn|10\n|\n|t:|1781125093\n|move|p2a: Starmie|Thunderbolt|p1a: Starmie\n|-supereffective|p1a: Starmie\n|-damage|p1a: Starmie|49/100 par\n|move|p1a: Starmie|Thunder Wave|p2a: Starmie\n|-status|p2a: Starmie|par\n|\n|upkeep\n|turn|11\n|\n|t:|1781125104\n|move|p2a: Starmie|Thunderbolt|p1a: Starmie\n|-supereffective|p1a: Starmie\n|-damage|p1a: Starmie|5/100 par\n|move|p1a: Starmie|Recover|p1a: Starmie\n|-heal|p1a: Starmie|54/100 par\n|\n|upkeep\n|turn|12\n|\n|t:|1781125119\n|move|p1a: Starmie|Recover|p1a: Starmie\n|-heal|p1a: Starmie|100/100 par\n|cant|p2a: Starmie|par\n|\n|upkeep\n|turn|13\n|\n|t:|1781125123\n|cant|p1a: Starmie|par\n|move|p2a: Starmie|Thunderbolt|p1a: Starmie\n|-supereffective|p1a: Starmie\n|-damage|p1a: Starmie|56/100 par\n|\n|upkeep\n|turn|14\n|\n|t:|1781125125\n|move|p1a: Starmie|Recover|p1a: Starmie\n|-heal|p1a: Starmie|100/100 par\n|move|p2a: Starmie|Thunderbolt|p1a: Starmie\n|-supereffective|p1a: Starmie\n|-damage|p1a: Starmie|52/100 par\n|\n|upkeep\n|turn|15\n|\n|t:|1781125128\n|move|p1a: Starmie|Recover|p1a: Starmie\n|-heal|p1a: Starmie|100/100 par\n|move|p2a: Starmie|Thunderbolt|p1a: Starmie\n|-supereffective|p1a: Starmie\n|-damage|p1a: Starmie|56/100 par\n|\n|upkeep\n|turn|16\n|\n|t:|1781125130\n|switch|p1a: Chansey|Chansey|100/100\n|move|p2a: Starmie|Thunderbolt|p1a: Chansey\n|-damage|p1a: Chansey|90/100\n|\n|upkeep\n|turn|17\n|\n|t:|1781125133\n|switch|p2a: Chansey|Chansey|91/100 par\n|move|p1a: Chansey|Thunderbolt|p2a: Chansey\n|-crit|p2a: Chansey\n|-damage|p2a: Chansey|71/100 par\n|\n|upkeep\n|turn|18\n|\n|t:|1781125140\n|switch|p1a: Starmie|Starmie|56/100 par\n|move|p2a: Chansey|Ice Beam|p1a: Starmie\n|-resisted|p1a: Starmie\n|-damage|p1a: Starmie|44/100 par\n|\n|upkeep\n|turn|19\n|\n|t:|1781125142\n|switch|p2a: Starmie|Starmie|100/100 par\n|move|p1a: Starmie|Recover|p1a: Starmie\n|-heal|p1a: Starmie|94/100 par\n|\n|upkeep\n|turn|20\n|\n|t:|1781125148\n|move|p1a: Starmie|Thunderbolt|p2a: Starmie\n|-supereffective|p2a: Starmie\n|-damage|p2a: Starmie|52/100 par\n|move|p2a: Starmie|Thunderbolt|p1a: Starmie\n|-supereffective|p1a: Starmie\n|-damage|p1a: Starmie|50/100 par\n|\n|upkeep\n|turn|21\n|\n|t:|1781125150\n|move|p2a: Starmie|Thunderbolt|p1a: Starmie\n|-supereffective|p1a: Starmie\n|-damage|p1a: Starmie|0 fnt\n|faint|p1a: Starmie\n|\n|t:|1781125156\n|switch|p1a: Snorlax|Snorlax|100/100\n|turn|22\n|\n|t:|1781125160\n|switch|p2a: Gengar|Gengar|100/100 slp\n|move|p1a: Snorlax|Body Slam|p2a: Gengar\n|-immune|p2a: Gengar\n|\n|upkeep\n|turn|23\n|\n|t:|1781125172\n|switch|p2a: Exeggutor|Exeggutor|100/100\n|switch|p1a: Rhydon|Rhydon|100/100\n|\n|upkeep\n|turn|24\n|\n|t:|1781125176\n|switch|p1a: Chansey|Chansey|90/100\n|move|p2a: Exeggutor|Psychic|p1a: Chansey\n|-damage|p1a: Chansey|73/100\n|\n|upkeep\n|turn|25\n|\n|t:|1781125184\n|switch|p2a: Chansey|Chansey|71/100 par\n|switch|p1a: Rhydon|Rhydon|100/100\n|\n|upkeep\n|turn|26\n|\n|t:|1781125188\n|switch|p2a: Exeggutor|Exeggutor|100/100\n|move|p1a: Rhydon|Earthquake|p2a: Exeggutor\n|-resisted|p2a: Exeggutor\n|-damage|p2a: Exeggutor|79/100\n|\n|upkeep\n|turn|27\n|\n|t:|1781125210\n|move|p2a: Exeggutor|Psychic|p1a: Rhydon\n|-damage|p1a: Rhydon|56/100\n|move|p1a: Rhydon|Body Slam|p2a: Exeggutor\n|-damage|p2a: Exeggutor|56/100\n|\n|upkeep\n|turn|28\n|\n|t:|1781125219\n|switch|p1a: Chansey|Chansey|73/100\n|move|p2a: Exeggutor|Mega Drain|p1a: Chansey\n|-damage|p1a: Chansey|65/100\n|-heal|p2a: Exeggutor|63/100|[from] drain|[of] p1a: Chansey\n|\n|upkeep\n|turn|29\n|\n|t:|1781125221\n|switch|p2a: Chansey|Chansey|71/100 par\n|move|p1a: Chansey|Soft-Boiled|p1a: Chansey\n|-heal|p1a: Chansey|100/100\n|\n|upkeep\n|turn|30\n|\n|t:|1781125225\n|switch|p1a: Snorlax|Snorlax|100/100\n|move|p2a: Chansey|Ice Beam|p1a: Snorlax\n|-crit|p1a: Snorlax\n|-damage|p1a: Snorlax|61/100\n|\n|upkeep\n|turn|31\n|\n|t:|1781125233\n|switch|p2a: Gengar|Gengar|100/100 slp\n|move|p1a: Snorlax|Body Slam|p2a: Gengar\n|-immune|p2a: Gengar\n|\n|upkeep\n|turn|32\n|\n|t:|1781125236\n|switch|p1a: Rhydon|Rhydon|56/100\n|cant|p2a: Gengar|slp\n|\n|upkeep\n|turn|33\n|\n|t:|1781125242\n|switch|p2a: Exeggutor|Exeggutor|63/100\n|move|p1a: Rhydon|Body Slam|p2a: Exeggutor\n|-damage|p2a: Exeggutor|42/100\n|\n|upkeep\n|turn|34\n|\n|t:|1781125251\n|switch|p1a: Chansey|Chansey|100/100\n|move|p2a: Exeggutor|Mega Drain|p1a: Chansey\n|-damage|p1a: Chansey|92/100\n|-heal|p2a: Exeggutor|49/100|[from] drain|[of] p1a: Chansey\n|\n|upkeep\n|turn|35\n|\n|t:|1781125257\n|switch|p2a: Chansey|Chansey|71/100 par\n|move|p1a: Chansey|Ice Beam|p2a: Chansey\n|-damage|p2a: Chansey|60/100 par\n|\n|upkeep\n|turn|36\n|\n|t:|1781125261\n|switch|p1a: Rhydon|Rhydon|56/100\n|move|p2a: Chansey|Soft-Boiled|p2a: Chansey\n|-heal|p2a: Chansey|100/100 par\n|\n|upkeep\n|turn|37\n|\n|t:|1781125265\n|move|p1a: Rhydon|Earthquake|p2a: Chansey\n|-damage|p2a: Chansey|42/100 par\n|move|p2a: Chansey|Ice Beam|p1a: Rhydon\n|-supereffective|p1a: Rhydon\n|-damage|p1a: Rhydon|0 fnt\n|faint|p1a: Rhydon\n|\n|t:|1781125272\n|switch|p1a: Tauros|Tauros|100/100\n|turn|38\n|\n|t:|1781125279\n|switch|p2a: Gengar|Gengar|100/100 slp\n|move|p1a: Tauros|Hyper Beam|p2a: Gengar\n|-immune|p2a: Gengar\n|\n|upkeep\n|turn|39\n|\n|t:|1781125284\n|switch|p2a: Snorlax|Snorlax|100/100\n|move|p1a: Tauros|Body Slam|p2a: Snorlax\n|-damage|p2a: Snorlax|74/100\n|\n|upkeep\n|turn|40\n|\n|t:|1781125292\n|move|p1a: Tauros|Blizzard|p2a: Snorlax\n|-damage|p2a: Snorlax|56/100\n|move|p2a: Snorlax|Counter|p1a: Tauros\n|-fail|p2a: Snorlax\n|\n|upkeep\n|turn|41\n|\n|t:|1781125300\n|move|p1a: Tauros|Blizzard|p2a: Snorlax\n|-damage|p2a: Snorlax|36/100\n|move|p2a: Snorlax|Body Slam|p1a: Tauros\n|-damage|p1a: Tauros|67/100\n|\n|upkeep\n|turn|42\n|\n|t:|1781125307\n|move|p1a: Tauros|Hyper Beam|p2a: Snorlax\n|-crit|p2a: Snorlax\n|-damage|p2a: Snorlax|0 fnt\n|faint|p2a: Snorlax\n|\n|t:|1781125308\n|switch|p2a: Tauros|Tauros|100/100\n|turn|43\n|\n|t:|1781125330\n|move|p2a: Tauros|Body Slam|p1a: Tauros\n|-damage|p1a: Tauros|36/100\n|move|p1a: Tauros|Blizzard|p2a: Tauros\n|-crit|p2a: Tauros\n|-damage|p2a: Tauros|50/100\n|\n|upkeep\n|turn|44\n|\n|t:|1781125345\n|switch|p1a: Snorlax|Snorlax|61/100\n|move|p2a: Tauros|Hyper Beam|p1a: Snorlax|[miss]\n|-miss|p2a: Tauros\n|\n|upkeep\n|turn|45\n|\n|t:|1781125363\n|switch|p2a: Gengar|Gengar|100/100 slp\n|move|p1a: Snorlax|Hyper Beam|p2a: Gengar\n|-immune|p2a: Gengar\n|\n|upkeep\n|turn|46\n|\n|t:|1781125367\n|switch|p1a: Tauros|Tauros|36/100\n|cant|p2a: Gengar|slp\n|\n|upkeep\n|turn|47\n|\n|t:|1781125369\n|move|p1a: Tauros|Blizzard|p2a: Gengar\n|-damage|p2a: Gengar|81/100 slp\n|-curestatus|p2a: Gengar|slp|[msg]\n|\n|upkeep\n|turn|48\n|\n|t:|1781125377\n|switch|p1a: Chansey|Chansey|92/100\n|move|p2a: Gengar|Explosion|p1a: Chansey\n|-damage|p1a: Chansey|19/100\n|faint|p2a: Gengar\n|\n|t:|1781125380\n|switch|p2a: Tauros|Tauros|50/100\n|turn|49\n|\n|t:|1781125390\n|move|p2a: Tauros|Body Slam|p1a: Chansey\n|-damage|p1a: Chansey|0 fnt\n|faint|p1a: Chansey\n|\n|t:|1781125398\n|switch|p1a: Snorlax|Snorlax|61/100\n|turn|50\n|\n|t:|1781125401\n|switch|p2a: Chansey|Chansey|42/100 par\n|move|p1a: Snorlax|Hyper Beam|p2a: Chansey\n|-damage|p2a: Chansey|0 fnt\n|faint|p2a: Chansey\n|\n|t:|1781125402\n|switch|p2a: Exeggutor|Exeggutor|49/100\n|turn|51\n|\n|t:|1781125421\n|switch|p1a: Jynx|Jynx|100/100 slp\n|move|p2a: Exeggutor|Psychic|p1a: Jynx\n|-resisted|p1a: Jynx\n|-damage|p1a: Jynx|82/100 slp\n|-unboost|p1a: Jynx|spa|1\n|-unboost|p1a: Jynx|spd|1\n|\n|upkeep\n|turn|52\n|\n|t:|1781125423\n|cant|p1a: Jynx|slp\n|move|p2a: Exeggutor|Mega Drain|p1a: Jynx\n|-damage|p1a: Jynx|57/100 slp\n|-heal|p2a: Exeggutor|60/100|[from] drain|[of] p1a: Jynx\n|\n|upkeep\n|turn|53\n|\n|t:|1781125426\n|-curestatus|p1a: Jynx|slp|[msg]\n|move|p2a: Exeggutor|Mega Drain|p1a: Jynx\n|-damage|p1a: Jynx|30/100\n|-heal|p2a: Exeggutor|71/100|[from] drain|[of] p1a: Jynx\n|\n|upkeep\n|turn|54\n|\n|t:|1781125436\n|switch|p1a: Tauros|Tauros|36/100\n|switch|p2a: Starmie|Starmie|52/100 par\n|\n|upkeep\n|turn|55\n|\n|t:|1781125439\n|move|p1a: Tauros|Hyper Beam|p2a: Starmie\n|-crit|p2a: Starmie\n|-damage|p2a: Starmie|0 fnt\n|faint|p2a: Starmie\n|\n|t:|1781125441\n|switch|p2a: Tauros|Tauros|50/100\n|turn|56\n|\n|t:|1781125445\n|switch|p2a: Exeggutor|Exeggutor|71/100\n|move|p1a: Tauros|Hyper Beam|p2a: Exeggutor\n|-crit|p2a: Exeggutor\n|-damage|p2a: Exeggutor|0 fnt\n|faint|p2a: Exeggutor\n|\n|t:|1781125447\n|switch|p2a: Tauros|Tauros|50/100\n|turn|57\n|\n|t:|1781125449\n|move|p2a: Tauros|Hyper Beam|p1a: Tauros\n|-damage|p1a: Tauros|0 fnt\n|faint|p1a: Tauros\n|\n|t:|1781125454\n|switch|p1a: Snorlax|Snorlax|61/100\n|turn|58\n|\n|t:|1781125460\n|move|p2a: Tauros|Hyper Beam|p1a: Snorlax\n|-damage|p1a: Snorlax|19/100\n|-mustrecharge|p2a: Tauros\n|move|p1a: Snorlax|Hyper Beam|p2a: Tauros|[miss]\n|-miss|p1a: Snorlax\n|\n|upkeep\n|turn|59\n|\n|t:|1781125464\n|cant|p2a: Tauros|recharge\n|move|p1a: Snorlax|Hyper Beam|p2a: Tauros\n|-damage|p2a: Tauros|0 fnt\n|faint|p2a: Tauros\n|\n|win|Mister Tim\n|c|☆SamuelBest|gg\n|c|☆Mister Tim|gg\n|player|p2|\n","uploadtime":1781125464,"views":"84","formatid":"gen1ou","rating":null,"private":0,"password":null}