{"id":"smogtours-gen1ou-946546","format":"[Gen 1] OU","players":["AJ Duncan","16bit"],"log":"|inactive|Battle timer is ON: inactive players will automatically lose when time's up.\n|t:|1781442939\n|gametype|singles\n|player|p1|AJ Duncan|#wcop2026italy|\n|player|p2|16bit|malva|\n|gen|1\n|tier|[Gen 1] OU\n|rule|Desync Clause Mod: Desyncs changed to move failure.\n|rule|HP Percentage Mod: HP is shown in percentages\n|rule|Endless Battle Clause: Forcing endless battles is banned\n|rule|Sleep Clause Mod: Limit one foe put to sleep\n|rule|Freeze Clause Mod: Limit one foe frozen\n|rule|Species Clause: Limit one of each Pokémon\n|rule|OHKO Clause: OHKO moves are banned\n|rule|Evasion Moves Clause: Evasion moves are banned\n|\n|t:|1781442939\n|teamsize|p1|6\n|teamsize|p2|6\n|start\n|switch|p1a: Alakazam|Alakazam|100/100\n|switch|p2a: Alakazam|Alakazam|100/100\n|turn|1\n|c|☆AJ Duncan|hf\n|inactive|16bit has 270 seconds left.\n|c|☆16bit|u2\n|\n|t:|1781442985\n|switch|p1a: Chansey|Chansey|100/100\n|switch|p2a: Chansey|Chansey|100/100\n|\n|upkeep\n|turn|2\n|inactive|AJ Duncan has 270 seconds left.\n|inactive|16bit has 270 seconds left.\n|\n|t:|1781443019\n|move|p1a: Chansey|Ice Beam|p2a: Chansey\n|-damage|p2a: Chansey|90/100\n|move|p2a: Chansey|Sing|p1a: Chansey\n|-status|p1a: Chansey|slp|[from] move: Sing\n|\n|upkeep\n|turn|3\n|inactive|16bit has 270 seconds left.\n|\n|t:|1781443032\n|switch|p2a: bobby witt jr|Tauros|100/100\n|cant|p1a: Chansey|slp\n|\n|upkeep\n|turn|4\n|\n|t:|1781443036\n|switch|p1a: Lapras|Lapras|100/100\n|move|p2a: bobby witt jr|Body Slam|p1a: Lapras\n|-damage|p1a: Lapras|74/100\n|\n|upkeep\n|turn|5\n|inactive|16bit has 270 seconds left.\n|\n|t:|1781443076\n|switch|p2a: Chansey|Chansey|90/100\n|move|p1a: Lapras|Blizzard|p2a: Chansey\n|-damage|p2a: Chansey|70/100\n|\n|upkeep\n|turn|6\n|inactive|AJ Duncan has 270 seconds left.\n|\n|t:|1781443106\n|move|p1a: Lapras|Confuse Ray|p2a: Chansey\n|-start|p2a: Chansey|confusion\n|-activate|p2a: Chansey|confusion\n|-damage|p2a: Chansey|68/100|[from] confusion\n|\n|upkeep\n|turn|7\n|\n|t:|1781443119\n|switch|p1a: Exeggutor|Exeggutor|100/100\n|switch|p2a: Alakazam|Alakazam|100/100\n|\n|upkeep\n|turn|8\n|\n|t:|1781443130\n|switch|p2a: Exeggutor|Exeggutor|100/100\n|move|p1a: Exeggutor|Sleep Powder|p2a: Exeggutor\n|-status|p2a: Exeggutor|slp|[from] move: Sleep Powder\n|\n|upkeep\n|turn|9\n|inactive|AJ Duncan has 270 seconds left.\n|\n|t:|1781443143\n|cant|p2a: Exeggutor|slp\n|move|p1a: Exeggutor|Stun Spore|p2a: Exeggutor\n|-fail|p2a: Exeggutor\n|\n|upkeep\n|turn|10\n|inactive|AJ Duncan has 270 seconds left.\n|\n|t:|1781443148\n|switch|p2a: Cloyster|Cloyster|100/100\n|move|p1a: Exeggutor|Psychic|p2a: Cloyster\n|-damage|p2a: Cloyster|58/100\n|\n|upkeep\n|turn|11\n|inactive|AJ Duncan has 270 seconds left.\n|\n|t:|1781443165\n|switch|p1a: Lapras|Lapras|74/100\n|move|p2a: Cloyster|Clamp|p1a: Lapras\n|-resisted|p1a: Lapras\n|-damage|p1a: Lapras|70/100\n|\n|upkeep\n|turn|12\n|\n|t:|1781443171\n|switch|p2a: Chansey|Chansey|68/100\n|\n|upkeep\n|turn|13\n|\n|t:|1781443177\n|move|p1a: Lapras|Confuse Ray|p2a: Chansey\n|-start|p2a: Chansey|confusion\n|-activate|p2a: Chansey|confusion\n|move|p2a: Chansey|Thunder Wave|p1a: Lapras\n|-status|p1a: Lapras|par\n|\n|upkeep\n|turn|14\n|inactive|16bit has 240 seconds left.\n|inactive|16bit has 210 seconds left.\n|inactive|16bit has 180 seconds left.\n|\n|t:|1781443277\n|switch|p2a: Alakazam|Alakazam|100/100\n|move|p1a: Lapras|Blizzard|p2a: Alakazam\n|-crit|p2a: Alakazam\n|-damage|p2a: Alakazam|30/100\n|-status|p2a: Alakazam|frz\n|\n|upkeep\n|turn|15\n|\n|t:|1781443291\n|switch|p2a: Chansey|Chansey|68/100\n|switch|p1a: Exeggutor|Exeggutor|100/100\n|\n|upkeep\n|turn|16\n|inactive|AJ Duncan has 270 seconds left.\n|\n|t:|1781443317\n|move|p1a: Exeggutor|Stun Spore|p2a: Chansey|[miss]\n|-miss|p1a: Exeggutor\n|move|p2a: Chansey|Thunder Wave|p1a: Exeggutor\n|-status|p1a: Exeggutor|par\n|\n|upkeep\n|turn|17\n|\n|t:|1781443330\n|move|p2a: Chansey|Seismic Toss|p1a: Exeggutor\n|-damage|p1a: Exeggutor|75/100 par\n|move|p1a: Exeggutor|Psychic|p2a: Chansey\n|-damage|p2a: Chansey|52/100\n|-unboost|p2a: Chansey|spa|1\n|-unboost|p2a: Chansey|spd|1\n|\n|upkeep\n|turn|18\n|\n|t:|1781443339\n|move|p2a: Chansey|Soft-Boiled|p2a: Chansey\n|-heal|p2a: Chansey|100/100\n|move|p1a: Exeggutor|Stun Spore|p2a: Chansey\n|-status|p2a: Chansey|par\n|\n|upkeep\n|turn|19\n|inactive|AJ Duncan has 270 seconds left.\n|\n|t:|1781443356\n|switch|p2a: Exeggutor|Exeggutor|100/100 slp\n|move|p1a: Exeggutor|Psychic|p2a: Exeggutor\n|-resisted|p2a: Exeggutor\n|-damage|p2a: Exeggutor|88/100 slp\n|\n|upkeep\n|turn|20\n|\n|t:|1781443367\n|switch|p2a: Cloyster|Cloyster|58/100\n|switch|p1a: Snorlax|Snorlax|100/100\n|\n|upkeep\n|turn|21\n|inactive|16bit has 150 seconds left.\n|inactive|16bit has 120 seconds left.\n|\n|t:|1781443422\n|switch|p1a: Lapras|Lapras|70/100 par\n|move|p2a: Cloyster|Clamp|p1a: Lapras\n|-resisted|p1a: Lapras\n|-damage|p1a: Lapras|66/100 par\n|\n|upkeep\n|turn|22\n|inactive|16bit has 120 seconds left.\n|inactive|AJ Duncan has 270 seconds left.\n|\n|t:|1781443442\n|move|p2a: Cloyster|Clamp|p1a: Lapras|[from] Clamp\n|-damage|p1a: Lapras|61/100 par\n|\n|upkeep\n|turn|23\n|inactive|16bit has 120 seconds left.\n|\n|t:|1781443453\n|switch|p2a: Chansey|Chansey|100/100 par\n|\n|upkeep\n|turn|24\n|\n|t:|1781443462\n|switch|p1a: Snorlax|Snorlax|100/100\n|cant|p2a: Chansey|par\n|\n|upkeep\n|turn|25\n|inactive|16bit has 120 seconds left.\n|\n|t:|1781443498\n|switch|p2a: Alakazam|Alakazam|30/100 frz\n|move|p1a: Snorlax|Body Slam|p2a: Alakazam\n|-damage|p2a: Alakazam|0 fnt\n|faint|p2a: Alakazam\n|\n|t:|1781443513\n|switch|p2a: Cloyster|Cloyster|58/100\n|turn|26\n|\n|t:|1781443518\n|switch|p1a: Lapras|Lapras|61/100 par\n|move|p2a: Cloyster|Clamp|p1a: Lapras\n|-resisted|p1a: Lapras\n|-damage|p1a: Lapras|57/100 par\n|\n|upkeep\n|turn|27\n|\n|t:|1781443526\n|move|p2a: Cloyster|Clamp|p1a: Lapras|[from] Clamp\n|-damage|p1a: Lapras|53/100 par\n|\n|upkeep\n|turn|28\n|\n|t:|1781443537\n|switch|p1a: Alakazam|Alakazam|100/100\n|move|p2a: Cloyster|Clamp|p1a: Alakazam\n|-damage|p1a: Alakazam|91/100\n|\n|upkeep\n|turn|29\n|\n|t:|1781443545\n|switch|p2a: Chansey|Chansey|100/100 par\n|\n|upkeep\n|turn|30\n|\n|t:|1781443556\n|switch|p1a: Exeggutor|Exeggutor|75/100 par\n|move|p2a: Chansey|Seismic Toss|p1a: Exeggutor\n|-damage|p1a: Exeggutor|50/100 par\n|\n|upkeep\n|turn|31\n|inactive|16bit has 150 seconds left.\n|\n|t:|1781443590\n|switch|p2a: Exeggutor|Exeggutor|88/100 slp\n|cant|p1a: Exeggutor|par\n|\n|upkeep\n|turn|32\n|inactive|16bit has 120 seconds left.\n|\n|t:|1781443607\n|switch|p2a: Cloyster|Cloyster|58/100\n|move|p1a: Exeggutor|Psychic|p2a: Cloyster\n|-damage|p2a: Cloyster|8/100\n|\n|upkeep\n|turn|33\n|\n|t:|1781443615\n|switch|p1a: Lapras|Lapras|53/100 par\n|move|p2a: Cloyster|Blizzard|p1a: Lapras|[miss]\n|-miss|p2a: Cloyster\n|\n|upkeep\n|turn|34\n|\n|t:|1781443635\n|move|p2a: Cloyster|Explosion|p1a: Lapras\n|-damage|p1a: Lapras|0 fnt\n|faint|p1a: Lapras\n|faint|p2a: Cloyster\n|\n|t:|1781443645\n|switch|p2a: Snorlax|Snorlax|100/100\n|switch|p1a: Snorlax|Snorlax|100/100\n|turn|35\n|\n|t:|1781443659\n|move|p1a: Snorlax|Reflect|p1a: Snorlax\n|-start|p1a: Snorlax|Reflect\n|move|p2a: Snorlax|Body Slam|p1a: Snorlax\n|-damage|p1a: Snorlax|87/100\n|\n|upkeep\n|turn|36\n|\n|t:|1781443664\n|move|p1a: Snorlax|Body Slam|p2a: Snorlax\n|-damage|p2a: Snorlax|74/100\n|move|p2a: Snorlax|Amnesia|p2a: Snorlax\n|-boost|p2a: Snorlax|spa|2\n|-boost|p2a: Snorlax|spd|2\n|\n|upkeep\n|turn|37\n|\n|t:|1781443671\n|move|p2a: Snorlax|Blizzard|p1a: Snorlax\n|-damage|p1a: Snorlax|50/100\n|move|p1a: Snorlax|Body Slam|p2a: Snorlax\n|-damage|p2a: Snorlax|48/100\n|\n|upkeep\n|turn|38\n|\n|t:|1781443685\n|move|p1a: Snorlax|Rest|p1a: Snorlax\n|-status|p1a: Snorlax|slp|[from] move: Rest\n|-heal|p1a: Snorlax|100/100 slp|[silent]\n|move|p2a: Snorlax|Blizzard|p1a: Snorlax\n|-damage|p1a: Snorlax|62/100 slp\n|\n|upkeep\n|turn|39\n|inactive|16bit has 150 seconds left.\n|\n|t:|1781443703\n|cant|p1a: Snorlax|slp\n|move|p2a: Snorlax|Blizzard|p1a: Snorlax\n|-damage|p1a: Snorlax|26/100 slp\n|\n|upkeep\n|turn|40\n|\n|t:|1781443710\n|switch|p1a: Chansey|Chansey|100/100 slp\n|move|p2a: Snorlax|Blizzard|p1a: Chansey\n|-damage|p1a: Chansey|81/100 slp\n|\n|upkeep\n|turn|41\n|\n|t:|1781443715\n|cant|p1a: Chansey|slp\n|move|p2a: Snorlax|Body Slam|p1a: Chansey\n|-damage|p1a: Chansey|37/100 slp\n|\n|upkeep\n|turn|42\n|\n|t:|1781443724\n|cant|p1a: Chansey|slp\n|move|p2a: Snorlax|Body Slam|p1a: Chansey\n|-damage|p1a: Chansey|0 fnt\n|faint|p1a: Chansey\n|\n|t:|1781443730\n|switch|p1a: Tauros|Tauros|100/100\n|turn|43\n|\n|t:|1781443740\n|move|p1a: Tauros|Body Slam|p2a: Snorlax\n|-damage|p2a: Snorlax|23/100\n|move|p2a: Snorlax|Self-Destruct|p1a: Tauros\n|-damage|p1a: Tauros|12/100\n|faint|p2a: Snorlax\n|\n|t:|1781443743\n|switch|p2a: bobby witt jr|Tauros|100/100\n|turn|44\n|\n|t:|1781443747\n|switch|p1a: Snorlax|Snorlax|26/100 slp\n|move|p2a: bobby witt jr|Body Slam|p1a: Snorlax\n|-damage|p1a: Snorlax|0 fnt\n|faint|p1a: Snorlax\n|\n|t:|1781443752\n|switch|p1a: Alakazam|Alakazam|91/100\n|turn|45\n|inactive|16bit has 210 seconds left.\n|\n|t:|1781443763\n|switch|p1a: Exeggutor|Exeggutor|50/100 par\n|switch|p2a: Chansey|Chansey|100/100 par\n|\n|upkeep\n|turn|46\n|inactive|16bit has 210 seconds left.\n|\n|t:|1781443783\n|switch|p1a: Tauros|Tauros|12/100\n|move|p2a: Chansey|Seismic Toss|p1a: Tauros\n|-damage|p1a: Tauros|0 fnt\n|faint|p1a: Tauros\n|\n|t:|1781443788\n|switch|p1a: Exeggutor|Exeggutor|50/100 par\n|turn|47\n|c|☆AJ Duncan|aight\n|\n|t:|1781443802\n|switch|p2a: Exeggutor|Exeggutor|88/100 slp\n|move|p1a: Exeggutor|Psychic|p2a: Exeggutor\n|-resisted|p2a: Exeggutor\n|-damage|p2a: Exeggutor|75/100 slp\n|\n|upkeep\n|turn|48\n|\n|t:|1781443808\n|cant|p2a: Exeggutor|slp\n|move|p1a: Exeggutor|Psychic|p2a: Exeggutor\n|-resisted|p2a: Exeggutor\n|-damage|p2a: Exeggutor|62/100 slp\n|\n|upkeep\n|turn|49\n|\n|t:|1781443814\n|cant|p2a: Exeggutor|slp\n|move|p1a: Exeggutor|Psychic|p2a: Exeggutor\n|-resisted|p2a: Exeggutor\n|-damage|p2a: Exeggutor|49/100 slp\n|-unboost|p2a: Exeggutor|spa|1\n|-unboost|p2a: Exeggutor|spd|1\n|\n|upkeep\n|turn|50\n|\n|t:|1781443820\n|cant|p2a: Exeggutor|slp\n|move|p1a: Exeggutor|Psychic|p2a: Exeggutor\n|-resisted|p2a: Exeggutor\n|-damage|p2a: Exeggutor|27/100 slp\n|-unboost|p2a: Exeggutor|spa|1\n|-unboost|p2a: Exeggutor|spd|1\n|\n|upkeep\n|turn|51\n|\n|t:|1781443827\n|switch|p2a: Chansey|Chansey|100/100 par\n|cant|p1a: Exeggutor|par\n|\n|upkeep\n|turn|52\n|\n|t:|1781443834\n|move|p1a: Exeggutor|Psychic|p2a: Chansey\n|-crit|p2a: Chansey\n|-damage|p2a: Chansey|68/100 par\n|move|p2a: Chansey|Seismic Toss|p1a: Exeggutor\n|-damage|p1a: Exeggutor|24/100 par\n|\n|upkeep\n|turn|53\n|\n|t:|1781443838\n|switch|p2a: Exeggutor|Exeggutor|27/100 slp\n|cant|p1a: Exeggutor|par\n|\n|upkeep\n|turn|54\n|\n|t:|1781443844\n|cant|p2a: Exeggutor|slp\n|move|p1a: Exeggutor|Psychic|p2a: Exeggutor\n|-crit|p2a: Exeggutor\n|-resisted|p2a: Exeggutor\n|-damage|p2a: Exeggutor|0 fnt\n|faint|p2a: Exeggutor\n|\n|t:|1781443846\n|switch|p2a: bobby witt jr|Tauros|100/100\n|turn|55\n|\n|t:|1781443855\n|move|p2a: bobby witt jr|Body Slam|p1a: Exeggutor\n|-damage|p1a: Exeggutor|0 fnt\n|faint|p1a: Exeggutor\n|\n|t:|1781443857\n|switch|p1a: Alakazam|Alakazam|91/100\n|turn|56\n|\n|t:|1781443868\n|move|p1a: Alakazam|Psychic|p2a: bobby witt jr\n|-crit|p2a: bobby witt jr\n|-damage|p2a: bobby witt jr|16/100\n|move|p2a: bobby witt jr|Body Slam|p1a: Alakazam\n|-damage|p1a: Alakazam|44/100\n|\n|upkeep\n|turn|57\n|\n|t:|1781443878\n|switch|p2a: Chansey|Chansey|68/100 par\n|move|p1a: Alakazam|Psychic|p2a: Chansey\n|-crit|p2a: Chansey\n|-damage|p2a: Chansey|32/100 par\n|\n|upkeep\n|turn|58\n|c|☆AJ Duncan|another one\n|\n|t:|1781443888\n|move|p1a: Alakazam|Psychic|p2a: Chansey\n|-damage|p2a: Chansey|13/100 par\n|move|p2a: Chansey|Thunder Wave|p1a: Alakazam\n|-status|p1a: Alakazam|par\n|\n|upkeep\n|turn|59\n|\n|t:|1781443897\n|move|p1a: Alakazam|Recover|p1a: Alakazam\n|-heal|p1a: Alakazam|94/100 par\n|move|p2a: Chansey|Soft-Boiled|p2a: Chansey\n|-heal|p2a: Chansey|63/100 par\n|\n|upkeep\n|turn|60\n|\n|t:|1781443905\n|move|p1a: Alakazam|Psychic|p2a: Chansey\n|-damage|p2a: Chansey|46/100 par\n|-unboost|p2a: Chansey|spa|1\n|-unboost|p2a: Chansey|spd|1\n|move|p2a: Chansey|Soft-Boiled|p2a: Chansey\n|-heal|p2a: Chansey|96/100 par\n|\n|upkeep\n|turn|61\n|\n|t:|1781443911\n|cant|p1a: Alakazam|par\n|move|p2a: Chansey|Seismic Toss|p1a: Alakazam\n|-damage|p1a: Alakazam|62/100 par\n|\n|upkeep\n|turn|62\n|\n|t:|1781443931\n|move|p1a: Alakazam|Recover|p1a: Alakazam\n|-heal|p1a: Alakazam|100/100 par\n|move|p2a: Chansey|Seismic Toss|p1a: Alakazam\n|-damage|p1a: Alakazam|69/100 par\n|\n|upkeep\n|turn|63\n|\n|t:|1781443959\n|move|p1a: Alakazam|Recover|p1a: Alakazam\n|-heal|p1a: Alakazam|100/100 par\n|cant|p2a: Chansey|par\n|\n|upkeep\n|turn|64\n|\n|t:|1781443964\n|move|p1a: Alakazam|Psychic|p2a: Chansey\n|-damage|p2a: Chansey|70/100 par\n|cant|p2a: Chansey|par\n|\n|upkeep\n|turn|65\n|\n|t:|1781443968\n|move|p1a: Alakazam|Psychic|p2a: Chansey\n|-damage|p2a: Chansey|43/100 par\n|-unboost|p2a: Chansey|spa|1\n|-unboost|p2a: Chansey|spd|1\n|move|p2a: Chansey|Seismic Toss|p1a: Alakazam\n|-damage|p1a: Alakazam|69/100 par\n|\n|upkeep\n|turn|66\n|\n|t:|1781443979\n|move|p1a: Alakazam|Recover|p1a: Alakazam\n|-heal|p1a: Alakazam|100/100 par\n|move|p2a: Chansey|Seismic Toss|p1a: Alakazam\n|-damage|p1a: Alakazam|69/100 par\n|\n|upkeep\n|turn|67\n|\n|t:|1781443983\n|move|p1a: Alakazam|Recover|p1a: Alakazam\n|-heal|p1a: Alakazam|100/100 par\n|move|p2a: Chansey|Seismic Toss|p1a: Alakazam\n|-damage|p1a: Alakazam|69/100 par\n|\n|upkeep\n|turn|68\n|\n|t:|1781443991\n|move|p1a: Alakazam|Recover|p1a: Alakazam\n|-heal|p1a: Alakazam|100/100 par\n|move|p2a: Chansey|Soft-Boiled|p2a: Chansey\n|-heal|p2a: Chansey|93/100 par\n|\n|upkeep\n|turn|69\n|\n|t:|1781444004\n|move|p1a: Alakazam|Psychic|p2a: Chansey\n|-damage|p2a: Chansey|58/100 par\n|move|p2a: Chansey|Seismic Toss|p1a: Alakazam\n|-damage|p1a: Alakazam|69/100 par\n|\n|upkeep\n|turn|70\n|\n|t:|1781444010\n|switch|p2a: bobby witt jr|Tauros|16/100\n|move|p1a: Alakazam|Recover|p1a: Alakazam\n|-heal|p1a: Alakazam|100/100 par\n|\n|upkeep\n|turn|71\n|\n|t:|1781444016\n|switch|p2a: Chansey|Chansey|58/100 par\n|move|p1a: Alakazam|Psychic|p2a: Chansey\n|-damage|p2a: Chansey|41/100 par\n|\n|upkeep\n|turn|72\n|\n|t:|1781444021\n|cant|p1a: Alakazam|par\n|move|p2a: Chansey|Soft-Boiled|p2a: Chansey\n|-heal|p2a: Chansey|91/100 par\n|\n|upkeep\n|turn|73\n|\n|t:|1781444026\n|move|p1a: Alakazam|Psychic|p2a: Chansey|[miss]\n|-miss|p1a: Alakazam\n|-hint|In Gen 1, moves with 100% accuracy can still miss 1/256 of the time.\n|move|p2a: Chansey|Seismic Toss|p1a: Alakazam\n|-damage|p1a: Alakazam|69/100 par\n|\n|upkeep\n|turn|74\n|\n|t:|1781444031\n|move|p1a: Alakazam|Recover|p1a: Alakazam\n|-heal|p1a: Alakazam|100/100 par\n|move|p2a: Chansey|Seismic Toss|p1a: Alakazam\n|-damage|p1a: Alakazam|69/100 par\n|\n|upkeep\n|turn|75\n|\n|t:|1781444033\n|move|p1a: Alakazam|Recover|p1a: Alakazam\n|-heal|p1a: Alakazam|100/100 par\n|move|p2a: Chansey|Seismic Toss|p1a: Alakazam\n|-damage|p1a: Alakazam|69/100 par\n|\n|upkeep\n|turn|76\n|\n|t:|1781444039\n|move|p1a: Alakazam|Recover|p1a: Alakazam\n|-heal|p1a: Alakazam|100/100 par\n|move|p2a: Chansey|Seismic Toss|p1a: Alakazam\n|-damage|p1a: Alakazam|69/100 par\n|\n|upkeep\n|turn|77\n|\n|t:|1781444044\n|move|p1a: Alakazam|Recover|p1a: Alakazam\n|-heal|p1a: Alakazam|100/100 par\n|move|p2a: Chansey|Seismic Toss|p1a: Alakazam\n|-damage|p1a: Alakazam|69/100 par\n|\n|upkeep\n|turn|78\n|\n|t:|1781444050\n|switch|p2a: bobby witt jr|Tauros|16/100\n|move|p1a: Alakazam|Recover|p1a: Alakazam\n|-heal|p1a: Alakazam|100/100 par\n|\n|upkeep\n|turn|79\n|\n|t:|1781444053\n|switch|p2a: Chansey|Chansey|91/100 par\n|move|p1a: Alakazam|Seismic Toss|p2a: Chansey\n|-damage|p2a: Chansey|77/100 par\n|\n|upkeep\n|turn|80\n|\n|t:|1781444066\n|move|p1a: Alakazam|Seismic Toss|p2a: Chansey\n|-damage|p2a: Chansey|63/100 par\n|cant|p2a: Chansey|par\n|\n|upkeep\n|turn|81\n|\n|t:|1781444072\n|move|p1a: Alakazam|Psychic|p2a: Chansey\n|-damage|p2a: Chansey|45/100 par\n|move|p2a: Chansey|Seismic Toss|p1a: Alakazam\n|-damage|p1a: Alakazam|69/100 par\n|\n|upkeep\n|turn|82\n|\n|t:|1781444080\n|cant|p1a: Alakazam|par\n|cant|p2a: Chansey|par\n|\n|upkeep\n|turn|83\n|\n|t:|1781444084\n|move|p1a: Alakazam|Recover|p1a: Alakazam\n|-heal|p1a: Alakazam|100/100 par\n|cant|p2a: Chansey|par\n|\n|upkeep\n|turn|84\n|\n|t:|1781444088\n|move|p1a: Alakazam|Psychic|p2a: Chansey\n|-damage|p2a: Chansey|29/100 par\n|move|p2a: Chansey|Soft-Boiled|p2a: Chansey\n|-heal|p2a: Chansey|79/100 par\n|\n|upkeep\n|turn|85\n|\n|t:|1781444095\n|cant|p1a: Alakazam|par\n|move|p2a: Chansey|Seismic Toss|p1a: Alakazam\n|-damage|p1a: Alakazam|69/100 par\n|\n|upkeep\n|turn|86\n|\n|t:|1781444105\n|move|p1a: Alakazam|Seismic Toss|p2a: Chansey\n|-damage|p2a: Chansey|65/100 par\n|move|p2a: Chansey|Seismic Toss|p1a: Alakazam\n|-damage|p1a: Alakazam|37/100 par\n|\n|upkeep\n|turn|87\n|\n|t:|1781444110\n|move|p1a: Alakazam|Recover|p1a: Alakazam\n|-heal|p1a: Alakazam|86/100 par\n|move|p2a: Chansey|Seismic Toss|p1a: Alakazam\n|-damage|p1a: Alakazam|54/100 par\n|\n|upkeep\n|turn|88\n|\n|t:|1781444114\n|switch|p2a: bobby witt jr|Tauros|16/100\n|move|p1a: Alakazam|Recover|p1a: Alakazam\n|-heal|p1a: Alakazam|100/100 par\n|\n|upkeep\n|turn|89\n|\n|t:|1781444121\n|switch|p2a: Chansey|Chansey|65/100 par\n|move|p1a: Alakazam|Seismic Toss|p2a: Chansey\n|-damage|p2a: Chansey|50/100 par\n|\n|upkeep\n|turn|90\n|\n|t:|1781444127\n|move|p1a: Alakazam|Seismic Toss|p2a: Chansey\n|-damage|p2a: Chansey|36/100 par\n|move|p2a: Chansey|Soft-Boiled|p2a: Chansey\n|-heal|p2a: Chansey|86/100 par\n|\n|upkeep\n|turn|91\n|\n|t:|1781444131\n|move|p1a: Alakazam|Seismic Toss|p2a: Chansey\n|-damage|p2a: Chansey|72/100 par\n|move|p2a: Chansey|Seismic Toss|p1a: Alakazam\n|-damage|p1a: Alakazam|69/100 par\n|\n|upkeep\n|turn|92\n|\n|t:|1781444136\n|switch|p2a: bobby witt jr|Tauros|16/100\n|move|p1a: Alakazam|Recover|p1a: Alakazam\n|-heal|p1a: Alakazam|100/100 par\n|\n|upkeep\n|turn|93\n|\n|t:|1781444139\n|switch|p2a: Chansey|Chansey|72/100 par\n|move|p1a: Alakazam|Seismic Toss|p2a: Chansey\n|-damage|p2a: Chansey|58/100 par\n|\n|upkeep\n|turn|94\n|\n|t:|1781444150\n|move|p1a: Alakazam|Seismic Toss|p2a: Chansey\n|-damage|p2a: Chansey|43/100 par\n|cant|p2a: Chansey|par\n|\n|upkeep\n|turn|95\n|\n|t:|1781444155\n|cant|p1a: Alakazam|par\n|move|p2a: Chansey|Soft-Boiled|p2a: Chansey\n|-heal|p2a: Chansey|93/100 par\n|\n|upkeep\n|turn|96\n|\n|t:|1781444158\n|move|p1a: Alakazam|Thunder Wave|p2a: Chansey\n|-fail|p2a: Chansey|par\n|move|p2a: Chansey|Seismic Toss|p1a: Alakazam\n|-damage|p1a: Alakazam|69/100 par\n|\n|upkeep\n|turn|97\n|\n|t:|1781444162\n|cant|p1a: Alakazam|par\n|move|p2a: Chansey|Seismic Toss|p1a: Alakazam\n|-damage|p1a: Alakazam|37/100 par\n|\n|upkeep\n|turn|98\n|\n|t:|1781444166\n|move|p1a: Alakazam|Recover|p1a: Alakazam\n|-heal|p1a: Alakazam|86/100 par\n|move|p2a: Chansey|Seismic Toss|p1a: Alakazam\n|-damage|p1a: Alakazam|54/100 par\n|\n|upkeep\n|turn|99\n|\n|t:|1781444174\n|cant|p1a: Alakazam|par\n|cant|p2a: Chansey|par\n|\n|upkeep\n|turn|100\n|\n|t:|1781444177\n|move|p1a: Alakazam|Recover|p1a: Alakazam\n|-heal|p1a: Alakazam|100/100 par\n|move|p2a: Chansey|Seismic Toss|p1a: Alakazam\n|-damage|p1a: Alakazam|69/100 par\n|\n|upkeep\n|turn|101\n|\n|t:|1781444185\n|switch|p2a: bobby witt jr|Tauros|16/100\n|move|p1a: Alakazam|Seismic Toss|p2a: bobby witt jr\n|-damage|p2a: bobby witt jr|0 fnt\n|faint|p2a: bobby witt jr\n|\n|t:|1781444189\n|switch|p2a: Chansey|Chansey|93/100 par\n|turn|102\n|\n|t:|1781444198\n|move|p1a: Alakazam|Recover|p1a: Alakazam\n|-heal|p1a: Alakazam|100/100 par\n|cant|p2a: Chansey|par\n|\n|upkeep\n|turn|103\n|\n|t:|1781444202\n|cant|p1a: Alakazam|par\n|move|p2a: Chansey|Seismic Toss|p1a: Alakazam\n|-damage|p1a: Alakazam|69/100 par\n|\n|upkeep\n|turn|104\n|\n|t:|1781444210\n|move|p1a: Alakazam|Recover|p1a: Alakazam\n|-heal|p1a: Alakazam|100/100 par\n|move|p2a: Chansey|Seismic Toss|p1a: Alakazam\n|-damage|p1a: Alakazam|69/100 par\n|\n|upkeep\n|turn|105\n|\n|t:|1781444219\n|move|p1a: Alakazam|Recover|p1a: Alakazam\n|-heal|p1a: Alakazam|100/100 par\n|move|p2a: Chansey|Seismic Toss|p1a: Alakazam\n|-damage|p1a: Alakazam|69/100 par\n|\n|upkeep\n|turn|106\n|\n|t:|1781444228\n|move|p1a: Alakazam|Recover|p1a: Alakazam\n|-heal|p1a: Alakazam|100/100 par\n|move|p2a: Chansey|Seismic Toss|p1a: Alakazam\n|-damage|p1a: Alakazam|69/100 par\n|\n|upkeep\n|turn|107\n|\n|t:|1781444234\n|move|p1a: Alakazam|Recover|p1a: Alakazam\n|-heal|p1a: Alakazam|100/100 par\n|move|p2a: Chansey|Seismic Toss|p1a: Alakazam\n|-damage|p1a: Alakazam|69/100 par\n|\n|upkeep\n|turn|108\n|\n|t:|1781444244\n|cant|p1a: Alakazam|par\n|move|p2a: Chansey|Seismic Toss|p1a: Alakazam\n|-damage|p1a: Alakazam|37/100 par\n|\n|upkeep\n|turn|109\n|\n|t:|1781444247\n|cant|p1a: Alakazam|par\n|move|p2a: Chansey|Seismic Toss|p1a: Alakazam\n|-damage|p1a: Alakazam|5/100 par\n|\n|upkeep\n|turn|110\n|\n|t:|1781444250\n|move|p1a: Alakazam|Recover|p1a: Alakazam\n|-heal|p1a: Alakazam|54/100 par\n|move|p2a: Chansey|Seismic Toss|p1a: Alakazam\n|-damage|p1a: Alakazam|23/100 par\n|\n|upkeep\n|turn|111\n|c|☆16bit|gg\n|-message|16bit forfeited.\n|\n|win|AJ Duncan\n","uploadtime":1781444254,"views":"29","formatid":"gen1ou","rating":null,"private":0,"password":null}