{"id":"smogtours-gen1ou-958036","format":"[Gen 1] OU","players":["Girls See Ghosts","LNumbers"],"log":"|inactive|Battle timer is ON: inactive players will automatically lose when time's up.\n|t:|1784656702\n|gametype|singles\n|player|p1|Girls See Ghosts|#adpl9|\n|player|p2|LNumbers|#rbywc2026|\n|gen|1\n|tier|[Gen 1] OU\n|rule|Desync Clause Mod: Desyncs resolve to link battle behavior from the acting player's perspective.\n|rule|HP Percentage Mod: HP is shown in percentages\n|rule|Endless Battle Clause: Forcing endless battles is banned\n|rule|Sleep Clause Mod: Limit one foe put to sleep\n|rule|Freeze Clause Mod: Limit one foe frozen\n|rule|Species Clause: Limit one of each Pokémon\n|rule|OHKO Clause: OHKO moves are banned\n|rule|Evasion Moves Clause: Evasion moves are banned\n|\n|t:|1784656702\n|teamsize|p1|6\n|teamsize|p2|6\n|start\n|switch|p1a: Gengar|Gengar|100/100\n|switch|p2a: Tauros|Tauros|100/100\n|turn|1\n|c|☆LNumbers|hf\n|c|☆Girls See Ghosts|u2\n|inactive|LNumbers has 270 seconds left.\n|\n|t:|1784656737\n|switch|p1a: Exeggutor|Exeggutor|100/100\n|move|p2a: Tauros|Blizzard|p1a: Exeggutor|[miss]\n|-miss|p2a: Tauros\n|\n|upkeep\n|turn|2\n|\n|t:|1784656742\n|move|p2a: Tauros|Blizzard|p1a: Exeggutor\n|-supereffective|p1a: Exeggutor\n|-damage|p1a: Exeggutor|66/100\n|move|p1a: Exeggutor|Sleep Powder|p2a: Tauros\n|-status|p2a: Tauros|slp|[from] move: Sleep Powder\n|\n|upkeep\n|turn|3\n|\n|t:|1784656753\n|switch|p2a: Exeggutor|Exeggutor|100/100\n|move|p1a: Exeggutor|Psychic|p2a: Exeggutor\n|-resisted|p2a: Exeggutor\n|-damage|p2a: Exeggutor|88/100\n|-unboost|p2a: Exeggutor|spa|1\n|-unboost|p2a: Exeggutor|spd|1\n|\n|upkeep\n|turn|4\n|\n|t:|1784656771\n|switch|p1a: Gengar|Gengar|100/100\n|move|p2a: Exeggutor|Sleep Powder|p1a: Gengar|[miss]\n|-miss|p2a: Exeggutor\n|\n|upkeep\n|turn|5\n|\n|t:|1784656782\n|move|p1a: Gengar|Night Shade|p2a: Exeggutor\n|-damage|p2a: Exeggutor|62/100\n|move|p2a: Exeggutor|Sleep Powder|p1a: Gengar\n|-status|p1a: Gengar|slp|[from] move: Sleep Powder\n|\n|upkeep\n|turn|6\n|inactive|LNumbers has 270 seconds left.\n|\n|t:|1784656830\n|switch|p1a: Starmie|Starmie|100/100\n|switch|p2a: Alakazam|Alakazam|100/100\n|\n|upkeep\n|turn|7\n|\n|t:|1784656840\n|switch|p1a: Chansey|Chansey|100/100\n|move|p2a: Alakazam|Thunder Wave|p1a: Chansey\n|-status|p1a: Chansey|par\n|\n|upkeep\n|turn|8\n|inactive|LNumbers has 270 seconds left.\n|\n|t:|1784656850\n|switch|p2a: Tauros|Tauros|100/100 slp\n|move|p1a: Chansey|Thunder Wave|p2a: Tauros\n|-fail|p2a: Tauros\n|\n|upkeep\n|turn|9\n|inactive|LNumbers has 270 seconds left.\n|\n|t:|1784656865\n|switch|p2a: Snorlax|Snorlax|100/100\n|switch|p1a: Snorlax|Snorlax|100/100\n|\n|upkeep\n|turn|10\n|inactive|LNumbers has 270 seconds left.\n|\n|t:|1784656874\n|move|p2a: Snorlax|Body Slam|p1a: Snorlax\n|-damage|p1a: Snorlax|75/100\n|move|p1a: Snorlax|Body Slam|p2a: Snorlax\n|-damage|p2a: Snorlax|74/100\n|\n|upkeep\n|turn|11\n|\n|t:|1784656883\n|switch|p1a: Gengar|Gengar|100/100 slp\n|move|p2a: Snorlax|Body Slam|p1a: Gengar\n|-immune|p1a: Gengar\n|\n|upkeep\n|turn|12\n|\n|t:|1784656888\n|cant|p1a: Gengar|slp\n|move|p2a: Snorlax|Earthquake|p1a: Gengar\n|-supereffective|p1a: Gengar\n|-damage|p1a: Gengar|35/100 slp\n|\n|upkeep\n|turn|13\n|inactive|LNumbers has 270 seconds left.\n|\n|t:|1784656927\n|cant|p1a: Gengar|slp\n|move|p2a: Snorlax|Earthquake|p1a: Gengar\n|-supereffective|p1a: Gengar\n|-damage|p1a: Gengar|0 fnt\n|faint|p1a: Gengar\n|\n|t:|1784656931\n|switch|p1a: Snorlax|Snorlax|75/100\n|turn|14\n|inactive|LNumbers has 270 seconds left.\n|inactive|LNumbers has 240 seconds left.\n|\n|t:|1784656978\n|move|p1a: Snorlax|Reflect|p1a: Snorlax\n|-start|p1a: Snorlax|Reflect\n|move|p2a: Snorlax|Body Slam|p1a: Snorlax\n|-damage|p1a: Snorlax|62/100\n|\n|upkeep\n|turn|15\n|inactive|LNumbers has 210 seconds left.\n|inactive|LNumbers has 180 seconds left.\n|inactive|LNumbers has 150 seconds left.\n|\n|t:|1784657074\n|switch|p2a: Exeggutor|Exeggutor|62/100\n|move|p1a: Snorlax|Body Slam|p2a: Exeggutor\n|-damage|p2a: Exeggutor|30/100\n|\n|upkeep\n|turn|16\n|inactive|LNumbers has 150 seconds left.\n|\n|t:|1784657088\n|switch|p1a: Chansey|Chansey|100/100 par\n|move|p2a: Exeggutor|Sleep Powder|p1a: Chansey|[miss]\n|-miss|p2a: Exeggutor\n|\n|upkeep\n|turn|17\n|inactive|LNumbers has 150 seconds left.\n|inactive|LNumbers has 120 seconds left.\n|\n|t:|1784657140\n|switch|p1a: Exeggutor|Exeggutor|66/100\n|move|p2a: Exeggutor|Explosion|p1a: Exeggutor\n|-damage|p1a: Exeggutor|0 fnt\n|faint|p1a: Exeggutor\n|faint|p2a: Exeggutor\n|inactive|LNumbers has 90 seconds left.\n|\n|t:|1784657171\n|switch|p1a: Snorlax|Snorlax|62/100\n|switch|p2a: Alakazam|Alakazam|100/100\n|turn|18\n|\n|t:|1784657176\n|switch|p1a: Chansey|Chansey|100/100 par\n|move|p2a: Alakazam|Psychic|p1a: Chansey\n|-crit|p1a: Chansey\n|-damage|p1a: Chansey|67/100 par\n|\n|upkeep\n|turn|19\n|inactive|LNumbers has 90 seconds left.\n|\n|t:|1784657195\n|move|p2a: Alakazam|Psychic|p1a: Chansey\n|-damage|p1a: Chansey|50/100 par\n|move|p1a: Chansey|Thunder Wave|p2a: Alakazam\n|-status|p2a: Alakazam|par\n|\n|upkeep\n|turn|20\n|inactive|LNumbers has 90 seconds left.\n|\n|t:|1784657201\n|switch|p2a: Snorlax|Snorlax|74/100\n|move|p1a: Chansey|Soft-Boiled|p1a: Chansey\n|-heal|p1a: Chansey|99/100 par\n|\n|upkeep\n|turn|21\n|\n|t:|1784657218\n|move|p2a: Snorlax|Body Slam|p1a: Chansey\n|-damage|p1a: Chansey|57/100 par\n|move|p1a: Chansey|Thunder Wave|p2a: Snorlax\n|-status|p2a: Snorlax|par\n|\n|upkeep\n|turn|22\n|inactive|LNumbers has 90 seconds left.\n|\n|t:|1784657237\n|cant|p1a: Chansey|par\n|move|p2a: Snorlax|Self-Destruct|p1a: Chansey\n|-damage|p1a: Chansey|0 fnt\n|faint|p1a: Chansey\n|faint|p2a: Snorlax\n|inactive|LNumbers has 90 seconds left.\n|inactive|LNumbers has 60 seconds left.\n|\n|t:|1784657280\n|switch|p1a: Starmie|Starmie|100/100\n|switch|p2a: Starmie|Starmie|100/100\n|turn|23\n|inactive|LNumbers has 60 seconds left.\n|\n|t:|1784657313\n|move|p1a: Starmie|Psychic|p2a: Starmie\n|-resisted|p2a: Starmie\n|-damage|p2a: Starmie|85/100\n|move|p2a: Starmie|Thunder Wave|p1a: Starmie\n|-status|p1a: Starmie|par\n|\n|upkeep\n|turn|24\n|\n|t:|1784657323\n|switch|p2a: Alakazam|Alakazam|100/100 par\n|move|p1a: Starmie|Thunder Wave|p2a: Alakazam\n|-fail|p2a: Alakazam|par\n|\n|upkeep\n|turn|25\n|\n|t:|1784657330\n|move|p2a: Alakazam|Seismic Toss|p1a: Starmie\n|-damage|p1a: Starmie|70/100 par\n|cant|p1a: Starmie|par\n|\n|upkeep\n|turn|26\n|\n|t:|1784657339\n|move|p2a: Alakazam|Seismic Toss|p1a: Starmie\n|-damage|p1a: Starmie|39/100 par\n|move|p1a: Starmie|Recover|p1a: Starmie\n|-heal|p1a: Starmie|88/100 par\n|\n|upkeep\n|turn|27\n|\n|t:|1784657355\n|move|p2a: Alakazam|Psychic|p1a: Starmie\n|-resisted|p1a: Starmie\n|-damage|p1a: Starmie|67/100 par\n|move|p1a: Starmie|Recover|p1a: Starmie\n|-heal|p1a: Starmie|100/100 par\n|\n|upkeep\n|turn|28\n|\n|t:|1784657360\n|move|p2a: Alakazam|Seismic Toss|p1a: Starmie\n|-damage|p1a: Starmie|70/100 par\n|cant|p1a: Starmie|par\n|\n|upkeep\n|turn|29\n|\n|t:|1784657375\n|move|p2a: Alakazam|Seismic Toss|p1a: Starmie\n|-damage|p1a: Starmie|39/100 par\n|move|p1a: Starmie|Recover|p1a: Starmie\n|-heal|p1a: Starmie|88/100 par\n|\n|upkeep\n|turn|30\n|\n|t:|1784657378\n|move|p2a: Alakazam|Seismic Toss|p1a: Starmie\n|-damage|p1a: Starmie|57/100 par\n|move|p1a: Starmie|Recover|p1a: Starmie\n|-heal|p1a: Starmie|100/100 par\n|\n|upkeep\n|turn|31\n|\n|t:|1784657384\n|move|p2a: Alakazam|Seismic Toss|p1a: Starmie\n|-damage|p1a: Starmie|70/100 par\n|cant|p1a: Starmie|par\n|\n|upkeep\n|turn|32\n|\n|t:|1784657402\n|move|p2a: Alakazam|Psychic|p1a: Starmie\n|-resisted|p1a: Starmie\n|-damage|p1a: Starmie|48/100 par\n|move|p1a: Starmie|Recover|p1a: Starmie\n|-heal|p1a: Starmie|98/100 par\n|\n|upkeep\n|turn|33\n|\n|t:|1784657405\n|cant|p2a: Alakazam|par\n|move|p1a: Starmie|Psychic|p2a: Alakazam\n|-resisted|p2a: Alakazam\n|-damage|p2a: Alakazam|86/100 par\n|\n|upkeep\n|turn|34\n|\n|t:|1784657409\n|cant|p2a: Alakazam|par\n|move|p1a: Starmie|Psychic|p2a: Alakazam\n|-resisted|p2a: Alakazam\n|-damage|p2a: Alakazam|73/100 par\n|\n|upkeep\n|turn|35\n|\n|t:|1784657412\n|cant|p2a: Alakazam|par\n|move|p1a: Starmie|Psychic|p2a: Alakazam\n|-resisted|p2a: Alakazam\n|-damage|p2a: Alakazam|60/100 par\n|\n|upkeep\n|turn|36\n|\n|t:|1784657415\n|move|p2a: Alakazam|Psychic|p1a: Starmie\n|-resisted|p1a: Starmie\n|-damage|p1a: Starmie|78/100 par\n|move|p1a: Starmie|Psychic|p2a: Alakazam\n|-resisted|p2a: Alakazam\n|-damage|p2a: Alakazam|47/100 par\n|\n|upkeep\n|turn|37\n|inactive|LNumbers has 120 seconds left.\n|\n|t:|1784657420\n|switch|p1a: Snorlax|Snorlax|62/100\n|cant|p2a: Alakazam|par\n|\n|upkeep\n|turn|38\n|inactive|LNumbers has 120 seconds left.\n|inactive|LNumbers has 90 seconds left.\n|\n|t:|1784657481\n|switch|p2a: Tauros|Tauros|100/100 slp\n|move|p1a: Snorlax|Body Slam|p2a: Tauros\n|-damage|p2a: Tauros|70/100 slp\n|\n|upkeep\n|turn|39\n|\n|t:|1784657485\n|cant|p2a: Tauros|slp\n|move|p1a: Snorlax|Body Slam|p2a: Tauros\n|-damage|p2a: Tauros|37/100 slp\n|\n|upkeep\n|turn|40\n|\n|t:|1784657487\n|cant|p2a: Tauros|slp\n|move|p1a: Snorlax|Body Slam|p2a: Tauros\n|-damage|p2a: Tauros|6/100 slp\n|\n|upkeep\n|turn|41\n|\n|t:|1784657495\n|cant|p2a: Tauros|slp\n|move|p1a: Snorlax|Body Slam|p2a: Tauros\n|-damage|p2a: Tauros|0 fnt\n|faint|p2a: Tauros\n|inactive|LNumbers has 90 seconds left.\n|inactive|LNumbers has 60 seconds left.\n|\n|t:|1784657554\n|switch|p2a: Zapdos|Zapdos|100/100\n|turn|42\n|inactive|Girls See Ghosts has 270 seconds left.\n|inactive|LNumbers has 30 seconds left.\n|\n|t:|1784657612\n|move|p2a: Zapdos|Thunderbolt|p1a: Snorlax\n|-crit|p1a: Snorlax\n|-damage|p1a: Snorlax|0 fnt\n|faint|p1a: Snorlax\n|\n|t:|1784657615\n|switch|p1a: Tauros|Tauros|100/100\n|turn|43\n|\n|t:|1784657627\n|move|p1a: Tauros|Blizzard|p2a: Zapdos\n|-crit|p2a: Zapdos\n|-supereffective|p2a: Zapdos\n|-damage|p2a: Zapdos|36/100\n|move|p2a: Zapdos|Thunder Wave|p1a: Tauros\n|-status|p1a: Tauros|par\n|\n|upkeep\n|turn|44\n|\n|t:|1784657638\n|switch|p2a: Starmie|Starmie|85/100\n|move|p1a: Tauros|Hyper Beam|p2a: Starmie\n|-damage|p2a: Starmie|29/100\n|-mustrecharge|p1a: Tauros\n|\n|upkeep\n|turn|45\n|\n|t:|1784657643\n|move|p2a: Starmie|Psychic|p1a: Tauros\n|-damage|p1a: Tauros|64/100 par\n|-unboost|p1a: Tauros|spa|1\n|-unboost|p1a: Tauros|spd|1\n|cant|p1a: Tauros|recharge\n|\n|upkeep\n|turn|46\n|\n|t:|1784657656\n|switch|p1a: Starmie|Starmie|78/100 par\n|move|p2a: Starmie|Recover|p2a: Starmie\n|-heal|p2a: Starmie|79/100\n|\n|upkeep\n|turn|47\n|\n|t:|1784657674\n|switch|p2a: Alakazam|Alakazam|47/100 par\n|move|p1a: Starmie|Recover|p1a: Starmie\n|-heal|p1a: Starmie|100/100 par\n|\n|upkeep\n|turn|48\n|\n|t:|1784657680\n|move|p2a: Alakazam|Recover|p2a: Alakazam\n|-heal|p2a: Alakazam|97/100 par\n|move|p1a: Starmie|Psychic|p2a: Alakazam\n|-resisted|p2a: Alakazam\n|-damage|p2a: Alakazam|83/100 par\n|\n|upkeep\n|turn|49\n|\n|t:|1784657682\n|cant|p2a: Alakazam|par\n|move|p1a: Starmie|Psychic|p2a: Alakazam|[miss]\n|-miss|p1a: Starmie\n|-hint|In Gen 1, moves with 100% accuracy can still miss 1/256 of the time.\n|\n|upkeep\n|turn|50\n|\n|t:|1784657685\n|move|p2a: Alakazam|Psychic|p1a: Starmie\n|-resisted|p1a: Starmie\n|-damage|p1a: Starmie|79/100 par\n|-unboost|p1a: Starmie|spa|1\n|-unboost|p1a: Starmie|spd|1\n|move|p1a: Starmie|Psychic|p2a: Alakazam\n|-resisted|p2a: Alakazam\n|-damage|p2a: Alakazam|73/100 par\n|\n|upkeep\n|turn|51\n|\n|t:|1784657690\n|cant|p2a: Alakazam|par\n|cant|p1a: Starmie|par\n|\n|upkeep\n|turn|52\n|\n|t:|1784657692\n|move|p2a: Alakazam|Seismic Toss|p1a: Starmie\n|-damage|p1a: Starmie|48/100 par\n|move|p1a: Starmie|Recover|p1a: Starmie\n|-heal|p1a: Starmie|97/100 par\n|\n|upkeep\n|turn|53\n|\n|t:|1784657696\n|cant|p2a: Alakazam|par\n|cant|p1a: Starmie|par\n|\n|upkeep\n|turn|54\n|\n|t:|1784657698\n|move|p2a: Alakazam|Psychic|p1a: Starmie\n|-resisted|p1a: Starmie\n|-damage|p1a: Starmie|68/100 par\n|move|p1a: Starmie|Psychic|p2a: Alakazam\n|-resisted|p2a: Alakazam\n|-damage|p2a: Alakazam|64/100 par\n|-unboost|p2a: Alakazam|spa|1\n|-unboost|p2a: Alakazam|spd|1\n|\n|upkeep\n|turn|55\n|\n|t:|1784657710\n|move|p2a: Alakazam|Psychic|p1a: Starmie\n|-crit|p1a: Starmie\n|-resisted|p1a: Starmie\n|-damage|p1a: Starmie|32/100 par\n|-unboost|p1a: Starmie|spa|1\n|-unboost|p1a: Starmie|spd|1\n|move|p1a: Starmie|Blizzard|p2a: Alakazam\n|-damage|p2a: Alakazam|46/100 par\n|\n|upkeep\n|turn|56\n|\n|t:|1784657719\n|switch|p2a: Zapdos|Zapdos|36/100\n|move|p1a: Starmie|Recover|p1a: Starmie\n|-heal|p1a: Starmie|82/100 par\n|\n|upkeep\n|turn|57\n|\n|t:|1784657723\n|move|p2a: Zapdos|Thunderbolt|p1a: Starmie\n|-supereffective|p1a: Starmie\n|-damage|p1a: Starmie|0 fnt\n|faint|p1a: Starmie\n|\n|t:|1784657724\n|switch|p1a: Tauros|Tauros|64/100 par\n|turn|58\n|\n|t:|1784657727\n|move|p2a: Zapdos|Thunderbolt|p1a: Tauros\n|-crit|p1a: Tauros\n|-damage|p1a: Tauros|0 fnt\n|faint|p1a: Tauros\n|\n|win|LNumbers\n|c|☆Girls See Ghosts|gg\n|c|☆LNumbers|ggs\n|player|p1|\n|c|☆LNumbers|/log LNumbers made the replay of this battle unlisted.\n|player|p2|\n","uploadtime":1784657727,"views":"103","formatid":"gen1ou","rating":null,"private":2,"password":null}