{"id":"smogtours-gen1ou-950095","format":"[Gen 1] OU","players":["TG2513","Soda Krys"],"log":"|inactive|Battle timer is ON: inactive players will automatically lose when time's up.\n|t:|1782419123\n|gametype|singles\n|player|p1|TG2513|brycenman|\n|player|p2|Soda Krys|lass-gen1rb|\n|gen|1\n|tier|[Gen 1] OU\n|rule|Desync Clause Mod: Desyncs changed to move failure.\n|rule|HP Percentage Mod: HP is shown in percentages\n|rule|Endless Battle Clause: Forcing endless battles is banned\n|rule|Sleep Clause Mod: Limit one foe put to sleep\n|rule|Freeze Clause Mod: Limit one foe frozen\n|rule|Species Clause: Limit one of each Pokémon\n|rule|OHKO Clause: OHKO moves are banned\n|rule|Evasion Moves Clause: Evasion moves are banned\n|\n|t:|1782419123\n|teamsize|p1|6\n|teamsize|p2|6\n|start\n|switch|p1a: Alakazam|Alakazam|100/100\n|switch|p2a: Tauros|Tauros|100/100\n|turn|1\n|inactive|Soda Krys also wants the timer to be on.\n|c|☆TG2513|HF\n|\n|t:|1782419132\n|switch|p2a: Chansey|Chansey|100/100\n|move|p1a: Alakazam|Psychic|p2a: Chansey\n|-damage|p2a: Chansey|82/100\n|\n|upkeep\n|turn|2\n|\n|t:|1782419137\n|move|p1a: Alakazam|Psychic|p2a: Chansey\n|-damage|p2a: Chansey|63/100\n|move|p2a: Chansey|Sing|p1a: Alakazam\n|-status|p1a: Alakazam|slp|[from] move: Sing\n|\n|upkeep\n|turn|3\n|\n|t:|1782419141\n|switch|p1a: Exeggutor|Exeggutor|100/100\n|move|p2a: Chansey|Thunder Wave|p1a: Exeggutor\n|-status|p1a: Exeggutor|par\n|\n|upkeep\n|turn|4\n|\n|t:|1782419144\n|switch|p2a: Tauros|Tauros|100/100\n|move|p1a: Exeggutor|Sleep Powder|p2a: Tauros|[miss]\n|-miss|p1a: Exeggutor\n|\n|upkeep\n|turn|5\n|\n|t:|1782419145\n|move|p2a: Tauros|Body Slam|p1a: Exeggutor\n|-crit|p1a: Exeggutor\n|-damage|p1a: Exeggutor|48/100 par\n|move|p1a: Exeggutor|Sleep Powder|p2a: Tauros\n|-status|p2a: Tauros|slp|[from] move: Sleep Powder\n|\n|upkeep\n|turn|6\n|\n|t:|1782419148\n|cant|p2a: Tauros|slp\n|move|p1a: Exeggutor|Explosion|p2a: Tauros\n|-crit|p2a: Tauros\n|-damage|p2a: Tauros|0 fnt\n|faint|p2a: Tauros\n|faint|p1a: Exeggutor\n|\n|t:|1782419158\n|switch|p2a: Chansey|Chansey|63/100\n|switch|p1a: Chansey|Chansey|100/100\n|turn|7\n|\n|t:|1782419161\n|move|p1a: Chansey|Ice Beam|p2a: Chansey\n|-damage|p2a: Chansey|52/100\n|move|p2a: Chansey|Thunder Wave|p1a: Chansey\n|-status|p1a: Chansey|par\n|\n|upkeep\n|turn|8\n|\n|t:|1782419163\n|move|p2a: Chansey|Soft-Boiled|p2a: Chansey\n|-heal|p2a: Chansey|100/100\n|move|p1a: Chansey|Ice Beam|p2a: Chansey\n|-crit|p2a: Chansey\n|-damage|p2a: Chansey|80/100\n|-status|p2a: Chansey|frz\n|\n|upkeep\n|turn|9\n|\n|t:|1782419168\n|switch|p2a: Snorlax|Snorlax|100/100\n|move|p1a: Chansey|Thunder Wave|p2a: Snorlax\n|-status|p2a: Snorlax|par\n|\n|upkeep\n|turn|10\n|\n|t:|1782419169\n|move|p1a: Chansey|Thunderbolt|p2a: Snorlax\n|-damage|p2a: Snorlax|83/100 par\n|move|p2a: Snorlax|Body Slam|p1a: Chansey\n|-damage|p1a: Chansey|62/100 par\n|\n|upkeep\n|turn|11\n|\n|t:|1782419171\n|move|p1a: Chansey|Soft-Boiled|p1a: Chansey\n|-heal|p1a: Chansey|100/100 par\n|move|p2a: Snorlax|Body Slam|p1a: Chansey\n|-damage|p1a: Chansey|56/100 par\n|\n|upkeep\n|turn|12\n|\n|t:|1782419173\n|cant|p1a: Chansey|par\n|move|p2a: Snorlax|Body Slam|p1a: Chansey\n|-damage|p1a: Chansey|11/100 par\n|\n|upkeep\n|turn|13\n|\n|t:|1782419177\n|cant|p1a: Chansey|par\n|move|p2a: Snorlax|Body Slam|p1a: Chansey\n|-damage|p1a: Chansey|0 fnt\n|faint|p1a: Chansey\n|\n|t:|1782419181\n|switch|p1a: Cloyster|Cloyster|100/100\n|turn|14\n|\n|t:|1782419184\n|move|p1a: Cloyster|Blizzard|p2a: Snorlax\n|-damage|p2a: Snorlax|50/100 par\n|move|p2a: Snorlax|Body Slam|p1a: Cloyster\n|-damage|p1a: Cloyster|76/100\n|\n|upkeep\n|turn|15\n|\n|t:|1782419189\n|switch|p2a: I Kissed A Girl|Lapras|100/100\n|move|p1a: Cloyster|Clamp|p2a: I Kissed A Girl\n|-resisted|p2a: I Kissed A Girl\n|-damage|p2a: I Kissed A Girl|97/100\n|\n|upkeep\n|turn|16\n|\n|t:|1782419196\n|switch|p1a: Zapdos|Zapdos|100/100\n|\n|upkeep\n|turn|17\n|c|☆Soda Krys|I kissed a girl\n|\n|t:|1782419201\n|switch|p2a: Golem|Golem|100/100\n|move|p1a: Zapdos|Thunder Wave|p2a: Golem\n|-immune|p2a: Golem\n|\n|upkeep\n|turn|18\n|\n|t:|1782419205\n|switch|p1a: Cloyster|Cloyster|76/100\n|move|p2a: Golem|Body Slam|p1a: Cloyster\n|-crit|p1a: Cloyster\n|-damage|p1a: Cloyster|46/100\n|\n|upkeep\n|turn|19\n|\n|t:|1782419212\n|switch|p2a: I Kissed A Girl|Lapras|97/100\n|move|p1a: Cloyster|Clamp|p2a: I Kissed A Girl|[miss]\n|-miss|p1a: Cloyster\n|\n|upkeep\n|turn|20\n|\n|t:|1782419215\n|move|p1a: Cloyster|Clamp|p2a: I Kissed A Girl\n|-resisted|p2a: I Kissed A Girl\n|-damage|p2a: I Kissed A Girl|93/100\n|cant|p2a: I Kissed A Girl|partiallytrapped\n|\n|upkeep\n|turn|21\n|\n|t:|1782419219\n|switch|p2a: Golem|Golem|100/100\n|move|p1a: Cloyster|Clamp|p2a: Golem\n|-supereffective|p2a: Golem\n|-damage|p2a: Golem|38/100\n|\n|upkeep\n|turn|22\n|\n|t:|1782419222\n|switch|p2a: Starmie|Starmie|100/100\n|move|p1a: Cloyster|Clamp|p2a: Starmie\n|-resisted|p2a: Starmie\n|-damage|p2a: Starmie|95/100\n|\n|upkeep\n|turn|23\n|\n|t:|1782419226\n|switch|p1a: Tauros|Tauros|100/100\n|\n|upkeep\n|turn|24\n|\n|t:|1782419233\n|move|p2a: Starmie|Thunder Wave|p1a: Tauros\n|-status|p1a: Tauros|par\n|move|p1a: Tauros|Body Slam|p2a: Starmie\n|-damage|p2a: Starmie|63/100\n|\n|upkeep\n|turn|25\n|\n|t:|1782419238\n|switch|p2a: Snorlax|Snorlax|50/100 par\n|move|p1a: Tauros|Body Slam|p2a: Snorlax\n|-crit|p2a: Snorlax\n|-damage|p2a: Snorlax|5/100 par\n|\n|upkeep\n|turn|26\n|\n|t:|1782419242\n|cant|p1a: Tauros|par\n|move|p2a: Snorlax|Self-Destruct|p1a: Tauros\n|-damage|p1a: Tauros|4/100 par\n|faint|p2a: Snorlax\n|\n|t:|1782419247\n|switch|p2a: I Kissed A Girl|Lapras|93/100\n|turn|27\n|\n|t:|1782419250\n|move|p2a: I Kissed A Girl|Thunderbolt|p1a: Tauros\n|-damage|p1a: Tauros|0 fnt\n|faint|p1a: Tauros\n|\n|t:|1782419255\n|switch|p1a: Cloyster|Cloyster|46/100\n|turn|28\n|\n|t:|1782419257\n|move|p1a: Cloyster|Clamp|p2a: I Kissed A Girl\n|-resisted|p2a: I Kissed A Girl\n|-damage|p2a: I Kissed A Girl|89/100\n|cant|p2a: I Kissed A Girl|partiallytrapped\n|\n|upkeep\n|turn|29\n|\n|t:|1782419265\n|move|p1a: Cloyster|Clamp|p2a: I Kissed A Girl|[from] Clamp\n|-damage|p2a: I Kissed A Girl|86/100\n|\n|upkeep\n|turn|30\n|\n|t:|1782419269\n|move|p1a: Cloyster|Clamp|p2a: I Kissed A Girl\n|-crit|p2a: I Kissed A Girl\n|-resisted|p2a: I Kissed A Girl\n|-damage|p2a: I Kissed A Girl|78/100\n|cant|p2a: I Kissed A Girl|partiallytrapped\n|\n|upkeep\n|turn|31\n|\n|t:|1782419270\n|move|p1a: Cloyster|Clamp|p2a: I Kissed A Girl|[from] Clamp\n|-damage|p2a: I Kissed A Girl|70/100\n|\n|upkeep\n|turn|32\n|\n|t:|1782419273\n|move|p1a: Cloyster|Clamp|p2a: I Kissed A Girl\n|-resisted|p2a: I Kissed A Girl\n|-damage|p2a: I Kissed A Girl|66/100\n|cant|p2a: I Kissed A Girl|partiallytrapped\n|\n|upkeep\n|turn|33\n|\n|t:|1782419275\n|move|p1a: Cloyster|Clamp|p2a: I Kissed A Girl|[from] Clamp\n|-damage|p2a: I Kissed A Girl|62/100\n|\n|upkeep\n|turn|34\n|\n|t:|1782419277\n|move|p1a: Cloyster|Clamp|p2a: I Kissed A Girl\n|-resisted|p2a: I Kissed A Girl\n|-damage|p2a: I Kissed A Girl|58/100\n|cant|p2a: I Kissed A Girl|partiallytrapped\n|\n|upkeep\n|turn|35\n|\n|t:|1782419278\n|move|p1a: Cloyster|Clamp|p2a: I Kissed A Girl|[from] Clamp\n|-damage|p2a: I Kissed A Girl|54/100\n|\n|upkeep\n|turn|36\n|\n|t:|1782419282\n|move|p1a: Cloyster|Clamp|p2a: I Kissed A Girl\n|-resisted|p2a: I Kissed A Girl\n|-damage|p2a: I Kissed A Girl|50/100\n|cant|p2a: I Kissed A Girl|partiallytrapped\n|\n|upkeep\n|turn|37\n|\n|t:|1782419284\n|move|p1a: Cloyster|Clamp|p2a: I Kissed A Girl|[from] Clamp\n|-damage|p2a: I Kissed A Girl|46/100\n|\n|upkeep\n|turn|38\n|\n|t:|1782419288\n|move|p1a: Cloyster|Clamp|p2a: I Kissed A Girl\n|-resisted|p2a: I Kissed A Girl\n|-damage|p2a: I Kissed A Girl|42/100\n|cant|p2a: I Kissed A Girl|partiallytrapped\n|\n|upkeep\n|turn|39\n|\n|t:|1782419290\n|move|p1a: Cloyster|Clamp|p2a: I Kissed A Girl|[from] Clamp\n|-damage|p2a: I Kissed A Girl|38/100\n|\n|upkeep\n|turn|40\n|\n|t:|1782419293\n|move|p1a: Cloyster|Clamp|p2a: I Kissed A Girl|[miss]\n|-miss|p1a: Cloyster\n|move|p2a: I Kissed A Girl|Thunderbolt|p1a: Cloyster\n|-supereffective|p1a: Cloyster\n|-damage|p1a: Cloyster|0 fnt\n|faint|p1a: Cloyster\n|c|☆TG2513|7 3 in 8s in a row\n|\n|t:|1782419322\n|switch|p1a: Alakazam|Alakazam|100/100 slp\n|turn|41\n|\n|t:|1782419326\n|-curestatus|p1a: Alakazam|slp|[msg]\n|move|p2a: I Kissed A Girl|Blizzard|p1a: Alakazam\n|-damage|p1a: Alakazam|65/100\n|-status|p1a: Alakazam|frz\n|\n|upkeep\n|turn|42\n|\n|t:|1782419330\n|cant|p1a: Alakazam|frz\n|move|p2a: I Kissed A Girl|Blizzard|p1a: Alakazam|[miss]\n|-miss|p2a: I Kissed A Girl\n|\n|upkeep\n|turn|43\n|\n|t:|1782419333\n|cant|p1a: Alakazam|frz\n|move|p2a: I Kissed A Girl|Blizzard|p1a: Alakazam\n|-crit|p1a: Alakazam\n|-damage|p1a: Alakazam|0 fnt\n|faint|p1a: Alakazam\n|\n|t:|1782419335\n|switch|p1a: Zapdos|Zapdos|100/100\n|turn|44\n|inactive|Soda Krys has 270 seconds left.\n|\n|t:|1782419385\n|move|p1a: Zapdos|Drill Peck|p2a: I Kissed A Girl\n|-damage|p2a: I Kissed A Girl|18/100\n|move|p2a: I Kissed A Girl|Blizzard|p1a: Zapdos\n|-supereffective|p1a: Zapdos\n|-damage|p1a: Zapdos|35/100\n|\n|upkeep\n|turn|45\n|\n|t:|1782419388\n|move|p1a: Zapdos|Drill Peck|p2a: I Kissed A Girl\n|-damage|p2a: I Kissed A Girl|0 fnt\n|faint|p2a: I Kissed A Girl\n|\n|t:|1782419390\n|switch|p2a: Golem|Golem|38/100\n|turn|46\n|\n|t:|1782419392\n|move|p1a: Zapdos|Drill Peck|p2a: Golem\n|-resisted|p2a: Golem\n|-damage|p2a: Golem|27/100\n|move|p2a: Golem|Rock Slide|p1a: Zapdos\n|-supereffective|p1a: Zapdos\n|-damage|p1a: Zapdos|0 fnt\n|faint|p1a: Zapdos\n|\n|win|Soda Krys\n|player|p1|\n|c|☆Soda Krys|unserious endgame\n|c|☆Soda Krys|7-9\n|player|p2|\n|player|p2|Soda Krys|lass-gen1rb|\n","uploadtime":1782419392,"views":"60","formatid":"gen1ou","rating":null,"private":0,"password":null}