{"id":"smogtours-gen1ou-965225","format":"[Gen 1] OU","players":["Serpi","Nails"],"log":"|inactive|Battle timer is ON: inactive players will automatically lose when time's up.\n|t:|1787332717\n|gametype|singles\n|player|p1|Serpi|#rbywc2023|\n|player|p2|Nails|#scl2terrors|\n|gen|1\n|tier|[Gen 1] OU\n|rule|Desync Clause Mod: Desyncs resolve to link battle behavior from the acting player's perspective.\n|rule|HP Percentage Mod: HP is shown in percentages\n|rule|Endless Battle Clause: Forcing endless battles is banned\n|rule|Sleep Clause Mod: Limit one foe put to sleep\n|rule|Freeze Clause Mod: Limit one foe frozen\n|rule|Species Clause: Limit one of each Pokémon\n|rule|OHKO Clause: OHKO moves are banned\n|rule|Evasion Moves Clause: Evasion moves are banned\n|\n|t:|1787332717\n|teamsize|p1|6\n|teamsize|p2|6\n|start\n|switch|p1a: Gengar|Gengar|100/100\n|switch|p2a: Gengar|Gengar|100/100\n|turn|1\n|c|☆Nails|hf\n|c|☆Serpi|hf\n|\n|t:|1787332739\n|move|p2a: Gengar|Hypnosis|p1a: Gengar|[miss]\n|-miss|p2a: Gengar\n|move|p1a: Gengar|Psychic|p2a: Gengar\n|-crit|p2a: Gengar\n|-supereffective|p2a: Gengar\n|-damage|p2a: Gengar|9/100\n|\n|upkeep\n|turn|2\n|inactive|Serpi has 270 seconds left.\n|\n|t:|1787332777\n|switch|p2a: Starmie|Starmie|100/100\n|move|p1a: Gengar|Night Shade|p2a: Starmie\n|-damage|p2a: Starmie|70/100\n|\n|upkeep\n|turn|3\n|inactive|Serpi has 270 seconds left.\n|inactive|Nails has 270 seconds left.\n|inactive|Nails has 240 seconds left.\n|\n|t:|1787332850\n|switch|p1a: Jynx|Jynx|100/100\n|move|p2a: Starmie|Psychic|p1a: Jynx\n|-resisted|p1a: Jynx\n|-damage|p1a: Jynx|84/100\n|-unboost|p1a: Jynx|spa|1\n|-unboost|p1a: Jynx|spd|1\n|\n|upkeep\n|turn|4\n|\n|t:|1787332869\n|move|p2a: Starmie|Thunder Wave|p1a: Jynx\n|-status|p1a: Jynx|par\n|move|p1a: Jynx|Blizzard|p2a: Starmie\n|-resisted|p2a: Starmie\n|-damage|p2a: Starmie|55/100\n|\n|upkeep\n|turn|5\n|\n|t:|1787332879\n|move|p2a: Starmie|Thunderbolt|p1a: Jynx\n|-crit|p1a: Jynx\n|-damage|p1a: Jynx|41/100 par\n|cant|p1a: Jynx|par\n|\n|upkeep\n|turn|6\n|inactive|Serpi has 270 seconds left.\n|\n|t:|1787332896\n|move|p2a: Starmie|Thunderbolt|p1a: Jynx\n|-damage|p1a: Jynx|3/100 par\n|move|p1a: Jynx|Lovely Kiss|p2a: Starmie\n|-status|p2a: Starmie|slp|[from] move: Lovely Kiss\n|\n|upkeep\n|turn|7\n|inactive|Serpi has 270 seconds left.\n|inactive|Nails has 210 seconds left.\n|\n|t:|1787332918\n|switch|p2a: Chansey|Chansey|100/100\n|move|p1a: Jynx|Rest|p1a: Jynx\n|-status|p1a: Jynx|slp|[from] move: Rest\n|-heal|p1a: Jynx|100/100 slp|[silent]\n|\n|upkeep\n|turn|8\n|inactive|Serpi has 270 seconds left.\n|inactive|Nails has 210 seconds left.\n|inactive|Serpi has 240 seconds left.\n|\n|t:|1787332956\n|switch|p1a: Gengar|Gengar|100/100\n|move|p2a: Chansey|Thunderbolt|p1a: Gengar\n|-damage|p1a: Gengar|80/100\n|\n|upkeep\n|turn|9\n|inactive|Serpi has 240 seconds left.\n|inactive|Nails has 210 seconds left.\n|\n|t:|1787332992\n|switch|p1a: Jynx|Jynx|100/100 slp\n|move|p2a: Chansey|Ice Beam|p1a: Jynx\n|-resisted|p1a: Jynx\n|-damage|p1a: Jynx|89/100 slp\n|\n|upkeep\n|turn|10\n|inactive|Nails has 210 seconds left.\n|\n|t:|1787333013\n|switch|p2a: Tauros|Tauros|100/100\n|cant|p1a: Jynx|slp\n|\n|upkeep\n|turn|11\n|\n|t:|1787333027\n|switch|p1a: Starmie|Starmie|100/100\n|move|p2a: Tauros|Body Slam|p1a: Starmie\n|-damage|p1a: Starmie|65/100\n|\n|upkeep\n|turn|12\n|inactive|Nails has 210 seconds left.\n|\n|t:|1787333040\n|switch|p2a: Chansey|Chansey|100/100\n|move|p1a: Starmie|Thunder Wave|p2a: Chansey\n|-status|p2a: Chansey|par\n|\n|upkeep\n|turn|13\n|inactive|Serpi has 240 seconds left.\n|inactive|Nails has 210 seconds left.\n|\n|t:|1787333069\n|move|p1a: Starmie|Recover|p1a: Starmie\n|-heal|p1a: Starmie|100/100\n|move|p2a: Chansey|Thunderbolt|p1a: Starmie\n|-crit|p1a: Starmie\n|-supereffective|p1a: Starmie\n|-damage|p1a: Starmie|3/100\n|\n|upkeep\n|turn|14\n|inactive|Nails has 210 seconds left.\n|\n|t:|1787333103\n|switch|p1a: Snorlax|Snorlax|100/100\n|move|p2a: Chansey|Thunder Wave|p1a: Snorlax\n|-status|p1a: Snorlax|par\n|\n|upkeep\n|turn|15\n|inactive|Nails has 180 seconds left.\n|\n|t:|1787333138\n|switch|p2a: Snorlax|Snorlax|100/100\n|move|p1a: Snorlax|Body Slam|p2a: Snorlax\n|-damage|p2a: Snorlax|75/100\n|\n|upkeep\n|turn|16\n|inactive|Serpi has 210 seconds left.\n|\n|t:|1787333169\n|switch|p1a: Gengar|Gengar|80/100\n|move|p2a: Snorlax|Body Slam|p1a: Gengar\n|-immune|p1a: Gengar\n|\n|upkeep\n|turn|17\n|inactive|Nails has 150 seconds left.\n|\n|t:|1787333203\n|move|p1a: Gengar|Psychic|p2a: Snorlax\n|-damage|p2a: Snorlax|52/100\n|move|p2a: Snorlax|Body Slam|p1a: Gengar\n|-immune|p1a: Gengar\n|\n|upkeep\n|turn|18\n|\n|t:|1787333209\n|switch|p2a: Chansey|Chansey|100/100 par\n|move|p1a: Gengar|Psychic|p2a: Chansey\n|-crit|p2a: Chansey\n|-damage|p2a: Chansey|76/100 par\n|-unboost|p2a: Chansey|spa|1\n|-unboost|p2a: Chansey|spd|1\n|\n|upkeep\n|turn|19\n|inactive|Nails has 150 seconds left.\n|inactive|Serpi has 180 seconds left.\n|\n|t:|1787333252\n|switch|p1a: Snorlax|Snorlax|100/100 par\n|switch|p2a: Exeggutor|Exeggutor|100/100\n|\n|upkeep\n|turn|20\n|inactive|Nails has 120 seconds left.\n|\n|t:|1787333306\n|switch|p2a: Gengar|Gengar|9/100\n|switch|p1a: Jynx|Jynx|89/100 slp\n|\n|upkeep\n|turn|21\n|inactive|Serpi has 150 seconds left.\n|inactive|Nails has 90 seconds left.\n|\n|t:|1787333356\n|move|p2a: Gengar|Night Shade|p1a: Jynx\n|-damage|p1a: Jynx|59/100 slp\n|-curestatus|p1a: Jynx|slp|[msg]\n|\n|upkeep\n|turn|22\n|inactive|Serpi has 150 seconds left.\n|inactive|Nails has 60 seconds left.\n|\n|t:|1787333398\n|move|p2a: Gengar|Explosion|p1a: Jynx\n|-damage|p1a: Jynx|0 fnt\n|faint|p1a: Jynx\n|faint|p2a: Gengar\n|inactive|Nails has 30 seconds left.\n|inactive|Nails has 20 seconds left.\n|inactive|Serpi has 120 seconds left.\n|inactive|Nails has 15 seconds left.\n|inactive|Nails has 10 seconds left.\n|inactive|Nails has 5 seconds left.\n|\n|t:|1787333434\n|switch|p2a: Tauros|Tauros|100/100\n|switch|p1a: Starmie|Starmie|3/100\n|turn|23\n|inactive|Nails has 15 seconds left this turn.\n|inactive|Serpi has 120 seconds left.\n|inactive|Nails has 10 seconds left.\n|inactive|Nails has 5 seconds left.\n|\n|t:|1787333447\n|switch|p2a: Chansey|Chansey|76/100 par\n|move|p1a: Starmie|Thunder Wave|p2a: Chansey\n|-fail|p2a: Chansey|par\n|\n|upkeep\n|turn|24\n|inactive|Nails has 15 seconds left this turn.\n|inactive|Serpi has 120 seconds left.\n|\n|t:|1787333455\n|move|p1a: Starmie|Recover|p1a: Starmie\n|-heal|p1a: Starmie|53/100\n|move|p2a: Chansey|Thunderbolt|p1a: Starmie\n|-supereffective|p1a: Starmie\n|-damage|p1a: Starmie|1/100\n|\n|upkeep\n|turn|25\n|inactive|Nails has 25 seconds left this turn.\n|\n|t:|1787333459\n|switch|p1a: Snorlax|Snorlax|100/100 par\n|cant|p2a: Chansey|par\n|\n|upkeep\n|turn|26\n|inactive|Nails has 30 seconds left.\n|\n|t:|1787333468\n|move|p2a: Chansey|Ice Beam|p1a: Snorlax\n|-damage|p1a: Snorlax|82/100 par\n|cant|p1a: Snorlax|par\n|\n|upkeep\n|turn|27\n|inactive|Nails has 30 seconds left.\n|inactive|Nails has 20 seconds left.\n|inactive|Nails has 15 seconds left.\n|\n|t:|1787333494\n|cant|p2a: Chansey|par\n|move|p1a: Snorlax|Body Slam|p2a: Chansey\n|-damage|p2a: Chansey|38/100 par\n|\n|upkeep\n|turn|28\n|inactive|Nails has 25 seconds left this turn.\n|inactive|Nails has 20 seconds left.\n|inactive|Nails has 15 seconds left.\n|\n|t:|1787333504\n|move|p2a: Chansey|Soft-Boiled|p2a: Chansey\n|-heal|p2a: Chansey|88/100 par\n|cant|p1a: Snorlax|par\n|\n|upkeep\n|turn|29\n|inactive|Nails has 25 seconds left this turn.\n|\n|t:|1787333509\n|cant|p2a: Chansey|par\n|move|p1a: Snorlax|Body Slam|p2a: Chansey\n|-damage|p2a: Chansey|44/100 par\n|\n|upkeep\n|turn|30\n|\n|t:|1787333511\n|cant|p2a: Chansey|par\n|move|p1a: Snorlax|Body Slam|p2a: Chansey\n|-damage|p2a: Chansey|3/100 par\n|\n|upkeep\n|turn|31\n|inactive|Nails has 30 seconds left.\n|\n|t:|1787333528\n|move|p2a: Chansey|Ice Beam|p1a: Snorlax\n|-damage|p1a: Snorlax|62/100 par\n|cant|p1a: Snorlax|par\n|\n|upkeep\n|turn|32\n|\n|t:|1787333534\n|cant|p2a: Chansey|par\n|cant|p1a: Snorlax|par\n|\n|upkeep\n|turn|33\n|\n|t:|1787333537\n|move|p2a: Chansey|Ice Beam|p1a: Snorlax\n|-damage|p1a: Snorlax|44/100 par\n|cant|p1a: Snorlax|par\n|\n|upkeep\n|turn|34\n|inactive|Serpi has 210 seconds left.\n|inactive|Nails has 30 seconds left.\n|inactive|Nails has 20 seconds left.\n|inactive|Nails has 15 seconds left.\n|inactive|Nails has 10 seconds left.\n|\n|t:|1787333585\n|cant|p2a: Chansey|par\n|cant|p1a: Snorlax|par\n|\n|upkeep\n|turn|35\n|inactive|Nails has 20 seconds left this turn.\n|\n|t:|1787333587\n|move|p2a: Chansey|Ice Beam|p1a: Snorlax\n|-damage|p1a: Snorlax|25/100 par\n|move|p1a: Snorlax|Rest|p1a: Snorlax\n|-status|p1a: Snorlax|slp|[from] move: Rest\n|-heal|p1a: Snorlax|100/100 slp|[silent]\n|\n|upkeep\n|turn|36\n|inactive|Nails has 30 seconds left this turn.\n|\n|t:|1787333591\n|move|p2a: Chansey|Soft-Boiled|p2a: Chansey\n|-heal|p2a: Chansey|53/100 par\n|cant|p1a: Snorlax|slp\n|\n|upkeep\n|turn|37\n|inactive|Serpi has 210 seconds left.\n|\n|t:|1787333617\n|move|p2a: Chansey|Soft-Boiled|p2a: Chansey\n|-heal|p2a: Chansey|100/100 par\n|-curestatus|p1a: Snorlax|slp|[msg]\n|\n|upkeep\n|turn|38\n|\n|t:|1787333621\n|move|p2a: Chansey|Ice Beam|p1a: Snorlax\n|-damage|p1a: Snorlax|83/100\n|move|p1a: Snorlax|Body Slam|p2a: Chansey\n|-damage|p2a: Chansey|57/100 par\n|\n|upkeep\n|turn|39\n|\n|t:|1787333642\n|switch|p2a: Exeggutor|Exeggutor|100/100\n|move|p1a: Snorlax|Body Slam|p2a: Exeggutor\n|-crit|p2a: Exeggutor\n|-damage|p2a: Exeggutor|42/100\n|\n|upkeep\n|turn|40\n|inactive|Serpi has 210 seconds left.\n|inactive|Nails has 30 seconds left.\n|inactive|Serpi has 180 seconds left.\n|\n|t:|1787333694\n|switch|p1a: Starmie|Starmie|1/100\n|move|p2a: Exeggutor|Psychic|p1a: Starmie\n|-resisted|p1a: Starmie\n|-damage|p1a: Starmie|0 fnt\n|faint|p1a: Starmie\n|\n|t:|1787333697\n|switch|p1a: Zapdos|Zapdos|100/100\n|turn|41\n|\n|t:|1787333705\n|switch|p2a: Tauros|Tauros|100/100\n|move|p1a: Zapdos|Drill Peck|p2a: Tauros\n|-damage|p2a: Tauros|76/100\n|\n|upkeep\n|turn|42\n|inactive|Serpi has 180 seconds left.\n|inactive|Nails has 30 seconds left.\n|\n|t:|1787333747\n|move|p2a: Tauros|Blizzard|p1a: Zapdos\n|-crit|p1a: Zapdos\n|-supereffective|p1a: Zapdos\n|-damage|p1a: Zapdos|34/100\n|move|p1a: Zapdos|Thunderbolt|p2a: Tauros\n|-damage|p2a: Tauros|34/100\n|-status|p2a: Tauros|par\n|\n|upkeep\n|turn|43\n|inactive|Nails has 30 seconds left.\n|\n|t:|1787333761\n|switch|p2a: Chansey|Chansey|57/100 par\n|move|p1a: Zapdos|Thunderbolt|p2a: Chansey\n|-damage|p2a: Chansey|38/100 par\n|\n|upkeep\n|turn|44\n|inactive|Nails has 30 seconds left.\n|inactive|Serpi has 150 seconds left.\n|inactive|Nails has 20 seconds left.\n|inactive|Nails has 15 seconds left.\n|inactive|Nails has 10 seconds left.\n|\n|t:|1787333795\n|move|p1a: Zapdos|Drill Peck|p2a: Chansey\n|-crit|p2a: Chansey\n|-damage|p2a: Chansey|0 fnt\n|faint|p2a: Chansey\n|inactive|Nails has 15 seconds left this turn.\n|\n|t:|1787333798\n|switch|p2a: Snorlax|Snorlax|52/100\n|turn|45\n|inactive|Nails has 25 seconds left this turn.\n|inactive|Serpi has 150 seconds left.\n|inactive|Nails has 20 seconds left.\n|inactive|Nails has 15 seconds left.\n|inactive|Nails has 10 seconds left.\n|\n|t:|1787333818\n|switch|p1a: Gengar|Gengar|80/100\n|move|p2a: Snorlax|Hyper Beam|p1a: Gengar\n|-immune|p1a: Gengar\n|\n|upkeep\n|turn|46\n|inactive|Nails has 20 seconds left this turn.\n|inactive|Nails has 15 seconds left.\n|\n|t:|1787333829\n|switch|p2a: Starmie|Starmie|55/100 slp\n|move|p1a: Gengar|Night Shade|p2a: Starmie\n|-damage|p2a: Starmie|24/100 slp\n|\n|upkeep\n|turn|47\n|inactive|Nails has 25 seconds left this turn.\n|inactive|Nails has 20 seconds left.\n|inactive|Nails has 15 seconds left.\n|\n|t:|1787333840\n|cant|p2a: Starmie|slp\n|move|p1a: Gengar|Night Shade|p2a: Starmie\n|-damage|p2a: Starmie|0 fnt\n|faint|p2a: Starmie\n|inactive|Nails has 20 seconds left this turn.\n|\n|t:|1787333841\n|switch|p2a: Exeggutor|Exeggutor|42/100\n|turn|48\n|inactive|Nails has 30 seconds left this turn.\n|inactive|Serpi has 150 seconds left.\n|inactive|Nails has 20 seconds left.\n|\n|t:|1787333881\n|move|p1a: Gengar|Night Shade|p2a: Exeggutor\n|-damage|p2a: Exeggutor|17/100\n|move|p2a: Exeggutor|Sleep Powder|p1a: Gengar\n|-status|p1a: Gengar|slp|[from] move: Sleep Powder\n|\n|upkeep\n|turn|49\n|inactive|Nails has 30 seconds left this turn.\n|inactive|Serpi has 120 seconds left.\n|\n|t:|1787333899\n|switch|p1a: Snorlax|Snorlax|83/100\n|move|p2a: Exeggutor|Psychic|p1a: Snorlax\n|-damage|p1a: Snorlax|49/100\n|-unboost|p1a: Snorlax|spa|1\n|-unboost|p1a: Snorlax|spd|1\n|\n|upkeep\n|turn|50\n|inactive|Nails has 30 seconds left.\n|\n|t:|1787333908\n|move|p2a: Exeggutor|Psychic|p1a: Snorlax\n|-damage|p1a: Snorlax|0 fnt\n|faint|p1a: Snorlax\n|\n|t:|1787333918\n|switch|p1a: Tauros|Tauros|100/100\n|turn|51\n|inactive|Nails has 30 seconds left.\n|inactive|Nails has 20 seconds left.\n|\n|t:|1787333946\n|move|p1a: Tauros|Body Slam|p2a: Exeggutor\n|-damage|p2a: Exeggutor|0 fnt\n|faint|p2a: Exeggutor\n|inactive|Nails has 25 seconds left this turn.\n|\n|t:|1787333948\n|switch|p2a: Snorlax|Snorlax|52/100\n|turn|52\n|inactive|Nails has 30 seconds left.\n|inactive|Nails has 20 seconds left.\n|\n|t:|1787333964\n|move|p1a: Tauros|Body Slam|p2a: Snorlax\n|-damage|p2a: Snorlax|28/100\n|move|p2a: Snorlax|Reflect|p2a: Snorlax\n|-start|p2a: Snorlax|Reflect\n|\n|upkeep\n|turn|53\n|inactive|Nails has 30 seconds left this turn.\n|inactive|Serpi has 150 seconds left.\n|inactive|Nails has 20 seconds left.\n|inactive|Nails has 15 seconds left.\n|\n|t:|1787333985\n|move|p1a: Tauros|Blizzard|p2a: Snorlax|[miss]\n|-miss|p1a: Tauros\n|move|p2a: Snorlax|Rest|p2a: Snorlax\n|-status|p2a: Snorlax|slp|[from] move: Rest\n|-heal|p2a: Snorlax|100/100 slp|[silent]\n|\n|upkeep\n|turn|54\n|inactive|Nails has 25 seconds left this turn.\n|\n|t:|1787333995\n|switch|p1a: Zapdos|Zapdos|34/100\n|cant|p2a: Snorlax|slp\n|\n|upkeep\n|turn|55\n|\n|t:|1787333997\n|move|p1a: Zapdos|Thunderbolt|p2a: Snorlax\n|-damage|p2a: Snorlax|67/100 slp\n|-curestatus|p2a: Snorlax|slp|[msg]\n|\n|upkeep\n|turn|56\n|\n|t:|1787334004\n|switch|p1a: Gengar|Gengar|80/100 slp\n|switch|p2a: Tauros|Tauros|34/100 par\n|\n|upkeep\n|turn|57\n|inactive|Serpi has 150 seconds left.\n|\n|t:|1787334045\n|switch|p1a: Zapdos|Zapdos|34/100\n|move|p2a: Tauros|Blizzard|p1a: Zapdos\n|-crit|p1a: Zapdos\n|-supereffective|p1a: Zapdos\n|-damage|p1a: Zapdos|0 fnt\n|faint|p1a: Zapdos\n|\n|t:|1787334046\n|switch|p1a: Tauros|Tauros|100/100\n|turn|58\n|inactive|Nails has 30 seconds left.\n|\n|t:|1787334081\n|switch|p2a: Snorlax|Snorlax|67/100\n|move|p1a: Tauros|Hyper Beam|p2a: Snorlax\n|-damage|p2a: Snorlax|23/100\n|-mustrecharge|p1a: Tauros\n|\n|upkeep\n|turn|59\n|inactive|Nails has 30 seconds left.\n|\n|t:|1787334088\n|cant|p1a: Tauros|recharge\n|move|p2a: Snorlax|Reflect|p2a: Snorlax\n|-start|p2a: Snorlax|Reflect\n|\n|upkeep\n|turn|60\n|inactive|Serpi has 150 seconds left.\n|inactive|Serpi has 120 seconds left.\n|inactive|Serpi has 90 seconds left.\n|\n|t:|1787334162\n|move|p1a: Tauros|Blizzard|p2a: Snorlax\n|-damage|p2a: Snorlax|4/100\n|-status|p2a: Snorlax|frz\n|cant|p2a: Snorlax|frz\n|\n|upkeep\n|turn|61\n|inactive|Serpi has 90 seconds left.\n|\n|t:|1787334179\n|move|p1a: Tauros|Body Slam|p2a: Snorlax\n|-crit|p2a: Snorlax\n|-damage|p2a: Snorlax|0 fnt\n|faint|p2a: Snorlax\n|\n|t:|1787334183\n|switch|p2a: Tauros|Tauros|34/100 par\n|turn|62\n|\n|t:|1787334186\n|move|p1a: Tauros|Hyper Beam|p2a: Tauros\n|-damage|p2a: Tauros|0 fnt\n|faint|p2a: Tauros\n|\n|win|Serpi\n|c|☆Nails|ggs\n|c|☆Serpi|ggs\n","uploadtime":1787334186,"views":"104","formatid":"gen1ou","rating":null,"private":0,"password":null}