{"id":"smogtours-gen1ou-915086","format":"[Gen 1] OU","players":["Ct0wn","Sceptross"],"log":"|inactive|Battle timer is ON: inactive players will automatically lose when time's up.\n|t:|1772917964\n|gametype|singles\n|player|p1|Ct0wn|#splxviiclassiest2|\n|player|p2|Sceptross|#splxviicryonicles2|\n|gen|1\n|tier|[Gen 1] OU\n|rule|Desync Clause Mod: Desyncs changed to move failure.\n|rule|Sleep Clause Mod: Limit one foe put to sleep\n|rule|Freeze Clause Mod: Limit one foe frozen\n|rule|Species Clause: Limit one of each Pokémon\n|rule|OHKO Clause: OHKO moves are banned\n|rule|Evasion Moves Clause: Evasion moves are banned\n|rule|Endless Battle Clause: Forcing endless battles is banned\n|rule|HP Percentage Mod: HP is shown in percentages\n|\n|t:|1772917964\n|teamsize|p1|6\n|teamsize|p2|6\n|start\n|switch|p1a: Gengar|Gengar|100/100\n|switch|p2a: Starmie|Starmie|100/100\n|turn|1\n|c|☆Sceptross|gl hf\n|c|☆Ct0wn|U2!\n|inactive|Ct0wn has 270 seconds left.\n|inactive|Sceptross has 270 seconds left.\n|\n|t:|1772918002\n|move|p2a: Starmie|Psychic|p1a: Gengar\n|-crit|p1a: Gengar\n|-supereffective|p1a: Gengar\n|-damage|p1a: Gengar|0 fnt\n|faint|p1a: Gengar\n|\n|t:|1772918006\n|switch|p1a: Chansey|Chansey|100/100\n|turn|2\n|inactive|Sceptross has 270 seconds left.\n|inactive|Sceptross has 240 seconds left.\n|\n|t:|1772918076\n|switch|p2a: Chansey|Chansey|100/100\n|move|p1a: Chansey|Sing|p2a: Chansey\n|-status|p2a: Chansey|slp|[from] move: Sing\n|\n|upkeep\n|turn|3\n|\n|t:|1772918083\n|move|p1a: Chansey|Thunder Wave|p2a: Chansey\n|-fail|p2a: Chansey\n|cant|p2a: Chansey|slp\n|\n|upkeep\n|turn|4\n|inactive|Sceptross has 240 seconds left.\n|\n|t:|1772918090\n|cant|p2a: Chansey|slp\n|move|p1a: Chansey|Thunder Wave|p2a: Chansey\n|-fail|p2a: Chansey\n|\n|upkeep\n|turn|5\n|inactive|Sceptross has 240 seconds left.\n|\n|t:|1772918102\n|switch|p2a: Exeggutor|Exeggutor|100/100\n|switch|p1a: EG Tauros|Tauros|100/100\n|\n|upkeep\n|turn|6\n|\n|t:|1772918109\n|switch|p1a: Exeggutor|Exeggutor|100/100\n|move|p2a: Exeggutor|Sleep Powder|p1a: Exeggutor\n|-status|p1a: Exeggutor|slp|[from] move: Sleep Powder\n|\n|upkeep\n|turn|7\n|inactive|Sceptross has 240 seconds left.\n|inactive|Sceptross has 210 seconds left.\n|\n|t:|1772918169\n|switch|p2a: Starmie|Starmie|100/100\n|cant|p1a: Exeggutor|slp\n|\n|upkeep\n|turn|8\n|\n|t:|1772918183\n|switch|p1a: Chansey|Chansey|100/100\n|move|p2a: Starmie|Thunder Wave|p1a: Chansey\n|-status|p1a: Chansey|par\n|\n|upkeep\n|turn|9\n|\n|t:|1772918200\n|switch|p2a: Chansey|Chansey|100/100 slp\n|cant|p1a: Chansey|par\n|\n|upkeep\n|turn|10\n|\n|t:|1772918204\n|switch|p2a: Snorlax|Snorlax|100/100\n|move|p1a: Chansey|Seismic Toss|p2a: Snorlax\n|-damage|p2a: Snorlax|81/100\n|\n|upkeep\n|turn|11\n|inactive|Sceptross has 210 seconds left.\n|\n|t:|1772918229\n|switch|p2a: Rhydon|Rhydon|100/100\n|move|p1a: Chansey|Thunder Wave|p2a: Rhydon\n|-immune|p2a: Rhydon\n|\n|upkeep\n|turn|12\n|\n|t:|1772918237\n|switch|p1a: Exeggutor|Exeggutor|100/100 slp\n|move|p2a: Rhydon|Body Slam|p1a: Exeggutor\n|-damage|p1a: Exeggutor|79/100 slp\n|\n|upkeep\n|turn|13\n|\n|t:|1772918248\n|cant|p1a: Exeggutor|slp\n|move|p2a: Rhydon|Rock Slide|p1a: Exeggutor\n|-damage|p1a: Exeggutor|48/100 slp\n|\n|upkeep\n|turn|14\n|\n|t:|1772918254\n|cant|p1a: Exeggutor|slp\n|move|p2a: Rhydon|Body Slam|p1a: Exeggutor\n|-damage|p1a: Exeggutor|25/100 slp\n|\n|upkeep\n|turn|15\n|\n|t:|1772918268\n|cant|p1a: Exeggutor|slp\n|move|p2a: Rhydon|Rock Slide|p1a: Exeggutor\n|-damage|p1a: Exeggutor|0 fnt\n|faint|p1a: Exeggutor\n|\n|t:|1772918275\n|switch|p1a: Cloyster|Cloyster|100/100\n|turn|16\n|inactive|Sceptross has 210 seconds left.\n|rated|Smogon Premier League\n|inactive|Sceptross has 180 seconds left.\n|\n|t:|1772918312\n|switch|p2a: Chansey|Chansey|100/100 slp\n|move|p1a: Cloyster|Blizzard|p2a: Chansey\n|-damage|p2a: Chansey|83/100 slp\n|\n|upkeep\n|turn|17\n|inactive|Sceptross has 180 seconds left.\n|\n|t:|1772918323\n|switch|p2a: Starmie|Starmie|100/100\n|move|p1a: Cloyster|Blizzard|p2a: Starmie\n|-resisted|p2a: Starmie\n|-damage|p2a: Starmie|81/100\n|\n|upkeep\n|turn|18\n|\n|t:|1772918331\n|move|p2a: Starmie|Recover|p2a: Starmie\n|-heal|p2a: Starmie|100/100\n|move|p1a: Cloyster|Blizzard|p2a: Starmie\n|-resisted|p2a: Starmie\n|-damage|p2a: Starmie|82/100\n|\n|upkeep\n|turn|19\n|\n|t:|1772918339\n|switch|p1a: Chansey|Chansey|100/100 par\n|move|p2a: Starmie|Recover|p2a: Starmie\n|-heal|p2a: Starmie|100/100\n|\n|upkeep\n|turn|20\n|inactive|Sceptross has 180 seconds left.\n|\n|t:|1772918363\n|switch|p2a: Snorlax|Snorlax|81/100\n|cant|p1a: Chansey|par\n|\n|upkeep\n|turn|21\n|inactive|Sceptross has 180 seconds left.\n|\n|t:|1772918384\n|move|p2a: Snorlax|Body Slam|p1a: Chansey\n|-damage|p1a: Chansey|57/100 par\n|cant|p1a: Chansey|par\n|\n|upkeep\n|turn|22\n|\n|t:|1772918390\n|switch|p1a: Cloyster|Cloyster|100/100\n|move|p2a: Snorlax|Body Slam|p1a: Cloyster\n|-damage|p1a: Cloyster|76/100\n|\n|upkeep\n|turn|23\n|\n|t:|1772918396\n|switch|p2a: Chansey|Chansey|83/100 slp\n|move|p1a: Cloyster|Blizzard|p2a: Chansey\n|-damage|p2a: Chansey|64/100 slp\n|\n|upkeep\n|turn|24\n|\n|t:|1772918414\n|switch|p1a: EG Tauros|Tauros|100/100\n|-curestatus|p2a: Chansey|slp|[msg]\n|\n|upkeep\n|turn|25\n|\n|t:|1772918437\n|switch|p1a: Chansey|Chansey|57/100 par\n|switch|p2a: Exeggutor|Exeggutor|100/100\n|\n|upkeep\n|turn|26\n|inactive|Ct0wn has 270 seconds left.\n|\n|t:|1772918459\n|switch|p1a: Cloyster|Cloyster|76/100\n|move|p2a: Exeggutor|Psychic|p1a: Cloyster\n|-crit|p1a: Cloyster\n|-damage|p1a: Cloyster|0 fnt\n|faint|p1a: Cloyster\n|inactive|Ct0wn has 270 seconds left.\n|\n|t:|1772918467\n|switch|p1a: Chansey|Chansey|57/100 par\n|turn|27\n|inactive|Sceptross has 180 seconds left.\n|\n|t:|1772918489\n|switch|p2a: Chansey|Chansey|64/100\n|move|p1a: Chansey|Sing|p2a: Chansey|[miss]\n|-miss|p1a: Chansey\n|\n|upkeep\n|turn|28\n|\n|t:|1772918496\n|move|p2a: Chansey|Soft-Boiled|p2a: Chansey\n|-heal|p2a: Chansey|100/100\n|move|p1a: Chansey|Sing|p2a: Chansey|[miss]\n|-miss|p1a: Chansey\n|\n|upkeep\n|turn|29\n|\n|t:|1772918498\n|move|p2a: Chansey|Seismic Toss|p1a: Chansey\n|-damage|p1a: Chansey|43/100 par\n|move|p1a: Chansey|Sing|p2a: Chansey|[miss]\n|-miss|p1a: Chansey\n|\n|upkeep\n|turn|30\n|\n|t:|1772918501\n|move|p2a: Chansey|Seismic Toss|p1a: Chansey\n|-damage|p1a: Chansey|29/100 par\n|cant|p1a: Chansey|par\n|\n|upkeep\n|turn|31\n|\n|t:|1772918505\n|move|p2a: Chansey|Seismic Toss|p1a: Chansey\n|-damage|p1a: Chansey|15/100 par\n|move|p1a: Chansey|Sing|p2a: Chansey|[miss]\n|-miss|p1a: Chansey\n|\n|upkeep\n|turn|32\n|\n|t:|1772918508\n|move|p2a: Chansey|Seismic Toss|p1a: Chansey\n|-damage|p1a: Chansey|0 fnt\n|faint|p1a: Chansey\n|\n|t:|1772918512\n|switch|p1a: Snorlax|Snorlax|100/100\n|turn|33\n|\n|t:|1772918532\n|move|p2a: Chansey|Sing|p1a: Snorlax\n|-status|p1a: Snorlax|slp|[from] move: Sing\n|cant|p1a: Snorlax|slp\n|\n|upkeep\n|turn|34\n|inactive|Sceptross has 210 seconds left.\n|\n|t:|1772918566\n|switch|p2a: Snorlax|Snorlax|81/100\n|cant|p1a: Snorlax|slp\n|\n|upkeep\n|turn|35\n|\n|t:|1772918570\n|move|p2a: Snorlax|Self-Destruct|p1a: Snorlax\n|-damage|p1a: Snorlax|12/100 slp\n|faint|p2a: Snorlax\n|\n|t:|1772918574\n|switch|p2a: Starmie|Starmie|100/100\n|turn|36\n|\n|t:|1772918576\n|move|p2a: Starmie|Psychic|p1a: Snorlax\n|-damage|p1a: Snorlax|0 fnt\n|faint|p1a: Snorlax\n|\n|t:|1772918578\n|switch|p1a: EG Tauros|Tauros|100/100\n|turn|37\n|\n|t:|1772918582\n|move|p2a: Starmie|Thunder Wave|p1a: EG Tauros\n|-status|p1a: EG Tauros|par\n|move|p1a: EG Tauros|Hyper Beam|p2a: Starmie\n|-damage|p2a: Starmie|43/100\n|-mustrecharge|p1a: EG Tauros\n|\n|upkeep\n|turn|38\n|\n|t:|1772918588\n|move|p2a: Starmie|Psychic|p1a: EG Tauros\n|-damage|p1a: EG Tauros|62/100 par\n|cant|p1a: EG Tauros|recharge\n|\n|upkeep\n|turn|39\n|\n|t:|1772918591\n|move|p2a: Starmie|Psychic|p1a: EG Tauros\n|-crit|p1a: EG Tauros\n|-damage|p1a: EG Tauros|0 fnt\n|faint|p1a: EG Tauros\n|\n|win|Sceptross\n|c|☆Ct0wn|Gg\n|c|☆Sceptross|gg\n|player|p2|\n","uploadtime":1772918591,"views":"1053","formatid":"gen1ou","rating":null,"private":0,"password":null}