{"id":"smogtours-gen1ou-952833","format":"[Gen 1] OU","players":["RoboKyII","stunner047"],"log":"|inactive|Battle timer is ON: inactive players will automatically lose when time's up.\n|t:|1783153090\n|gametype|singles\n|player|p1|RoboKyII|rosa-pokestar3|\n|player|p2|stunner047|#rbypliiidingdangdewgongs|\n|gen|1\n|tier|[Gen 1] OU\n|rule|Desync Clause Mod: Desyncs changed to move failure.\n|rule|HP Percentage Mod: HP is shown in percentages\n|rule|Endless Battle Clause: Forcing endless battles is banned\n|rule|Sleep Clause Mod: Limit one foe put to sleep\n|rule|Freeze Clause Mod: Limit one foe frozen\n|rule|Species Clause: Limit one of each Pokémon\n|rule|OHKO Clause: OHKO moves are banned\n|rule|Evasion Moves Clause: Evasion moves are banned\n|\n|t:|1783153090\n|teamsize|p1|6\n|teamsize|p2|6\n|start\n|switch|p1a: Chansey|Chansey|100/100\n|switch|p2a: Gengar|Gengar|100/100\n|turn|1\n|c|☆stunner047|gl hf\n|\n|t:|1783153098\n|move|p2a: Gengar|Hypnosis|p1a: Chansey|[miss]\n|-miss|p2a: Gengar\n|move|p1a: Chansey|Thunder Wave|p2a: Gengar\n|-status|p2a: Gengar|par\n|\n|upkeep\n|turn|2\n|\n|t:|1783153102\n|move|p1a: Chansey|Seismic Toss|p2a: Gengar\n|-damage|p2a: Gengar|70/100 par\n|cant|p2a: Gengar|par\n|\n|upkeep\n|turn|3\n|\n|t:|1783153107\n|move|p1a: Chansey|Seismic Toss|p2a: Gengar\n|-damage|p2a: Gengar|39/100 par\n|move|p2a: Gengar|Hypnosis|p1a: Chansey|[miss]\n|-miss|p2a: Gengar\n|\n|upkeep\n|turn|4\n|\n|t:|1783153112\n|move|p1a: Chansey|Seismic Toss|p2a: Gengar\n|-damage|p2a: Gengar|8/100 par\n|move|p2a: Gengar|Explosion|p1a: Chansey\n|-damage|p1a: Chansey|23/100\n|faint|p2a: Gengar\n|\n|t:|1783153117\n|switch|p2a: Tauros|Tauros|100/100\n|turn|5\n|\n|t:|1783153120\n|switch|p1a: Exeggutor|Exeggutor|100/100\n|move|p2a: Tauros|Body Slam|p1a: Exeggutor\n|-damage|p1a: Exeggutor|73/100\n|-status|p1a: Exeggutor|par\n|\n|upkeep\n|turn|6\n|\n|t:|1783153130\n|move|p2a: Tauros|Blizzard|p1a: Exeggutor\n|-crit|p1a: Exeggutor\n|-supereffective|p1a: Exeggutor\n|-damage|p1a: Exeggutor|15/100 par\n|move|p1a: Exeggutor|Sleep Powder|p2a: Tauros\n|-status|p2a: Tauros|slp|[from] move: Sleep Powder\n|\n|upkeep\n|turn|7\n|\n|t:|1783153133\n|switch|p1a: Tauros|Tauros|100/100\n|cant|p2a: Tauros|slp\n|\n|upkeep\n|turn|8\n|\n|t:|1783153136\n|switch|p2a: Snorlax|Snorlax|100/100\n|move|p1a: Tauros|Body Slam|p2a: Snorlax\n|-damage|p2a: Snorlax|77/100\n|\n|upkeep\n|turn|9\n|\n|t:|1783153140\n|move|p1a: Tauros|Blizzard|p2a: Snorlax\n|-damage|p2a: Snorlax|59/100\n|move|p2a: Snorlax|Body Slam|p1a: Tauros\n|-damage|p1a: Tauros|71/100\n|\n|upkeep\n|turn|10\n|\n|t:|1783153143\n|move|p1a: Tauros|Body Slam|p2a: Snorlax\n|-damage|p2a: Snorlax|35/100\n|move|p2a: Snorlax|Reflect|p2a: Snorlax\n|-start|p2a: Snorlax|Reflect\n|\n|upkeep\n|turn|11\n|\n|t:|1783153146\n|switch|p1a: Zapdos|Zapdos|100/100\n|move|p2a: Snorlax|Rest|p2a: Snorlax\n|-status|p2a: Snorlax|slp|[from] move: Rest\n|-heal|p2a: Snorlax|100/100 slp|[silent]\n|\n|upkeep\n|turn|12\n|\n|t:|1783153151\n|move|p1a: Zapdos|Thunderbolt|p2a: Snorlax\n|-damage|p2a: Snorlax|66/100 slp\n|cant|p2a: Snorlax|slp\n|\n|upkeep\n|turn|13\n|\n|t:|1783153154\n|switch|p2a: Chansey|Chansey|100/100\n|move|p1a: Zapdos|Thunderbolt|p2a: Chansey\n|-damage|p2a: Chansey|84/100\n|\n|upkeep\n|turn|14\n|\n|t:|1783153160\n|switch|p1a: Chansey|Chansey|23/100\n|move|p2a: Chansey|Ice Beam|p1a: Chansey\n|-damage|p1a: Chansey|13/100\n|\n|upkeep\n|turn|15\n|\n|t:|1783153168\n|move|p1a: Chansey|Soft-Boiled|p1a: Chansey\n|-heal|p1a: Chansey|63/100\n|move|p2a: Chansey|Ice Beam|p1a: Chansey\n|-damage|p1a: Chansey|52/100\n|\n|upkeep\n|turn|16\n|\n|t:|1783153171\n|move|p2a: Chansey|Sing|p1a: Chansey\n|-status|p1a: Chansey|slp|[from] move: Sing\n|cant|p1a: Chansey|slp\n|\n|upkeep\n|turn|17\n|\n|t:|1783153186\n|cant|p1a: Chansey|slp\n|move|p2a: Chansey|Ice Beam|p1a: Chansey\n|-damage|p1a: Chansey|42/100 slp\n|\n|upkeep\n|turn|18\n|\n|t:|1783153191\n|switch|p1a: Snorlax|Snorlax|100/100\n|switch|p2a: Snorlax|Snorlax|66/100 slp\n|\n|upkeep\n|turn|19\n|\n|t:|1783153199\n|-curestatus|p2a: Snorlax|slp|[msg]\n|move|p1a: Snorlax|Body Slam|p2a: Snorlax\n|-damage|p2a: Snorlax|40/100\n|\n|upkeep\n|turn|20\n|\n|t:|1783153203\n|move|p1a: Snorlax|Self-Destruct|p2a: Snorlax\n|-damage|p2a: Snorlax|0 fnt\n|faint|p2a: Snorlax\n|faint|p1a: Snorlax\n|\n|t:|1783153216\n|switch|p2a: Chansey|Chansey|84/100\n|switch|p1a: Starmie|Starmie|100/100\n|turn|21\n|\n|t:|1783153220\n|move|p1a: Starmie|Thunder Wave|p2a: Chansey\n|-status|p2a: Chansey|par\n|cant|p2a: Chansey|par\n|\n|upkeep\n|turn|22\n|\n|t:|1783153222\n|move|p1a: Starmie|Psychic|p2a: Chansey\n|-damage|p2a: Chansey|70/100 par\n|move|p2a: Chansey|Ice Beam|p1a: Starmie\n|-resisted|p1a: Starmie\n|-damage|p1a: Starmie|89/100\n|\n|upkeep\n|turn|23\n|\n|t:|1783153225\n|move|p1a: Starmie|Psychic|p2a: Chansey\n|-damage|p2a: Chansey|56/100 par\n|-unboost|p2a: Chansey|spa|1\n|-unboost|p2a: Chansey|spd|1\n|cant|p2a: Chansey|par\n|\n|upkeep\n|turn|24\n|\n|t:|1783153228\n|switch|p1a: Tauros|Tauros|71/100\n|move|p2a: Chansey|Soft-Boiled|p2a: Chansey\n|-heal|p2a: Chansey|100/100 par\n|\n|upkeep\n|turn|25\n|\n|t:|1783153231\n|switch|p1a: Starmie|Starmie|89/100\n|switch|p2a: Tauros|Tauros|100/100 slp\n|\n|upkeep\n|turn|26\n|\n|t:|1783153233\n|switch|p2a: Chansey|Chansey|100/100 par\n|move|p1a: Starmie|Psychic|p2a: Chansey\n|-damage|p2a: Chansey|85/100 par\n|-unboost|p2a: Chansey|spa|1\n|-unboost|p2a: Chansey|spd|1\n|\n|upkeep\n|turn|27\n|\n|t:|1783153235\n|move|p1a: Starmie|Psychic|p2a: Chansey\n|-crit|p2a: Chansey\n|-damage|p2a: Chansey|56/100 par\n|cant|p2a: Chansey|par\n|\n|upkeep\n|turn|28\n|\n|t:|1783153238\n|move|p1a: Starmie|Psychic|p2a: Chansey\n|-damage|p2a: Chansey|32/100 par\n|move|p2a: Chansey|Soft-Boiled|p2a: Chansey\n|-heal|p2a: Chansey|82/100 par\n|\n|upkeep\n|turn|29\n|\n|t:|1783153241\n|move|p1a: Starmie|Psychic|p2a: Chansey\n|-damage|p2a: Chansey|60/100 par\n|move|p2a: Chansey|Thunder Wave|p1a: Starmie\n|-status|p1a: Starmie|par\n|\n|upkeep\n|turn|30\n|\n|t:|1783153246\n|switch|p2a: Tauros|Tauros|100/100 slp\n|cant|p1a: Starmie|par\n|\n|upkeep\n|turn|31\n|\n|t:|1783153248\n|switch|p2a: Chansey|Chansey|60/100 par\n|cant|p1a: Starmie|par\n|\n|upkeep\n|turn|32\n|\n|t:|1783153249\n|cant|p1a: Starmie|par\n|move|p2a: Chansey|Soft-Boiled|p2a: Chansey\n|-heal|p2a: Chansey|100/100 par\n|\n|upkeep\n|turn|33\n|\n|t:|1783153267\n|move|p1a: Starmie|Psychic|p2a: Chansey\n|-crit|p2a: Chansey\n|-damage|p2a: Chansey|72/100 par\n|-unboost|p2a: Chansey|spa|1\n|-unboost|p2a: Chansey|spd|1\n|cant|p2a: Chansey|par\n|\n|upkeep\n|turn|34\n|\n|t:|1783153271\n|move|p1a: Starmie|Psychic|p2a: Chansey\n|-damage|p2a: Chansey|52/100 par\n|move|p2a: Chansey|Soft-Boiled|p2a: Chansey\n|-heal|p2a: Chansey|100/100 par\n|\n|upkeep\n|turn|35\n|\n|t:|1783153276\n|move|p1a: Starmie|Psychic|p2a: Chansey\n|-damage|p2a: Chansey|79/100 par\n|move|p2a: Chansey|Ice Beam|p1a: Starmie\n|-resisted|p1a: Starmie\n|-damage|p1a: Starmie|82/100 par\n|\n|upkeep\n|turn|36\n|\n|t:|1783153280\n|switch|p1a: Exeggutor|Exeggutor|15/100 par\n|cant|p2a: Chansey|par\n|\n|upkeep\n|turn|37\n|\n|t:|1783153284\n|switch|p2a: Tauros|Tauros|100/100 slp\n|move|p1a: Exeggutor|Psychic|p2a: Tauros\n|-damage|p2a: Tauros|54/100 slp\n|\n|upkeep\n|turn|38\n|\n|t:|1783153287\n|cant|p2a: Tauros|slp\n|move|p1a: Exeggutor|Psychic|p2a: Tauros\n|-damage|p2a: Tauros|10/100 slp\n|-unboost|p2a: Tauros|spa|1\n|-unboost|p2a: Tauros|spd|1\n|\n|upkeep\n|turn|39\n|\n|t:|1783153289\n|cant|p2a: Tauros|slp\n|move|p1a: Exeggutor|Psychic|p2a: Tauros\n|-damage|p2a: Tauros|0 fnt\n|faint|p2a: Tauros\n|\n|t:|1783153293\n|switch|p2a: Zapdos|Zapdos|100/100\n|turn|40\n|\n|t:|1783153298\n|move|p2a: Zapdos|Drill Peck|p1a: Exeggutor\n|-supereffective|p1a: Exeggutor\n|-damage|p1a: Exeggutor|0 fnt\n|faint|p1a: Exeggutor\n|\n|t:|1783153302\n|switch|p1a: Zapdos|Zapdos|100/100\n|turn|41\n|\n|t:|1783153305\n|move|p1a: Zapdos|Drill Peck|p2a: Zapdos\n|-resisted|p2a: Zapdos\n|-damage|p2a: Zapdos|88/100\n|move|p2a: Zapdos|Thunder Wave|p1a: Zapdos\n|-status|p1a: Zapdos|par\n|\n|upkeep\n|turn|42\n|\n|t:|1783153306\n|move|p2a: Zapdos|Thunderbolt|p1a: Zapdos\n|-damage|p1a: Zapdos|73/100 par\n|cant|p1a: Zapdos|par\n|\n|upkeep\n|turn|43\n|\n|t:|1783153309\n|move|p2a: Zapdos|Thunderbolt|p1a: Zapdos\n|-crit|p1a: Zapdos\n|-damage|p1a: Zapdos|19/100 par\n|move|p1a: Zapdos|Thunder Wave|p2a: Zapdos\n|-status|p2a: Zapdos|par\n|\n|upkeep\n|turn|44\n|\n|t:|1783153315\n|move|p1a: Zapdos|Thunderbolt|p2a: Zapdos\n|-crit|p2a: Zapdos\n|-damage|p2a: Zapdos|30/100 par\n|move|p2a: Zapdos|Agility|p2a: Zapdos\n|-boost|p2a: Zapdos|spe|2\n|\n|upkeep\n|turn|45\n|\n|t:|1783153324\n|move|p2a: Zapdos|Thunderbolt|p1a: Zapdos\n|-damage|p1a: Zapdos|0 fnt\n|faint|p1a: Zapdos\n|\n|t:|1783153333\n|switch|p1a: Tauros|Tauros|71/100\n|turn|46\n|\n|t:|1783153336\n|move|p2a: Zapdos|Thunderbolt|p1a: Tauros\n|-crit|p1a: Tauros\n|-damage|p1a: Tauros|0 fnt\n|faint|p1a: Tauros\n|\n|t:|1783153339\n|switch|p1a: Starmie|Starmie|82/100 par\n|turn|47\n|\n|t:|1783153342\n|cant|p2a: Zapdos|par\n|move|p1a: Starmie|Blizzard|p2a: Zapdos\n|-supereffective|p2a: Zapdos\n|-damage|p2a: Zapdos|0 fnt\n|faint|p2a: Zapdos\n|\n|t:|1783153344\n|switch|p2a: Starmie|Starmie|100/100\n|turn|48\n|\n|t:|1783153350\n|switch|p1a: Chansey|Chansey|42/100 slp\n|move|p2a: Starmie|Thunderbolt|p1a: Chansey\n|-damage|p1a: Chansey|32/100 slp\n|\n|upkeep\n|turn|49\n|\n|t:|1783153352\n|move|p2a: Starmie|Surf|p1a: Chansey\n|-damage|p1a: Chansey|17/100 slp\n|cant|p1a: Chansey|slp\n|\n|upkeep\n|turn|50\n|\n|t:|1783153361\n|switch|p1a: Starmie|Starmie|82/100 par\n|move|p2a: Starmie|Surf|p1a: Starmie\n|-resisted|p1a: Starmie\n|-damage|p1a: Starmie|66/100 par\n|\n|upkeep\n|turn|51\n|\n|t:|1783153363\n|move|p2a: Starmie|Thunderbolt|p1a: Starmie\n|-supereffective|p1a: Starmie\n|-damage|p1a: Starmie|23/100 par\n|move|p1a: Starmie|Thunder Wave|p2a: Starmie\n|-status|p2a: Starmie|par\n|\n|upkeep\n|turn|52\n|\n|t:|1783153368\n|cant|p1a: Starmie|par\n|move|p2a: Starmie|Thunderbolt|p1a: Starmie\n|-supereffective|p1a: Starmie\n|-damage|p1a: Starmie|0 fnt\n|faint|p1a: Starmie\n|\n|t:|1783153373\n|switch|p1a: Chansey|Chansey|17/100 slp\n|turn|53\n|\n|t:|1783153375\n|-curestatus|p1a: Chansey|slp|[msg]\n|move|p2a: Starmie|Surf|p1a: Chansey\n|-damage|p1a: Chansey|2/100\n|\n|upkeep\n|turn|54\n|\n|t:|1783153377\n|switch|p2a: Chansey|Chansey|79/100 par\n|move|p1a: Chansey|Soft-Boiled|p1a: Chansey\n|-heal|p1a: Chansey|52/100\n|\n|upkeep\n|turn|55\n|\n|t:|1783153379\n|move|p1a: Chansey|Seismic Toss|p2a: Chansey\n|-damage|p2a: Chansey|65/100 par\n|move|p2a: Chansey|Ice Beam|p1a: Chansey\n|-damage|p1a: Chansey|42/100\n|\n|upkeep\n|turn|56\n|\n|t:|1783153381\n|move|p1a: Chansey|Seismic Toss|p2a: Chansey\n|-damage|p2a: Chansey|50/100 par\n|move|p2a: Chansey|Soft-Boiled|p2a: Chansey\n|-heal|p2a: Chansey|99/100 par\n|\n|upkeep\n|turn|57\n|\n|t:|1783153383\n|move|p1a: Chansey|Seismic Toss|p2a: Chansey\n|-damage|p2a: Chansey|86/100 par\n|move|p2a: Chansey|Ice Beam|p1a: Chansey\n|-damage|p1a: Chansey|31/100\n|\n|upkeep\n|turn|58\n|\n|t:|1783153385\n|move|p1a: Chansey|Soft-Boiled|p1a: Chansey\n|-heal|p1a: Chansey|81/100\n|move|p2a: Chansey|Ice Beam|p1a: Chansey\n|-damage|p1a: Chansey|70/100\n|\n|upkeep\n|turn|59\n|\n|t:|1783153386\n|move|p1a: Chansey|Seismic Toss|p2a: Chansey\n|-damage|p2a: Chansey|72/100 par\n|move|p2a: Chansey|Ice Beam|p1a: Chansey\n|-damage|p1a: Chansey|60/100\n|-status|p1a: Chansey|frz\n|\n|upkeep\n|turn|60\n|-message|RoboKyII forfeited.\n|\n|win|stunner047\n|c|☆stunner047|gg\n|player|p1|\n|c|☆stunner047|/log stunner047 made the replay of this battle unlisted.\n|player|p2|\n|player|p1|RoboKyII|rosa-pokestar3|\n","uploadtime":1783153389,"views":"37","formatid":"gen1ou","rating":null,"private":2,"password":null}