{"id":"smogtours-gen1ou-962524","format":"[Gen 1] OU","players":["Kaz","Amaranth"],"log":"|inactive|Battle timer is ON: inactive players will automatically lose when time's up.\n|t:|1786280449\n|gametype|singles\n|player|p1|Kaz|#kaz|\n|player|p2|Amaranth|#amaranth|\n|gen|1\n|tier|[Gen 1] OU\n|rule|Desync Clause Mod: Desyncs resolve to link battle behavior from the acting player's perspective.\n|rule|HP Percentage Mod: HP is shown in percentages\n|rule|Endless Battle Clause: Forcing endless battles is banned\n|rule|Sleep Clause Mod: Limit one foe put to sleep\n|rule|Freeze Clause Mod: Limit one foe frozen\n|rule|Species Clause: Limit one of each Pokémon\n|rule|OHKO Clause: OHKO moves are banned\n|rule|Evasion Moves Clause: Evasion moves are banned\n|\n|t:|1786280449\n|teamsize|p1|6\n|teamsize|p2|6\n|start\n|switch|p1a: Gengar|Gengar|100/100\n|switch|p2a: Starmie|Starmie|100/100\n|turn|1\n|c|☆Amaranth|glhf\n|c|☆Kaz|hf\n|\n|t:|1786280471\n|switch|p2a: Jynx|Jynx|100/100\n|switch|p1a: Chansey|Chansey|100/100\n|\n|upkeep\n|turn|2\n|\n|t:|1786280476\n|switch|p1a: Gengar|Gengar|100/100\n|move|p2a: Jynx|Lovely Kiss|p1a: Gengar|[miss]\n|-miss|p2a: Jynx\n|\n|upkeep\n|turn|3\n|\n|t:|1786280497\n|switch|p2a: Starmie|Starmie|100/100\n|move|p1a: Gengar|Hypnosis|p2a: Starmie|[miss]\n|-miss|p1a: Gengar\n|\n|upkeep\n|turn|4\n|\n|t:|1786280502\n|switch|p1a: Chansey|Chansey|100/100\n|move|p2a: Starmie|Psychic|p1a: Chansey\n|-damage|p1a: Chansey|86/100\n|\n|upkeep\n|turn|5\n|\n|t:|1786280511\n|switch|p2a: Jynx|Jynx|100/100\n|move|p1a: Chansey|Sing|p2a: Jynx\n|-status|p2a: Jynx|slp|[from] move: Sing\n|\n|upkeep\n|turn|6\n|\n|t:|1786280525\n|switch|p2a: Chansey|Chansey|100/100\n|switch|p1a: Tauros|Tauros|100/100\n|\n|upkeep\n|turn|7\n|\n|t:|1786280530\n|switch|p1a: Chansey|Chansey|86/100\n|move|p2a: Chansey|Thunder Wave|p1a: Chansey\n|-status|p1a: Chansey|par\n|\n|upkeep\n|turn|8\n|\n|t:|1786280536\n|switch|p2a: Snorlax|Snorlax|100/100\n|move|p1a: Chansey|Ice Beam|p2a: Snorlax\n|-damage|p2a: Snorlax|83/100\n|\n|upkeep\n|turn|9\n|\n|t:|1786280543\n|switch|p1a: Cloyster|Cloyster|100/100\n|move|p2a: Snorlax|Reflect|p2a: Snorlax\n|-start|p2a: Snorlax|Reflect\n|\n|upkeep\n|turn|10\n|\n|t:|1786280550\n|move|p1a: Cloyster|Blizzard|p2a: Snorlax\n|-damage|p2a: Snorlax|51/100\n|move|p2a: Snorlax|Body Slam|p1a: Cloyster\n|-damage|p1a: Cloyster|75/100\n|\n|upkeep\n|turn|11\n|\n|t:|1786280552\n|move|p1a: Cloyster|Clamp|p2a: Snorlax\n|-damage|p2a: Snorlax|41/100\n|cant|p2a: Snorlax|partiallytrapped\n|\n|upkeep\n|turn|12\n|\n|t:|1786280561\n|switch|p1a: Chansey|Chansey|86/100 par\n|switch|p2a: Chansey|Chansey|100/100\n|\n|upkeep\n|turn|13\n|\n|t:|1786280571\n|switch|p2a: Snorlax|Snorlax|41/100\n|move|p1a: Chansey|Ice Beam|p2a: Snorlax\n|-damage|p2a: Snorlax|23/100\n|\n|upkeep\n|turn|14\n|\n|t:|1786280580\n|switch|p1a: Gengar|Gengar|100/100\n|move|p2a: Snorlax|Body Slam|p1a: Gengar\n|-immune|p1a: Gengar\n|\n|upkeep\n|turn|15\n|\n|t:|1786280594\n|switch|p1a: Chansey|Chansey|86/100 par\n|switch|p2a: Rhydon|Rhydon|100/100\n|\n|upkeep\n|turn|16\n|\n|t:|1786280600\n|move|p2a: Rhydon|Earthquake|p1a: Chansey\n|-damage|p1a: Chansey|33/100 par\n|cant|p1a: Chansey|par\n|\n|upkeep\n|turn|17\n|\n|t:|1786280606\n|switch|p1a: Cloyster|Cloyster|75/100\n|move|p2a: Rhydon|Earthquake|p1a: Cloyster\n|-damage|p1a: Cloyster|43/100\n|\n|upkeep\n|turn|18\n|\n|t:|1786280618\n|switch|p2a: Starmie|Starmie|100/100\n|move|p1a: Cloyster|Clamp|p2a: Starmie\n|-resisted|p2a: Starmie\n|-damage|p2a: Starmie|95/100\n|\n|upkeep\n|turn|19\n|\n|t:|1786280623\n|move|p1a: Cloyster|Clamp|p2a: Starmie|[from] Clamp\n|-damage|p2a: Starmie|89/100\n|\n|upkeep\n|turn|20\n|\n|t:|1786280626\n|switch|p1a: Chansey|Chansey|33/100 par\n|move|p2a: Starmie|Psychic|p1a: Chansey\n|-damage|p1a: Chansey|19/100 par\n|-unboost|p1a: Chansey|spa|1\n|-unboost|p1a: Chansey|spd|1\n|\n|upkeep\n|turn|21\n|\n|t:|1786280628\n|switch|p1a: Alakazam|Alakazam|100/100\n|move|p2a: Starmie|Psychic|p1a: Alakazam\n|-resisted|p1a: Alakazam\n|-damage|p1a: Alakazam|86/100\n|-unboost|p1a: Alakazam|spa|1\n|-unboost|p1a: Alakazam|spd|1\n|\n|upkeep\n|turn|22\n|\n|t:|1786280633\n|switch|p2a: Rhydon|Rhydon|100/100\n|move|p1a: Alakazam|Thunder Wave|p2a: Rhydon\n|-immune|p2a: Rhydon\n|\n|upkeep\n|turn|23\n|\n|t:|1786280651\n|switch|p1a: Chansey|Chansey|19/100 par\n|move|p2a: Rhydon|Earthquake|p1a: Chansey\n|-damage|p1a: Chansey|0 fnt\n|faint|p1a: Chansey\n|\n|t:|1786280667\n|switch|p1a: Tauros|Tauros|100/100\n|turn|24\n|inactive|Kaz has 270 seconds left.\n|\n|t:|1786280689\n|switch|p2a: Starmie|Starmie|89/100\n|move|p1a: Tauros|Blizzard|p2a: Starmie\n|-resisted|p2a: Starmie\n|-damage|p2a: Starmie|79/100\n|\n|upkeep\n|turn|25\n|\n|t:|1786280693\n|move|p2a: Starmie|Thunder Wave|p1a: Tauros\n|-status|p1a: Tauros|par\n|move|p1a: Tauros|Body Slam|p2a: Starmie\n|-damage|p2a: Starmie|45/100\n|\n|upkeep\n|turn|26\n|\n|t:|1786280699\n|switch|p2a: Chansey|Chansey|100/100\n|move|p1a: Tauros|Body Slam|p2a: Chansey\n|-damage|p2a: Chansey|62/100\n|\n|upkeep\n|turn|27\n|\n|t:|1786280703\n|move|p2a: Chansey|Soft-Boiled|p2a: Chansey\n|-heal|p2a: Chansey|100/100\n|move|p1a: Tauros|Blizzard|p2a: Chansey\n|-damage|p2a: Chansey|89/100\n|\n|upkeep\n|turn|28\n|\n|t:|1786280707\n|move|p2a: Chansey|Ice Beam|p1a: Tauros\n|-crit|p1a: Tauros\n|-damage|p1a: Tauros|50/100 par\n|move|p1a: Tauros|Blizzard|p2a: Chansey\n|-crit|p2a: Chansey\n|-damage|p2a: Chansey|71/100\n|\n|upkeep\n|turn|29\n|\n|t:|1786280744\n|move|p2a: Chansey|Ice Beam|p1a: Tauros\n|-crit|p1a: Tauros\n|-damage|p1a: Tauros|0 fnt\n|faint|p1a: Tauros\n|\n|t:|1786280752\n|switch|p1a: Alakazam|Alakazam|86/100\n|turn|30\n|\n|t:|1786280755\n|move|p1a: Alakazam|Thunder Wave|p2a: Chansey\n|-status|p2a: Chansey|par\n|cant|p2a: Chansey|par\n|\n|upkeep\n|turn|31\n|\n|t:|1786280770\n|move|p1a: Alakazam|Psychic|p2a: Chansey\n|-crit|p2a: Chansey\n|-damage|p2a: Chansey|36/100 par\n|move|p2a: Chansey|Soft-Boiled|p2a: Chansey\n|-heal|p2a: Chansey|86/100 par\n|\n|upkeep\n|turn|32\n|\n|t:|1786280782\n|move|p1a: Alakazam|Psychic|p2a: Chansey\n|-damage|p2a: Chansey|67/100 par\n|-unboost|p2a: Chansey|spa|1\n|-unboost|p2a: Chansey|spd|1\n|move|p2a: Chansey|Soft-Boiled|p2a: Chansey\n|-heal|p2a: Chansey|100/100 par\n|\n|upkeep\n|turn|33\n|\n|t:|1786280789\n|switch|p1a: Cloyster|Cloyster|43/100\n|move|p2a: Chansey|Thunder Wave|p1a: Cloyster\n|-status|p1a: Cloyster|par\n|\n|upkeep\n|turn|34\n|\n|t:|1786280807\n|switch|p1a: Snorlax|Snorlax|100/100\n|switch|p2a: Snorlax|Snorlax|23/100\n|\n|upkeep\n|turn|35\n|\n|t:|1786280832\n|switch|p2a: Rhydon|Rhydon|100/100\n|move|p1a: Snorlax|Body Slam|p2a: Rhydon\n|-resisted|p2a: Rhydon\n|-damage|p2a: Rhydon|89/100\n|-status|p2a: Rhydon|par\n|\n|upkeep\n|turn|36\n|\n|t:|1786280841\n|switch|p1a: Cloyster|Cloyster|43/100 par\n|move|p2a: Rhydon|Earthquake|p1a: Cloyster\n|-damage|p1a: Cloyster|10/100 par\n|\n|upkeep\n|turn|37\n|\n|t:|1786280851\n|switch|p2a: Starmie|Starmie|45/100\n|move|p1a: Cloyster|Rest|p1a: Cloyster\n|-status|p1a: Cloyster|slp|[from] move: Rest\n|-heal|p1a: Cloyster|100/100 slp|[silent]\n|\n|upkeep\n|turn|38\n|\n|t:|1786280857\n|move|p2a: Starmie|Thunder Wave|p1a: Cloyster\n|-fail|p1a: Cloyster\n|cant|p1a: Cloyster|slp\n|\n|upkeep\n|turn|39\n|\n|t:|1786280866\n|move|p2a: Starmie|Thunder Wave|p1a: Cloyster\n|-fail|p1a: Cloyster\n|-curestatus|p1a: Cloyster|slp|[msg]\n|\n|upkeep\n|turn|40\n|\n|t:|1786280894\n|switch|p1a: Alakazam|Alakazam|86/100\n|move|p2a: Starmie|Thunder Wave|p1a: Alakazam\n|-status|p1a: Alakazam|par\n|\n|upkeep\n|turn|41\n|\n|t:|1786280917\n|switch|p2a: Chansey|Chansey|100/100 par\n|move|p1a: Alakazam|Psychic|p2a: Chansey\n|-damage|p2a: Chansey|82/100 par\n|\n|upkeep\n|turn|42\n|\n|t:|1786280921\n|move|p1a: Alakazam|Psychic|p2a: Chansey\n|-crit|p2a: Chansey\n|-damage|p2a: Chansey|46/100 par\n|move|p2a: Chansey|Soft-Boiled|p2a: Chansey\n|-heal|p2a: Chansey|96/100 par\n|\n|upkeep\n|turn|43\n|\n|t:|1786280927\n|cant|p1a: Alakazam|par\n|move|p2a: Chansey|Ice Beam|p1a: Alakazam\n|-damage|p1a: Alakazam|66/100 par\n|\n|upkeep\n|turn|44\n|\n|t:|1786280946\n|move|p1a: Alakazam|Psychic|p2a: Chansey\n|-damage|p2a: Chansey|78/100 par\n|move|p2a: Chansey|Ice Beam|p1a: Alakazam\n|-damage|p1a: Alakazam|46/100 par\n|\n|upkeep\n|turn|45\n|\n|t:|1786280954\n|switch|p2a: Tauros|Tauros|100/100\n|move|p1a: Alakazam|Recover|p1a: Alakazam\n|-heal|p1a: Alakazam|96/100 par\n|\n|upkeep\n|turn|46\n|\n|t:|1786280980\n|move|p2a: Tauros|Body Slam|p1a: Alakazam\n|-crit|p1a: Alakazam\n|-damage|p1a: Alakazam|0 fnt\n|faint|p1a: Alakazam\n|\n|t:|1786280988\n|switch|p1a: Gengar|Gengar|100/100\n|turn|47\n|\n|t:|1786280993\n|switch|p2a: Chansey|Chansey|78/100 par\n|move|p1a: Gengar|Psychic|p2a: Chansey\n|-damage|p2a: Chansey|66/100 par\n|\n|upkeep\n|turn|48\n|\n|t:|1786281000\n|switch|p1a: Snorlax|Snorlax|100/100\n|move|p2a: Chansey|Soft-Boiled|p2a: Chansey\n|-heal|p2a: Chansey|100/100 par\n|\n|upkeep\n|turn|49\n|\n|t:|1786281009\n|move|p1a: Snorlax|Earthquake|p2a: Chansey\n|-damage|p2a: Chansey|65/100 par\n|move|p2a: Chansey|Thunder Wave|p1a: Snorlax\n|-status|p1a: Snorlax|par\n|\n|upkeep\n|turn|50\n|\n|t:|1786281025\n|switch|p2a: Jynx|Jynx|100/100 slp\n|move|p1a: Snorlax|Earthquake|p2a: Jynx\n|-damage|p2a: Jynx|55/100 slp\n|\n|upkeep\n|turn|51\n|\n|t:|1786281036\n|cant|p2a: Jynx|slp\n|move|p1a: Snorlax|Body Slam|p2a: Jynx\n|-damage|p2a: Jynx|0 fnt\n|faint|p2a: Jynx\n|\n|t:|1786281064\n|switch|p2a: Snorlax|Snorlax|23/100\n|turn|52\n|\n|t:|1786281069\n|switch|p1a: Gengar|Gengar|100/100\n|move|p2a: Snorlax|Rest|p2a: Snorlax\n|-status|p2a: Snorlax|slp|[from] move: Rest\n|-heal|p2a: Snorlax|100/100 slp|[silent]\n|\n|upkeep\n|turn|53\n|\n|t:|1786281075\n|move|p1a: Gengar|Psychic|p2a: Snorlax\n|-damage|p2a: Snorlax|79/100 slp\n|cant|p2a: Snorlax|slp\n|\n|upkeep\n|turn|54\n|\n|t:|1786281077\n|move|p1a: Gengar|Psychic|p2a: Snorlax\n|-damage|p2a: Snorlax|58/100 slp\n|-unboost|p2a: Snorlax|spa|1\n|-unboost|p2a: Snorlax|spd|1\n|-curestatus|p2a: Snorlax|slp|[msg]\n|\n|upkeep\n|turn|55\n|\n|t:|1786281081\n|switch|p2a: Chansey|Chansey|65/100 par\n|move|p1a: Gengar|Psychic|p2a: Chansey\n|-damage|p2a: Chansey|53/100 par\n|-unboost|p2a: Chansey|spa|1\n|-unboost|p2a: Chansey|spd|1\n|\n|upkeep\n|turn|56\n|\n|t:|1786281085\n|switch|p1a: Snorlax|Snorlax|100/100 par\n|move|p2a: Chansey|Soft-Boiled|p2a: Chansey\n|-heal|p2a: Chansey|100/100 par\n|\n|upkeep\n|turn|57\n|\n|t:|1786281090\n|switch|p2a: Snorlax|Snorlax|58/100\n|cant|p1a: Snorlax|par\n|\n|upkeep\n|turn|58\n|\n|t:|1786281096\n|switch|p1a: Gengar|Gengar|100/100\n|move|p2a: Snorlax|Ice Beam|p1a: Gengar\n|-damage|p1a: Gengar|85/100\n|\n|upkeep\n|turn|59\n|\n|t:|1786281101\n|switch|p2a: Chansey|Chansey|100/100 par\n|move|p1a: Gengar|Psychic|p2a: Chansey\n|-crit|p2a: Chansey\n|-damage|p2a: Chansey|78/100 par\n|-unboost|p2a: Chansey|spa|1\n|-unboost|p2a: Chansey|spd|1\n|\n|upkeep\n|turn|60\n|\n|t:|1786281107\n|switch|p1a: Snorlax|Snorlax|100/100 par\n|cant|p2a: Chansey|par\n|\n|upkeep\n|turn|61\n|\n|t:|1786281111\n|switch|p2a: Snorlax|Snorlax|58/100\n|move|p1a: Snorlax|Body Slam|p2a: Snorlax\n|-damage|p2a: Snorlax|33/100\n|\n|upkeep\n|turn|62\n|\n|t:|1786281115\n|switch|p1a: Gengar|Gengar|85/100\n|move|p2a: Snorlax|Rest|p2a: Snorlax\n|-status|p2a: Snorlax|slp|[from] move: Rest\n|-heal|p2a: Snorlax|100/100 slp|[silent]\n|\n|upkeep\n|turn|63\n|\n|t:|1786281121\n|move|p1a: Gengar|Psychic|p2a: Snorlax\n|-crit|p2a: Snorlax\n|-damage|p2a: Snorlax|60/100 slp\n|-unboost|p2a: Snorlax|spa|1\n|-unboost|p2a: Snorlax|spd|1\n|cant|p2a: Snorlax|slp\n|\n|upkeep\n|turn|64\n|\n|t:|1786281145\n|switch|p1a: Snorlax|Snorlax|100/100 par\n|-curestatus|p2a: Snorlax|slp|[msg]\n|\n|upkeep\n|turn|65\n|\n|t:|1786281151\n|switch|p1a: Gengar|Gengar|85/100\n|move|p2a: Snorlax|Reflect|p2a: Snorlax\n|-start|p2a: Snorlax|Reflect\n|\n|upkeep\n|turn|66\n|\n|t:|1786281153\n|switch|p2a: Chansey|Chansey|78/100 par\n|move|p1a: Gengar|Psychic|p2a: Chansey\n|-crit|p2a: Chansey\n|-damage|p2a: Chansey|55/100 par\n|-unboost|p2a: Chansey|spa|1\n|-unboost|p2a: Chansey|spd|1\n|\n|upkeep\n|turn|67\n|\n|t:|1786281156\n|switch|p1a: Snorlax|Snorlax|100/100 par\n|move|p2a: Chansey|Soft-Boiled|p2a: Chansey\n|-heal|p2a: Chansey|100/100 par\n|\n|upkeep\n|turn|68\n|\n|t:|1786281159\n|switch|p2a: Snorlax|Snorlax|60/100\n|move|p1a: Snorlax|Body Slam|p2a: Snorlax\n|-damage|p2a: Snorlax|34/100\n|\n|upkeep\n|turn|69\n|\n|t:|1786281164\n|switch|p1a: Gengar|Gengar|85/100\n|move|p2a: Snorlax|Rest|p2a: Snorlax\n|-status|p2a: Snorlax|slp|[from] move: Rest\n|-heal|p2a: Snorlax|100/100 slp|[silent]\n|\n|upkeep\n|turn|70\n|\n|t:|1786281166\n|move|p1a: Gengar|Psychic|p2a: Snorlax\n|-damage|p2a: Snorlax|80/100 slp\n|-unboost|p2a: Snorlax|spa|1\n|-unboost|p2a: Snorlax|spd|1\n|cant|p2a: Snorlax|slp\n|\n|upkeep\n|turn|71\n|\n|t:|1786281168\n|move|p1a: Gengar|Psychic|p2a: Snorlax\n|-crit|p2a: Snorlax\n|-damage|p2a: Snorlax|39/100 slp\n|-unboost|p2a: Snorlax|spa|1\n|-unboost|p2a: Snorlax|spd|1\n|-curestatus|p2a: Snorlax|slp|[msg]\n|\n|upkeep\n|turn|72\n|\n|t:|1786281172\n|switch|p2a: Chansey|Chansey|100/100 par\n|move|p1a: Gengar|Psychic|p2a: Chansey\n|-damage|p2a: Chansey|88/100 par\n|\n|upkeep\n|turn|73\n|\n|t:|1786281177\n|switch|p1a: Snorlax|Snorlax|100/100 par\n|move|p2a: Chansey|Ice Beam|p1a: Snorlax\n|-damage|p1a: Snorlax|81/100 par\n|\n|upkeep\n|turn|74\n|\n|t:|1786281185\n|switch|p2a: Rhydon|Rhydon|89/100 par\n|move|p1a: Snorlax|Earthquake|p2a: Rhydon\n|-supereffective|p2a: Rhydon\n|-damage|p2a: Rhydon|55/100 par\n|\n|upkeep\n|turn|75\n|\n|t:|1786281193\n|switch|p1a: Cloyster|Cloyster|100/100\n|move|p2a: Rhydon|Earthquake|p1a: Cloyster\n|-damage|p1a: Cloyster|70/100\n|\n|upkeep\n|turn|76\n|\n|t:|1786281196\n|switch|p2a: Chansey|Chansey|88/100 par\n|move|p1a: Cloyster|Clamp|p2a: Chansey|[miss]\n|-miss|p1a: Cloyster\n|\n|upkeep\n|turn|77\n|\n|t:|1786281205\n|move|p1a: Cloyster|Clamp|p2a: Chansey|[miss]\n|-miss|p1a: Cloyster\n|move|p2a: Chansey|Thunderbolt|p1a: Cloyster\n|-supereffective|p1a: Cloyster\n|-damage|p1a: Cloyster|17/100\n|\n|upkeep\n|turn|78\n|\n|t:|1786281233\n|move|p1a: Cloyster|Explosion|p2a: Chansey\n|-damage|p2a: Chansey|0 fnt\n|faint|p2a: Chansey\n|faint|p1a: Cloyster\n|inactive|Kaz has 270 seconds left.\n|\n|t:|1786281257\n|switch|p1a: Snorlax|Snorlax|81/100 par\n|switch|p2a: Rhydon|Rhydon|55/100 par\n|turn|79\n|\n|t:|1786281259\n|cant|p2a: Rhydon|par\n|move|p1a: Snorlax|Earthquake|p2a: Rhydon\n|-supereffective|p2a: Rhydon\n|-damage|p2a: Rhydon|20/100 par\n|\n|upkeep\n|turn|80\n|\n|t:|1786281264\n|cant|p2a: Rhydon|par\n|move|p1a: Snorlax|Earthquake|p2a: Rhydon\n|-supereffective|p2a: Rhydon\n|-damage|p2a: Rhydon|0 fnt\n|faint|p2a: Rhydon\n|\n|t:|1786281275\n|switch|p2a: Starmie|Starmie|45/100\n|turn|81\n|\n|t:|1786281284\n|move|p2a: Starmie|Recover|p2a: Starmie\n|-heal|p2a: Starmie|95/100\n|move|p1a: Snorlax|Body Slam|p2a: Starmie\n|-damage|p2a: Starmie|57/100\n|\n|upkeep\n|turn|82\n|inactive|Amaranth has 270 seconds left.\n|\n|t:|1786281320\n|switch|p2a: Snorlax|Snorlax|39/100\n|move|p1a: Snorlax|Body Slam|p2a: Snorlax\n|-damage|p2a: Snorlax|12/100\n|\n|upkeep\n|turn|83\n|inactive|Amaranth has 270 seconds left.\n|\n|t:|1786281327\n|switch|p1a: Gengar|Gengar|85/100\n|move|p2a: Snorlax|Ice Beam|p1a: Gengar\n|-damage|p1a: Gengar|69/100\n|\n|upkeep\n|turn|84\n|\n|t:|1786281333\n|move|p1a: Gengar|Hypnosis|p2a: Snorlax|[miss]\n|-miss|p1a: Gengar\n|move|p2a: Snorlax|Ice Beam|p1a: Gengar\n|-damage|p1a: Gengar|53/100\n|\n|upkeep\n|turn|85\n|\n|t:|1786281337\n|move|p1a: Gengar|Hypnosis|p2a: Snorlax\n|-status|p2a: Snorlax|slp|[from] move: Hypnosis\n|cant|p2a: Snorlax|slp\n|\n|upkeep\n|turn|86\n|\n|t:|1786281340\n|move|p1a: Gengar|Night Shade|p2a: Snorlax\n|-damage|p2a: Snorlax|0 fnt\n|faint|p2a: Snorlax\n|\n|t:|1786281341\n|switch|p2a: Starmie|Starmie|57/100\n|turn|87\n|inactive|Kaz has 270 seconds left.\n|\n|t:|1786281372\n|switch|p1a: Snorlax|Snorlax|81/100 par\n|move|p2a: Starmie|Psychic|p1a: Snorlax\n|-crit|p1a: Snorlax\n|-damage|p1a: Snorlax|27/100 par\n|\n|upkeep\n|turn|88\n|\n|t:|1786281380\n|switch|p2a: Tauros|Tauros|100/100\n|move|p1a: Snorlax|Self-Destruct|p2a: Tauros\n|-damage|p2a: Tauros|10/100\n|faint|p1a: Snorlax\n|\n|t:|1786281382\n|switch|p1a: Gengar|Gengar|53/100\n|turn|89\n|\n|t:|1786281384\n|move|p2a: Tauros|Blizzard|p1a: Gengar\n|-crit|p1a: Gengar\n|-damage|p1a: Gengar|18/100\n|move|p1a: Gengar|Night Shade|p2a: Tauros\n|-damage|p2a: Tauros|0 fnt\n|faint|p2a: Tauros\n|\n|t:|1786281386\n|switch|p2a: Starmie|Starmie|57/100\n|turn|90\n|c|☆Amaranth|gg\n|\n|t:|1786281388\n|move|p2a: Starmie|Psychic|p1a: Gengar\n|-supereffective|p1a: Gengar\n|-damage|p1a: Gengar|0 fnt\n|faint|p1a: Gengar\n|\n|win|Amaranth\n|c|☆Kaz|gg\n","uploadtime":1786281388,"views":"106","formatid":"gen1ou","rating":null,"private":0,"password":null}