{"id":"smogtours-gen1ou-950091","format":"[Gen 1] OU","players":["TG2513","Soda Krys"],"log":"|inactive|Battle timer is ON: inactive players will automatically lose when time's up.\n|t:|1782418469\n|gametype|singles\n|player|p1|TG2513|brycenman|\n|player|p2|Soda Krys|lass-gen1rb|\n|gen|1\n|tier|[Gen 1] OU\n|rule|Desync Clause Mod: Desyncs changed to move failure.\n|rule|HP Percentage Mod: HP is shown in percentages\n|rule|Endless Battle Clause: Forcing endless battles is banned\n|rule|Sleep Clause Mod: Limit one foe put to sleep\n|rule|Freeze Clause Mod: Limit one foe frozen\n|rule|Species Clause: Limit one of each Pokémon\n|rule|OHKO Clause: OHKO moves are banned\n|rule|Evasion Moves Clause: Evasion moves are banned\n|\n|t:|1782418469\n|teamsize|p1|6\n|teamsize|p2|6\n|start\n|switch|p1a: Gengar|Gengar|100/100\n|switch|p2a: Jynx|Jynx|100/100\n|turn|1\n|inactive|Soda Krys also wants the timer to be on.\n|c|☆TG2513|HF\n|\n|t:|1782418479\n|move|p1a: Gengar|Explosion|p2a: Jynx\n|-damage|p2a: Jynx|0 fnt\n|faint|p2a: Jynx\n|faint|p1a: Gengar\n|c|☆Soda Krys|Ofc the one time i bring jynx.\n|\n|t:|1782418487\n|switch|p1a: Jynx|Jynx|100/100\n|switch|p2a: Starmie|Starmie|100/100\n|turn|2\n|\n|t:|1782418490\n|move|p2a: Starmie|Thunder Wave|p1a: Jynx\n|-status|p1a: Jynx|par\n|cant|p1a: Jynx|par\n|\n|upkeep\n|turn|3\n|c|☆Soda Krys|LMAO\n|\n|t:|1782418499\n|switch|p2a: Chansey|Chansey|100/100\n|move|p1a: Jynx|Lovely Kiss|p2a: Chansey\n|-status|p2a: Chansey|slp|[from] move: Lovely Kiss\n|\n|upkeep\n|turn|4\n|\n|t:|1782418504\n|switch|p2a: Snorlax|Snorlax|100/100\n|switch|p1a: Snorlax|Snorlax|100/100\n|\n|upkeep\n|turn|5\n|\n|t:|1782418508\n|switch|p2a: Starmie|Starmie|100/100\n|move|p1a: Snorlax|Body Slam|p2a: Starmie|[miss]\n|-miss|p1a: Snorlax\n|-hint|In Gen 1, moves with 100% accuracy can still miss 1/256 of the time.\n|\n|upkeep\n|turn|6\n|\n|t:|1782418510\n|move|p2a: Starmie|Thunder Wave|p1a: Snorlax\n|-status|p1a: Snorlax|par\n|move|p1a: Snorlax|Body Slam|p2a: Starmie\n|-crit|p2a: Starmie\n|-damage|p2a: Starmie|32/100\n|-status|p2a: Starmie|par\n|\n|upkeep\n|turn|7\n|\n|t:|1782418515\n|move|p2a: Starmie|Recover|p2a: Starmie\n|-heal|p2a: Starmie|82/100 par\n|move|p1a: Snorlax|Body Slam|p2a: Starmie\n|-damage|p2a: Starmie|45/100 par\n|\n|upkeep\n|turn|8\n|\n|t:|1782418518\n|move|p2a: Starmie|Recover|p2a: Starmie\n|-heal|p2a: Starmie|95/100 par\n|cant|p1a: Snorlax|par\n|\n|upkeep\n|turn|9\n|\n|t:|1782418520\n|cant|p2a: Starmie|par\n|move|p1a: Snorlax|Body Slam|p2a: Starmie\n|-damage|p2a: Starmie|57/100 par\n|\n|upkeep\n|turn|10\n|\n|t:|1782418522\n|switch|p1a: Chansey|Chansey|100/100\n|move|p2a: Starmie|Recover|p2a: Starmie\n|-heal|p2a: Starmie|100/100 par\n|\n|upkeep\n|turn|11\n|\n|t:|1782418527\n|move|p1a: Chansey|Thunderbolt|p2a: Starmie\n|-supereffective|p2a: Starmie\n|-damage|p2a: Starmie|54/100 par\n|move|p2a: Starmie|Thunder Wave|p1a: Chansey\n|-status|p1a: Chansey|par\n|\n|upkeep\n|turn|12\n|\n|t:|1782418531\n|cant|p2a: Starmie|par\n|move|p1a: Chansey|Thunder Wave|p2a: Starmie\n|-fail|p2a: Starmie|par\n|\n|upkeep\n|turn|13\n|\n|t:|1782418536\n|switch|p2a: Snorlax|Snorlax|100/100\n|move|p1a: Chansey|Thunderbolt|p2a: Snorlax\n|-damage|p2a: Snorlax|81/100\n|\n|upkeep\n|turn|14\n|\n|t:|1782418540\n|move|p2a: Snorlax|Body Slam|p1a: Chansey\n|-damage|p1a: Chansey|60/100 par\n|move|p1a: Chansey|Thunder Wave|p2a: Snorlax\n|-status|p2a: Snorlax|par\n|\n|upkeep\n|turn|15\n|\n|t:|1782418543\n|move|p1a: Chansey|Soft-Boiled|p1a: Chansey\n|-heal|p1a: Chansey|100/100 par\n|cant|p2a: Snorlax|par\n|\n|upkeep\n|turn|16\n|\n|t:|1782418547\n|switch|p1a: Snorlax|Snorlax|100/100 par\n|move|p2a: Snorlax|Body Slam|p1a: Snorlax\n|-damage|p1a: Snorlax|75/100 par\n|\n|upkeep\n|turn|17\n|\n|t:|1782418551\n|move|p1a: Snorlax|Body Slam|p2a: Snorlax\n|-damage|p2a: Snorlax|54/100 par\n|cant|p2a: Snorlax|par\n|\n|upkeep\n|turn|18\n|\n|t:|1782418556\n|cant|p1a: Snorlax|par\n|cant|p2a: Snorlax|par\n|\n|upkeep\n|turn|19\n|\n|t:|1782418558\n|move|p1a: Snorlax|Body Slam|p2a: Snorlax\n|-damage|p2a: Snorlax|29/100 par\n|move|p2a: Snorlax|Body Slam|p1a: Snorlax\n|-crit|p1a: Snorlax\n|-damage|p1a: Snorlax|20/100 par\n|\n|upkeep\n|turn|20\n|\n|t:|1782418563\n|move|p1a: Snorlax|Hyper Beam|p2a: Snorlax\n|-crit|p2a: Snorlax\n|-damage|p2a: Snorlax|0 fnt\n|faint|p2a: Snorlax\n|\n|t:|1782418565\n|switch|p2a: Tauros|Tauros|100/100\n|turn|21\n|\n|t:|1782418569\n|move|p2a: Tauros|Body Slam|p1a: Snorlax\n|-damage|p1a: Snorlax|0 fnt\n|faint|p1a: Snorlax\n|\n|t:|1782418570\n|switch|p1a: Starmie|Starmie|100/100\n|turn|22\n|\n|t:|1782418573\n|move|p1a: Starmie|Thunderbolt|p2a: Tauros\n|-crit|p2a: Tauros\n|-damage|p2a: Tauros|47/100\n|move|p2a: Tauros|Body Slam|p1a: Starmie\n|-damage|p1a: Starmie|66/100\n|-status|p1a: Starmie|par\n|\n|upkeep\n|turn|23\n|\n|t:|1782418580\n|switch|p2a: Starmie|Starmie|54/100 par\n|move|p1a: Starmie|Thunder Wave|p2a: Starmie\n|-fail|p2a: Starmie|par\n|\n|upkeep\n|turn|24\n|\n|t:|1782418582\n|move|p2a: Starmie|Recover|p2a: Starmie\n|-heal|p2a: Starmie|100/100 par\n|cant|p1a: Starmie|par\n|\n|upkeep\n|turn|25\n|\n|t:|1782418588\n|move|p1a: Starmie|Thunderbolt|p2a: Starmie\n|-supereffective|p2a: Starmie\n|-damage|p2a: Starmie|54/100 par\n|cant|p2a: Starmie|par\n|\n|upkeep\n|turn|26\n|\n|t:|1782418593\n|switch|p1a: Chansey|Chansey|100/100 par\n|move|p2a: Starmie|Recover|p2a: Starmie\n|-heal|p2a: Starmie|100/100 par\n|\n|upkeep\n|turn|27\n|\n|t:|1782418597\n|cant|p2a: Starmie|par\n|move|p1a: Chansey|Thunderbolt|p2a: Starmie\n|-supereffective|p2a: Starmie\n|-damage|p2a: Starmie|52/100 par\n|\n|upkeep\n|turn|28\n|\n|t:|1782418599\n|move|p2a: Starmie|Recover|p2a: Starmie\n|-heal|p2a: Starmie|100/100 par\n|cant|p1a: Chansey|par\n|\n|upkeep\n|turn|29\n|\n|t:|1782418601\n|move|p2a: Starmie|Psychic|p1a: Chansey\n|-damage|p1a: Chansey|86/100 par\n|-unboost|p1a: Chansey|spa|1\n|-unboost|p1a: Chansey|spd|1\n|cant|p1a: Chansey|par\n|\n|upkeep\n|turn|30\n|\n|t:|1782418604\n|switch|p2a: Rhydon|Rhydon|100/100\n|cant|p1a: Chansey|par\n|\n|upkeep\n|turn|31\n|\n|t:|1782418608\n|move|p2a: Rhydon|Substitute|p2a: Rhydon\n|-start|p2a: Rhydon|Substitute\n|-damage|p2a: Rhydon|76/100\n|cant|p1a: Chansey|par\n|\n|upkeep\n|turn|32\n|\n|t:|1782418613\n|move|p2a: Rhydon|Earthquake|p1a: Chansey\n|-damage|p1a: Chansey|34/100 par\n|cant|p1a: Chansey|par\n|\n|upkeep\n|turn|33\n|\n|t:|1782418616\n|move|p2a: Rhydon|Earthquake|p1a: Chansey\n|-damage|p1a: Chansey|0 fnt\n|faint|p1a: Chansey\n|c|☆TG2513|ok i guess ill go fuck myself then\n|c|☆Soda Krys|RHYDON IS THAT GUY\n|\n|t:|1782418630\n|switch|p1a: Tauros|Tauros|100/100\n|turn|34\n|\n|t:|1782418640\n|move|p1a: Tauros|Earthquake|p2a: Rhydon\n|-supereffective|p2a: Rhydon\n|-end|p2a: Rhydon|Substitute\n|move|p2a: Rhydon|Leer|p1a: Tauros\n|-unboost|p1a: Tauros|def|1\n|\n|upkeep\n|turn|35\n|\n|t:|1782418645\n|move|p1a: Tauros|Earthquake|p2a: Rhydon\n|-supereffective|p2a: Rhydon\n|-damage|p2a: Rhydon|42/100\n|move|p2a: Rhydon|Earthquake|p1a: Tauros\n|-damage|p1a: Tauros|40/100\n|\n|upkeep\n|turn|36\n|\n|t:|1782418656\n|move|p1a: Tauros|Blizzard|p2a: Rhydon\n|-crit|p2a: Rhydon\n|-supereffective|p2a: Rhydon\n|-damage|p2a: Rhydon|0 fnt\n|faint|p2a: Rhydon\n|\n|t:|1782418658\n|switch|p2a: Tauros|Tauros|47/100\n|turn|37\n|\n|t:|1782418664\n|switch|p1a: Jynx|Jynx|100/100 par\n|move|p2a: Tauros|Body Slam|p1a: Jynx\n|-damage|p1a: Jynx|46/100 par\n|\n|upkeep\n|turn|38\n|\n|t:|1782418666\n|move|p2a: Tauros|Body Slam|p1a: Jynx\n|-damage|p1a: Jynx|0 fnt\n|faint|p1a: Jynx\n|\n|t:|1782418671\n|switch|p1a: Starmie|Starmie|66/100 par\n|turn|39\n|\n|t:|1782418679\n|switch|p2a: Chansey|Chansey|100/100 slp\n|move|p1a: Starmie|Thunder Wave|p2a: Chansey\n|-fail|p2a: Chansey\n|\n|upkeep\n|turn|40\n|\n|t:|1782418684\n|cant|p2a: Chansey|slp\n|cant|p1a: Starmie|par\n|\n|upkeep\n|turn|41\n|\n|t:|1782418686\n|cant|p2a: Chansey|slp\n|move|p1a: Starmie|Recover|p1a: Starmie\n|-heal|p1a: Starmie|100/100 par\n|\n|upkeep\n|turn|42\n|\n|t:|1782418688\n|switch|p1a: Tauros|Tauros|40/100\n|cant|p2a: Chansey|slp\n|\n|upkeep\n|turn|43\n|\n|t:|1782418690\n|move|p1a: Tauros|Body Slam|p2a: Chansey\n|-damage|p2a: Chansey|64/100 slp\n|cant|p2a: Chansey|slp\n|\n|upkeep\n|turn|44\n|\n|t:|1782418693\n|switch|p2a: Starmie|Starmie|100/100 par\n|move|p1a: Tauros|Body Slam|p2a: Starmie\n|-damage|p2a: Starmie|67/100 par\n|\n|upkeep\n|turn|45\n|\n|t:|1782418696\n|switch|p1a: Starmie|Starmie|100/100 par\n|cant|p2a: Starmie|par\n|\n|upkeep\n|turn|46\n|\n|t:|1782418700\n|move|p2a: Starmie|Recover|p2a: Starmie\n|-heal|p2a: Starmie|100/100 par\n|move|p1a: Starmie|Thunderbolt|p2a: Starmie\n|-supereffective|p2a: Starmie\n|-damage|p2a: Starmie|57/100 par\n|\n|upkeep\n|turn|47\n|\n|t:|1782418702\n|move|p2a: Starmie|Recover|p2a: Starmie\n|-heal|p2a: Starmie|100/100 par\n|move|p1a: Starmie|Thunderbolt|p2a: Starmie\n|-supereffective|p2a: Starmie\n|-damage|p2a: Starmie|55/100 par\n|\n|upkeep\n|turn|48\n|\n|t:|1782418704\n|move|p2a: Starmie|Recover|p2a: Starmie\n|-heal|p2a: Starmie|100/100 par\n|move|p1a: Starmie|Thunderbolt|p2a: Starmie\n|-supereffective|p2a: Starmie\n|-damage|p2a: Starmie|51/100 par\n|\n|upkeep\n|turn|49\n|\n|t:|1782418706\n|move|p1a: Starmie|Thunderbolt|p2a: Starmie\n|-supereffective|p2a: Starmie\n|-damage|p2a: Starmie|4/100 par\n|move|p2a: Starmie|Recover|p2a: Starmie\n|-heal|p2a: Starmie|53/100 par\n|\n|upkeep\n|turn|50\n|\n|t:|1782418708\n|move|p2a: Starmie|Recover|p2a: Starmie\n|-heal|p2a: Starmie|100/100 par\n|cant|p1a: Starmie|par\n|\n|upkeep\n|turn|51\n|\n|t:|1782418711\n|move|p1a: Starmie|Thunderbolt|p2a: Starmie\n|-crit|p2a: Starmie\n|-supereffective|p2a: Starmie\n|-damage|p2a: Starmie|6/100 par\n|move|p2a: Starmie|Psychic|p1a: Starmie\n|-resisted|p1a: Starmie\n|-damage|p1a: Starmie|84/100 par\n|\n|upkeep\n|turn|52\n|\n|t:|1782418717\n|move|p1a: Starmie|Thunderbolt|p2a: Starmie\n|-supereffective|p2a: Starmie\n|-damage|p2a: Starmie|0 fnt\n|faint|p2a: Starmie\n|\n|t:|1782418721\n|switch|p2a: Chansey|Chansey|64/100 slp\n|turn|53\n|\n|t:|1782418725\n|switch|p2a: Tauros|Tauros|47/100\n|move|p1a: Starmie|Blizzard|p2a: Tauros\n|-damage|p2a: Tauros|13/100\n|\n|upkeep\n|turn|54\n|\n|t:|1782418727\n|move|p2a: Tauros|Hyper Beam|p1a: Starmie\n|-damage|p1a: Starmie|23/100 par\n|-mustrecharge|p2a: Tauros\n|move|p1a: Starmie|Thunderbolt|p2a: Tauros\n|-crit|p2a: Tauros\n|-damage|p2a: Tauros|0 fnt\n|faint|p2a: Tauros\n|c|☆Soda Krys|whatever\n|c|☆Soda Krys|7-7\n|c|☆Soda Krys|gg\n|-message|Soda Krys forfeited.\n|\n|win|TG2513\n","uploadtime":1782418738,"views":"62","formatid":"gen1ou","rating":null,"private":0,"password":null}