{"id":"smogtours-gen1ou-974846","format":"[Gen 1] OU","players":["Amaranth","LNumbers"],"log":"|inactive|Battle timer is ON: inactive players will automatically lose when time's up.\n|t:|1790520192\n|gametype|singles\n|player|p1|Amaranth|#amaranth|\n|player|p2|LNumbers|#rbywc2026|\n|gen|1\n|tier|[Gen 1] OU\n|rule|Desync Clause Mod: Desyncs resolve to link battle behavior from the acting player's perspective.\n|rule|HP Percentage Mod: HP is shown in percentages\n|rule|Endless Battle Clause: Forcing endless battles is banned\n|rule|Sleep Clause Mod: Limit one foe put to sleep\n|rule|Freeze Clause Mod: Limit one foe frozen\n|rule|Species Clause: Limit one of each Pokémon\n|rule|OHKO Clause: OHKO moves are banned\n|rule|Evasion Moves Clause: Evasion moves are banned\n|\n|t:|1790520192\n|teamsize|p1|6\n|teamsize|p2|6\n|start\n|switch|p1a: Snorlax|Snorlax|100/100\n|switch|p2a: Zapdos|Zapdos|100/100\n|turn|1\n|c|☆Amaranth|glhf\n|c|☆LNumbers|u2\n|inactive|LNumbers has 270 seconds left.\n|\n|t:|1790520224\n|switch|p2a: Chansey|Chansey|100/100\n|move|p1a: Snorlax|Body Slam|p2a: Chansey\n|-damage|p2a: Chansey|59/100\n|\n|upkeep\n|turn|2\n|\n|t:|1790520237\n|move|p1a: Snorlax|Body Slam|p2a: Chansey\n|-damage|p2a: Chansey|17/100\n|move|p2a: Chansey|Counter|p1a: Snorlax\n|-damage|p1a: Snorlax|0 fnt\n|faint|p1a: Snorlax\n|\n|t:|1790520240\n|switch|p1a: Tauros|Tauros|100/100\n|turn|3\n|inactive|LNumbers has 270 seconds left.\n|inactive|LNumbers has 240 seconds left.\n|inactive|LNumbers has 210 seconds left.\n|\n|t:|1790520341\n|switch|p2a: Snorlax|Snorlax|100/100\n|move|p1a: Tauros|Body Slam|p2a: Snorlax\n|-crit|p2a: Snorlax\n|-damage|p2a: Snorlax|56/100\n|\n|upkeep\n|turn|4\n|inactive|LNumbers has 180 seconds left.\n|\n|t:|1790520373\n|move|p1a: Tauros|Blizzard|p2a: Snorlax\n|-damage|p2a: Snorlax|36/100\n|move|p2a: Snorlax|Self-Destruct|p1a: Tauros\n|-damage|p1a: Tauros|2/100\n|faint|p2a: Snorlax\n|inactive|LNumbers has 180 seconds left.\n|\n|t:|1790520380\n|switch|p2a: Starmie|Starmie|100/100\n|turn|5\n|\n|t:|1790520388\n|switch|p1a: Chansey|Chansey|100/100\n|move|p2a: Starmie|Blizzard|p1a: Chansey\n|-damage|p1a: Chansey|88/100\n|\n|upkeep\n|turn|6\n|\n|t:|1790520394\n|switch|p2a: Chansey|Chansey|17/100\n|switch|p1a: Starmie|Starmie|100/100\n|\n|upkeep\n|turn|7\n|\n|t:|1790520409\n|move|p1a: Starmie|Surf|p2a: Chansey\n|-crit|p2a: Chansey\n|-damage|p2a: Chansey|0 fnt\n|faint|p2a: Chansey\n|c|☆LNumbers|well\n|\n|t:|1790520414\n|switch|p2a: Zapdos|Zapdos|100/100\n|turn|8\n|\n|t:|1790520425\n|switch|p1a: Chansey|Chansey|88/100\n|move|p2a: Zapdos|Thunder Wave|p1a: Chansey\n|-status|p1a: Chansey|par\n|\n|upkeep\n|turn|9\n|\n|t:|1790520433\n|move|p2a: Zapdos|Drill Peck|p1a: Chansey\n|-damage|p1a: Chansey|54/100 par\n|move|p1a: Chansey|Reflect|p1a: Chansey\n|-start|p1a: Chansey|Reflect\n|\n|upkeep\n|turn|10\n|inactive|LNumbers has 210 seconds left.\n|\n|t:|1790520443\n|move|p2a: Zapdos|Drill Peck|p1a: Chansey\n|-damage|p1a: Chansey|38/100 par\n|move|p1a: Chansey|Soft-Boiled|p1a: Chansey\n|-heal|p1a: Chansey|88/100 par\n|\n|upkeep\n|turn|11\n|inactive|LNumbers has 210 seconds left.\n|\n|t:|1790520450\n|move|p2a: Zapdos|Drill Peck|p1a: Chansey\n|-damage|p1a: Chansey|71/100 par\n|move|p1a: Chansey|Soft-Boiled|p1a: Chansey\n|-heal|p1a: Chansey|100/100 par\n|\n|upkeep\n|turn|12\n|\n|t:|1790520453\n|move|p2a: Zapdos|Drill Peck|p1a: Chansey\n|-crit|p1a: Chansey\n|-damage|p1a: Chansey|36/100 par\n|move|p1a: Chansey|Thunder Wave|p2a: Zapdos\n|-status|p2a: Zapdos|par\n|\n|upkeep\n|turn|13\n|\n|t:|1790520456\n|move|p2a: Zapdos|Drill Peck|p1a: Chansey\n|-damage|p1a: Chansey|20/100 par\n|move|p1a: Chansey|Soft-Boiled|p1a: Chansey\n|-heal|p1a: Chansey|70/100 par\n|\n|upkeep\n|turn|14\n|\n|t:|1790520459\n|move|p2a: Zapdos|Drill Peck|p1a: Chansey\n|-damage|p1a: Chansey|53/100 par\n|move|p1a: Chansey|Soft-Boiled|p1a: Chansey\n|-heal|p1a: Chansey|100/100 par\n|\n|upkeep\n|turn|15\n|\n|t:|1790520461\n|move|p2a: Zapdos|Drill Peck|p1a: Chansey\n|-damage|p1a: Chansey|84/100 par\n|move|p1a: Chansey|Seismic Toss|p2a: Zapdos\n|-damage|p2a: Zapdos|74/100 par\n|\n|upkeep\n|turn|16\n|\n|t:|1790520463\n|move|p2a: Zapdos|Drill Peck|p1a: Chansey\n|-crit|p1a: Chansey\n|-damage|p1a: Chansey|16/100 par\n|move|p1a: Chansey|Soft-Boiled|p1a: Chansey\n|-heal|p1a: Chansey|66/100 par\n|\n|upkeep\n|turn|17\n|\n|t:|1790520465\n|cant|p2a: Zapdos|par\n|move|p1a: Chansey|Soft-Boiled|p1a: Chansey\n|-heal|p1a: Chansey|100/100 par\n|\n|upkeep\n|turn|18\n|\n|t:|1790520466\n|move|p2a: Zapdos|Drill Peck|p1a: Chansey\n|-damage|p1a: Chansey|82/100 par\n|move|p1a: Chansey|Seismic Toss|p2a: Zapdos\n|-damage|p2a: Zapdos|48/100 par\n|\n|upkeep\n|turn|19\n|\n|t:|1790520470\n|move|p2a: Zapdos|Drill Peck|p1a: Chansey\n|-damage|p1a: Chansey|66/100 par\n|cant|p1a: Chansey|par\n|\n|upkeep\n|turn|20\n|\n|t:|1790520474\n|move|p2a: Zapdos|Drill Peck|p1a: Chansey\n|-damage|p1a: Chansey|48/100 par\n|move|p1a: Chansey|Soft-Boiled|p1a: Chansey\n|-heal|p1a: Chansey|98/100 par\n|\n|upkeep\n|turn|21\n|\n|t:|1790520477\n|move|p2a: Zapdos|Drill Peck|p1a: Chansey\n|-crit|p1a: Chansey\n|-damage|p1a: Chansey|35/100 par\n|move|p1a: Chansey|Seismic Toss|p2a: Zapdos\n|-damage|p2a: Zapdos|22/100 par\n|\n|upkeep\n|turn|22\n|\n|t:|1790520483\n|cant|p2a: Zapdos|par\n|cant|p1a: Chansey|par\n|\n|upkeep\n|turn|23\n|\n|t:|1790520486\n|move|p2a: Zapdos|Rest|p2a: Zapdos\n|-status|p2a: Zapdos|slp|[from] move: Rest\n|-heal|p2a: Zapdos|100/100 slp|[silent]\n|move|p1a: Chansey|Soft-Boiled|p1a: Chansey\n|-heal|p1a: Chansey|85/100 par\n|\n|upkeep\n|turn|24\n|\n|t:|1790520493\n|cant|p2a: Zapdos|slp\n|cant|p1a: Chansey|par\n|\n|upkeep\n|turn|25\n|\n|t:|1790520496\n|switch|p1a: Exeggutor|Exeggutor|100/100\n|-curestatus|p2a: Zapdos|slp|[msg]\n|\n|upkeep\n|turn|26\n|\n|t:|1790520509\n|switch|p2a: Starmie|Starmie|100/100\n|move|p1a: Exeggutor|Sleep Powder|p2a: Starmie\n|-status|p2a: Starmie|slp|[from] move: Sleep Powder\n|\n|upkeep\n|turn|27\n|\n|t:|1790520525\n|cant|p2a: Starmie|slp\n|move|p1a: Exeggutor|Stun Spore|p2a: Starmie\n|-fail|p2a: Starmie\n|\n|upkeep\n|turn|28\n|\n|t:|1790520533\n|switch|p1a: Tauros|Tauros|2/100\n|cant|p2a: Starmie|slp\n|\n|upkeep\n|turn|29\n|\n|t:|1790520538\n|switch|p2a: Tauros|Tauros|100/100\n|move|p1a: Tauros|Body Slam|p2a: Tauros\n|-damage|p2a: Tauros|72/100\n|\n|upkeep\n|turn|30\n|\n|t:|1790520542\n|move|p2a: Tauros|Body Slam|p1a: Tauros\n|-damage|p1a: Tauros|0 fnt\n|faint|p1a: Tauros\n|\n|t:|1790520552\n|switch|p1a: Starmie|Starmie|100/100\n|turn|31\n|\n|t:|1790520573\n|switch|p2a: Exeggutor|Exeggutor|100/100\n|move|p1a: Starmie|Thunder Wave|p2a: Exeggutor\n|-status|p2a: Exeggutor|par\n|\n|upkeep\n|turn|32\n|\n|t:|1790520579\n|switch|p1a: Chansey|Chansey|85/100 par\n|move|p2a: Exeggutor|Psychic|p1a: Chansey\n|-damage|p1a: Chansey|67/100 par\n|-unboost|p1a: Chansey|spa|1\n|-unboost|p1a: Chansey|spd|1\n|\n|upkeep\n|turn|33\n|\n|t:|1790520593\n|switch|p2a: Tauros|Tauros|72/100\n|cant|p1a: Chansey|par\n|\n|upkeep\n|turn|34\n|inactive|LNumbers has 270 seconds left.\n|\n|t:|1790520632\n|move|p2a: Tauros|Body Slam|p1a: Chansey\n|-crit|p1a: Chansey\n|-damage|p1a: Chansey|0 fnt\n|faint|p1a: Chansey\n|\n|t:|1790520646\n|switch|p1a: Exeggutor|Exeggutor|100/100\n|turn|35\n|inactive|LNumbers has 270 seconds left.\n|inactive|LNumbers has 240 seconds left.\n|inactive|LNumbers has 210 seconds left.\n|\n|t:|1790520718\n|switch|p2a: Starmie|Starmie|100/100 slp\n|move|p1a: Exeggutor|Psychic|p2a: Starmie\n|-resisted|p2a: Starmie\n|-damage|p2a: Starmie|80/100 slp\n|\n|upkeep\n|turn|36\n|\n|t:|1790520726\n|switch|p1a: Zapdos|Zapdos|100/100\n|cant|p2a: Starmie|slp\n|\n|upkeep\n|turn|37\n|\n|t:|1790520733\n|switch|p2a: Exeggutor|Exeggutor|100/100 par\n|move|p1a: Zapdos|Thunderbolt|p2a: Exeggutor\n|-resisted|p2a: Exeggutor\n|-damage|p2a: Exeggutor|87/100 par\n|\n|upkeep\n|turn|38\n|\n|t:|1790520738\n|switch|p2a: Zapdos|Zapdos|100/100\n|move|p1a: Zapdos|Drill Peck|p2a: Zapdos\n|-resisted|p2a: Zapdos\n|-damage|p2a: Zapdos|88/100\n|\n|upkeep\n|turn|39\n|\n|t:|1790520747\n|move|p2a: Zapdos|Thunder Wave|p1a: Zapdos\n|-status|p1a: Zapdos|par\n|move|p1a: Zapdos|Thunder Wave|p2a: Zapdos\n|-status|p2a: Zapdos|par\n|\n|upkeep\n|turn|40\n|inactive|LNumbers has 210 seconds left.\n|\n|t:|1790520779\n|move|p2a: Zapdos|Thunderbolt|p1a: Zapdos\n|-damage|p1a: Zapdos|70/100 par\n|move|p1a: Zapdos|Thunderbolt|p2a: Zapdos\n|-crit|p2a: Zapdos\n|-damage|p2a: Zapdos|35/100 par\n|\n|upkeep\n|turn|41\n|inactive|LNumbers has 210 seconds left.\n|\n|t:|1790520792\n|cant|p1a: Zapdos|par\n|move|p2a: Zapdos|Rest|p2a: Zapdos\n|-status|p2a: Zapdos|slp|[from] move: Rest\n|-heal|p2a: Zapdos|100/100 slp|[silent]\n|\n|upkeep\n|turn|42\n|inactive|LNumbers has 210 seconds left.\n|\n|t:|1790520802\n|cant|p2a: Zapdos|slp\n|cant|p1a: Zapdos|par\n|\n|upkeep\n|turn|43\n|\n|t:|1790520811\n|-curestatus|p2a: Zapdos|slp|[msg]\n|move|p1a: Zapdos|Thunderbolt|p2a: Zapdos\n|-damage|p2a: Zapdos|71/100\n|\n|upkeep\n|turn|44\n|\n|t:|1790520817\n|cant|p1a: Zapdos|par\n|move|p2a: Zapdos|Thunderbolt|p1a: Zapdos\n|-damage|p1a: Zapdos|43/100 par\n|\n|upkeep\n|turn|45\n|\n|t:|1790520825\n|cant|p1a: Zapdos|par\n|move|p2a: Zapdos|Thunderbolt|p1a: Zapdos\n|-damage|p1a: Zapdos|16/100 par\n|\n|upkeep\n|turn|46\n|\n|t:|1790520828\n|move|p2a: Zapdos|Thunderbolt|p1a: Zapdos\n|-damage|p1a: Zapdos|0 fnt\n|faint|p1a: Zapdos\n|\n|t:|1790520833\n|switch|p1a: Exeggutor|Exeggutor|100/100\n|turn|47\n|inactive|LNumbers has 240 seconds left.\n|c|☆Amaranth|\"well\" xd\n|c|☆LNumbers|well well melbelle \n|inactive|LNumbers has 210 seconds left.\n|c|+Melbelle|well well well\n|inactive|LNumbers has 180 seconds left.\n|\n|t:|1790520921\n|switch|p2a: Starmie|Starmie|80/100 slp\n|move|p1a: Exeggutor|Psychic|p2a: Starmie\n|-resisted|p2a: Starmie\n|-damage|p2a: Starmie|62/100 slp\n|-unboost|p2a: Starmie|spa|1\n|-unboost|p2a: Starmie|spd|1\n|\n|upkeep\n|turn|48\n|\n|t:|1790520926\n|cant|p2a: Starmie|slp\n|move|p1a: Exeggutor|Psychic|p2a: Starmie\n|-resisted|p2a: Starmie\n|-damage|p2a: Starmie|32/100 slp\n|-unboost|p2a: Starmie|spa|1\n|-unboost|p2a: Starmie|spd|1\n|\n|upkeep\n|turn|49\n|\n|t:|1790520930\n|switch|p2a: Exeggutor|Exeggutor|87/100 par\n|move|p1a: Exeggutor|Psychic|p2a: Exeggutor\n|-resisted|p2a: Exeggutor\n|-damage|p2a: Exeggutor|73/100 par\n|\n|upkeep\n|turn|50\n|\n|t:|1790520954\n|move|p1a: Exeggutor|Psychic|p2a: Exeggutor\n|-resisted|p2a: Exeggutor\n|-damage|p2a: Exeggutor|59/100 par\n|cant|p2a: Exeggutor|par\n|\n|upkeep\n|turn|51\n|\n|t:|1790520962\n|move|p1a: Exeggutor|Psychic|p2a: Exeggutor\n|-resisted|p2a: Exeggutor\n|-damage|p2a: Exeggutor|45/100 par\n|-unboost|p2a: Exeggutor|spa|1\n|-unboost|p2a: Exeggutor|spd|1\n|cant|p2a: Exeggutor|par\n|\n|upkeep\n|turn|52\n|\n|t:|1790520968\n|switch|p1a: Starmie|Starmie|100/100\n|cant|p2a: Exeggutor|par\n|\n|upkeep\n|turn|53\n|inactive|LNumbers has 210 seconds left.\n|\n|t:|1790520973\n|move|p1a: Starmie|Surf|p2a: Exeggutor\n|-crit|p2a: Exeggutor\n|-resisted|p2a: Exeggutor\n|-damage|p2a: Exeggutor|21/100 par\n|move|p2a: Exeggutor|Rest|p2a: Exeggutor\n|-status|p2a: Exeggutor|slp|[from] move: Rest\n|-heal|p2a: Exeggutor|100/100 slp|[silent]\n|\n|upkeep\n|turn|54\n|\n|t:|1790520977\n|move|p1a: Starmie|Surf|p2a: Exeggutor\n|-resisted|p2a: Exeggutor\n|-damage|p2a: Exeggutor|81/100 slp\n|cant|p2a: Exeggutor|slp\n|\n|upkeep\n|turn|55\n|\n|t:|1790520981\n|move|p1a: Starmie|Surf|p2a: Exeggutor\n|-resisted|p2a: Exeggutor\n|-damage|p2a: Exeggutor|63/100 slp\n|-curestatus|p2a: Exeggutor|slp|[msg]\n|\n|upkeep\n|turn|56\n|\n|t:|1790520983\n|move|p1a: Starmie|Thunder Wave|p2a: Exeggutor\n|-status|p2a: Exeggutor|par\n|move|p2a: Exeggutor|Stun Spore|p1a: Starmie\n|-status|p1a: Starmie|par\n|\n|upkeep\n|turn|57\n|inactive|LNumbers has 240 seconds left.\n|\n|t:|1790520994\n|move|p1a: Starmie|Surf|p2a: Exeggutor\n|-resisted|p2a: Exeggutor\n|-damage|p2a: Exeggutor|46/100 par\n|move|p2a: Exeggutor|Rest|p2a: Exeggutor\n|-status|p2a: Exeggutor|slp|[from] move: Rest\n|-heal|p2a: Exeggutor|100/100 slp|[silent]\n|\n|upkeep\n|turn|58\n|\n|t:|1790520999\n|cant|p1a: Starmie|par\n|cant|p2a: Exeggutor|slp\n|\n|upkeep\n|turn|59\n|\n|t:|1790521002\n|move|p1a: Starmie|Surf|p2a: Exeggutor\n|-resisted|p2a: Exeggutor\n|-damage|p2a: Exeggutor|82/100 slp\n|-curestatus|p2a: Exeggutor|slp|[msg]\n|\n|upkeep\n|turn|60\n|\n|t:|1790521005\n|move|p1a: Starmie|Thunder Wave|p2a: Exeggutor\n|-status|p2a: Exeggutor|par\n|move|p2a: Exeggutor|Psychic|p1a: Starmie\n|-resisted|p1a: Starmie\n|-damage|p1a: Starmie|88/100 par\n|\n|upkeep\n|turn|61\n|\n|t:|1790521013\n|move|p1a: Starmie|Surf|p2a: Exeggutor\n|-resisted|p2a: Exeggutor\n|-damage|p2a: Exeggutor|63/100 par\n|move|p2a: Exeggutor|Psychic|p1a: Starmie\n|-resisted|p1a: Starmie\n|-damage|p1a: Starmie|75/100 par\n|\n|upkeep\n|turn|62\n|\n|t:|1790521017\n|move|p1a: Starmie|Surf|p2a: Exeggutor\n|-crit|p2a: Exeggutor\n|-resisted|p2a: Exeggutor\n|-damage|p2a: Exeggutor|40/100 par\n|move|p2a: Exeggutor|Rest|p2a: Exeggutor\n|-status|p2a: Exeggutor|slp|[from] move: Rest\n|-heal|p2a: Exeggutor|100/100 slp|[silent]\n|\n|upkeep\n|turn|63\n|\n|t:|1790521020\n|move|p1a: Starmie|Surf|p2a: Exeggutor\n|-resisted|p2a: Exeggutor\n|-damage|p2a: Exeggutor|83/100 slp\n|cant|p2a: Exeggutor|slp\n|\n|upkeep\n|turn|64\n|\n|t:|1790521022\n|cant|p1a: Starmie|par\n|-curestatus|p2a: Exeggutor|slp|[msg]\n|\n|upkeep\n|turn|65\n|\n|t:|1790521031\n|move|p1a: Starmie|Thunder Wave|p2a: Exeggutor\n|-status|p2a: Exeggutor|par\n|move|p2a: Exeggutor|Psychic|p1a: Starmie\n|-resisted|p1a: Starmie\n|-damage|p1a: Starmie|63/100 par\n|\n|upkeep\n|turn|66\n|c|☆Amaranth|who did ur prep btw\n|c|☆Amaranth|this isnt your stuff\n|c|☆LNumbers|myself like always\n|c|☆Amaranth|oh nice\n|c|☆Amaranth|learned a few new sets just for me\n|c|☆Amaranth|im honored\n|inactive|LNumbers has 270 seconds left.\n|c|☆LNumbers|indeed, gotta show up big for the finals\n|inactive|LNumbers has 240 seconds left.\n|\n|t:|1790521095\n|move|p1a: Starmie|Recover|p1a: Starmie\n|-heal|p1a: Starmie|100/100 par\n|cant|p2a: Exeggutor|par\n|\n|upkeep\n|turn|67\n|\n|t:|1790521099\n|move|p1a: Starmie|Surf|p2a: Exeggutor\n|-resisted|p2a: Exeggutor\n|-damage|p2a: Exeggutor|66/100 par\n|cant|p2a: Exeggutor|par\n|\n|upkeep\n|turn|68\n|\n|t:|1790521112\n|switch|p1a: Exeggutor|Exeggutor|100/100\n|move|p2a: Exeggutor|Rest|p2a: Exeggutor\n|-status|p2a: Exeggutor|slp|[from] move: Rest\n|-heal|p2a: Exeggutor|100/100 slp|[silent]\n|\n|upkeep\n|turn|69\n|\n|t:|1790521114\n|move|p1a: Exeggutor|Psychic|p2a: Exeggutor\n|-resisted|p2a: Exeggutor\n|-damage|p2a: Exeggutor|80/100 slp\n|cant|p2a: Exeggutor|slp\n|\n|upkeep\n|turn|70\n|inactive|LNumbers has 270 seconds left.\n|\n|t:|1790521140\n|move|p1a: Exeggutor|Psychic|p2a: Exeggutor\n|-resisted|p2a: Exeggutor\n|-damage|p2a: Exeggutor|60/100 slp\n|-unboost|p2a: Exeggutor|spa|1\n|-unboost|p2a: Exeggutor|spd|1\n|-curestatus|p2a: Exeggutor|slp|[msg]\n|\n|upkeep\n|turn|71\n|\n|t:|1790521150\n|move|p1a: Exeggutor|Psychic|p2a: Exeggutor\n|-resisted|p2a: Exeggutor\n|-damage|p2a: Exeggutor|33/100\n|-unboost|p2a: Exeggutor|spa|1\n|-unboost|p2a: Exeggutor|spd|1\n|move|p2a: Exeggutor|Stun Spore|p1a: Exeggutor|[miss]\n|-miss|p2a: Exeggutor\n|\n|upkeep\n|turn|72\n|\n|t:|1790521158\n|switch|p2a: Starmie|Starmie|32/100 slp\n|move|p1a: Exeggutor|Psychic|p2a: Starmie\n|-resisted|p2a: Starmie\n|-damage|p2a: Starmie|13/100 slp\n|\n|upkeep\n|turn|73\n|\n|t:|1790521163\n|switch|p2a: Exeggutor|Exeggutor|33/100\n|move|p1a: Exeggutor|Stun Spore|p2a: Exeggutor\n|-status|p2a: Exeggutor|par\n|\n|upkeep\n|turn|74\n|\n|t:|1790521172\n|move|p1a: Exeggutor|Psychic|p2a: Exeggutor\n|-resisted|p2a: Exeggutor\n|-damage|p2a: Exeggutor|19/100 par\n|move|p2a: Exeggutor|Rest|p2a: Exeggutor\n|-status|p2a: Exeggutor|slp|[from] move: Rest\n|-heal|p2a: Exeggutor|100/100 slp|[silent]\n|\n|upkeep\n|turn|75\n|c|+Tiziown|does rby prep exist\n|\n|t:|1790521179\n|move|p1a: Exeggutor|Explosion|p2a: Exeggutor\n|-damage|p2a: Exeggutor|30/100 slp\n|faint|p1a: Exeggutor\n|\n|t:|1790521181\n|switch|p1a: Starmie|Starmie|100/100 par\n|turn|76\n|\n|t:|1790521189\n|switch|p2a: Starmie|Starmie|13/100 slp\n|cant|p1a: Starmie|par\n|\n|upkeep\n|turn|77\n|\n|t:|1790521193\n|cant|p2a: Starmie|slp\n|move|p1a: Starmie|Thunderbolt|p2a: Starmie\n|-supereffective|p2a: Starmie\n|-damage|p2a: Starmie|0 fnt\n|faint|p2a: Starmie\n|\n|t:|1790521196\n|switch|p2a: Zapdos|Zapdos|71/100\n|turn|78\n|\n|t:|1790521197\n|move|p2a: Zapdos|Thunderbolt|p1a: Starmie\n|-supereffective|p1a: Starmie\n|-damage|p1a: Starmie|22/100 par\n|move|p1a: Starmie|Thunder Wave|p2a: Zapdos\n|-status|p2a: Zapdos|par\n|\n|upkeep\n|turn|79\n|\n|t:|1790521201\n|move|p1a: Starmie|Recover|p1a: Starmie\n|-heal|p1a: Starmie|72/100 par\n|move|p2a: Zapdos|Thunderbolt|p1a: Starmie\n|-supereffective|p1a: Starmie\n|-damage|p1a: Starmie|0 fnt\n|faint|p1a: Starmie\n|\n|win|LNumbers\n|c|☆Amaranth|gg\n|c|☆LNumbers|gg\n|c|☆LNumbers|/log LNumbers made the replay of this battle unlisted.\n|player|p1|\n|player|p2|\n","uploadtime":1790521201,"views":"83","formatid":"gen1ou","rating":null,"private":2,"password":null}