{"id":"smogtours-gen1ou-913461","format":"[Gen 1] OU","players":["Girls See Ghosts","LNumbers"],"log":"|inactive|Battle timer is ON: inactive players will automatically lose when time's up.\n|t:|1772381052\n|gametype|singles\n|player|p1|Girls See Ghosts|#rbtt9hoopers|\n|player|p2|LNumbers|#splxviityrants2|\n|gen|1\n|tier|[Gen 1] OU\n|rule|Desync Clause Mod: Desyncs changed to move failure.\n|rule|Sleep Clause Mod: Limit one foe put to sleep\n|rule|Freeze Clause Mod: Limit one foe frozen\n|rule|Species Clause: Limit one of each Pokémon\n|rule|OHKO Clause: OHKO moves are banned\n|rule|Evasion Moves Clause: Evasion moves are banned\n|rule|Endless Battle Clause: Forcing endless battles is banned\n|rule|HP Percentage Mod: HP is shown in percentages\n|\n|t:|1772381052\n|teamsize|p1|6\n|teamsize|p2|6\n|start\n|switch|p1a: Jynx|Jynx|100/100\n|switch|p2a: Tauros|Tauros|100/100\n|turn|1\n|c|☆LNumbers|hf\n|c|☆Girls See Ghosts|glhf\n|\n|t:|1772381071\n|move|p2a: Tauros|Body Slam|p1a: Jynx\n|-crit|p1a: Jynx\n|-damage|p1a: Jynx|0 fnt\n|faint|p1a: Jynx\n|\n|t:|1772381077\n|switch|p1a: Exeggutor|Exeggutor|100/100\n|turn|2\n|inactive|LNumbers has 270 seconds left.\n|inactive|LNumbers has 240 seconds left.\n|inactive|LNumbers has 210 seconds left.\n|\n|t:|1772381173\n|move|p2a: Tauros|Body Slam|p1a: Exeggutor\n|-damage|p1a: Exeggutor|71/100\n|move|p1a: Exeggutor|Sleep Powder|p2a: Tauros|[miss]\n|-miss|p1a: Exeggutor\n|\n|upkeep\n|turn|3\n|inactive|LNumbers has 210 seconds left.\n|\n|t:|1772381186\n|move|p2a: Tauros|Body Slam|p1a: Exeggutor\n|-crit|p1a: Exeggutor\n|-damage|p1a: Exeggutor|21/100\n|move|p1a: Exeggutor|Sleep Powder|p2a: Tauros\n|-status|p2a: Tauros|slp|[from] move: Sleep Powder\n|\n|upkeep\n|turn|4\n|inactive|LNumbers has 210 seconds left.\n|\n|t:|1772381203\n|switch|p2a: Starmie|Starmie|100/100\n|move|p1a: Exeggutor|Psychic|p2a: Starmie\n|-resisted|p2a: Starmie\n|-damage|p2a: Starmie|80/100\n|\n|upkeep\n|turn|5\n|\n|t:|1772381208\n|switch|p2a: Exeggutor|Exeggutor|100/100\n|switch|p1a: Chansey|Chansey|100/100\n|\n|upkeep\n|turn|6\n|inactive|LNumbers has 210 seconds left.\n|\n|t:|1772381222\n|switch|p1a: Exeggutor|Exeggutor|21/100\n|move|p2a: Exeggutor|Sleep Powder|p1a: Exeggutor|[miss]\n|-miss|p2a: Exeggutor\n|\n|upkeep\n|turn|7\n|inactive|LNumbers has 210 seconds left.\n|\n|t:|1772381234\n|move|p2a: Exeggutor|Sleep Powder|p1a: Exeggutor|[miss]\n|-miss|p2a: Exeggutor\n|move|p1a: Exeggutor|Psychic|p2a: Exeggutor\n|-resisted|p2a: Exeggutor\n|-damage|p2a: Exeggutor|88/100\n|-unboost|p2a: Exeggutor|spa|1\n|-unboost|p2a: Exeggutor|spd|1\n|\n|upkeep\n|turn|8\n|inactive|LNumbers has 210 seconds left.\n|\n|t:|1772381239\n|move|p2a: Exeggutor|Sleep Powder|p1a: Exeggutor\n|-status|p1a: Exeggutor|slp|[from] move: Sleep Powder\n|cant|p1a: Exeggutor|slp\n|\n|upkeep\n|turn|9\n|\n|t:|1772381251\n|switch|p2a: Chansey|Chansey|100/100\n|switch|p1a: Lapras|Lapras|100/100\n|\n|upkeep\n|turn|10\n|inactive|LNumbers has 210 seconds left.\n|inactive|LNumbers has 180 seconds left.\n|\n|t:|1772381312\n|switch|p1a: Chansey|Chansey|100/100\n|move|p2a: Chansey|Ice Beam|p1a: Chansey\n|-damage|p1a: Chansey|90/100\n|\n|upkeep\n|turn|11\n|inactive|LNumbers has 150 seconds left.\n|\n|t:|1772381355\n|move|p1a: Chansey|Ice Beam|p2a: Chansey\n|-damage|p2a: Chansey|89/100\n|move|p2a: Chansey|Ice Beam|p1a: Chansey\n|-damage|p1a: Chansey|80/100\n|\n|upkeep\n|turn|12\n|\n|t:|1772381370\n|move|p1a: Chansey|Ice Beam|p2a: Chansey\n|-damage|p2a: Chansey|78/100\n|move|p2a: Chansey|Thunder Wave|p1a: Chansey\n|-status|p1a: Chansey|par\n|\n|upkeep\n|turn|13\n|\n|t:|1772381379\n|switch|p2a: Snorlax|Snorlax|100/100\n|move|p1a: Chansey|Thunder Wave|p2a: Snorlax\n|-status|p2a: Snorlax|par\n|\n|upkeep\n|turn|14\n|inactive|LNumbers has 150 seconds left.\n|\n|t:|1772381396\n|switch|p1a: Snorlax|Snorlax|100/100\n|cant|p2a: Snorlax|par\n|\n|upkeep\n|turn|15\n|\n|t:|1772381401\n|move|p1a: Snorlax|Body Slam|p2a: Snorlax\n|-damage|p2a: Snorlax|75/100 par\n|cant|p2a: Snorlax|par\n|\n|upkeep\n|turn|16\n|inactive|LNumbers has 150 seconds left.\n|\n|t:|1772381416\n|move|p1a: Snorlax|Body Slam|p2a: Snorlax\n|-damage|p2a: Snorlax|46/100 par\n|move|p2a: Snorlax|Reflect|p2a: Snorlax\n|-start|p2a: Snorlax|Reflect\n|\n|upkeep\n|turn|17\n|\n|t:|1772381423\n|move|p1a: Snorlax|Reflect|p1a: Snorlax\n|-start|p1a: Snorlax|Reflect\n|move|p2a: Snorlax|Body Slam|p1a: Snorlax\n|-damage|p1a: Snorlax|86/100\n|\n|upkeep\n|turn|18\n|\n|t:|1772381437\n|switch|p1a: Lapras|Lapras|100/100\n|move|p2a: Snorlax|Rest|p2a: Snorlax\n|-status|p2a: Snorlax|slp|[from] move: Rest\n|-heal|p2a: Snorlax|100/100 slp|[silent]\n|\n|upkeep\n|turn|19\n|inactive|LNumbers has 150 seconds left.\n|\n|t:|1772381471\n|switch|p2a: Chansey|Chansey|78/100\n|move|p1a: Lapras|Blizzard|p2a: Chansey|[miss]\n|-miss|p1a: Lapras\n|\n|upkeep\n|turn|20\n|\n|t:|1772381479\n|switch|p1a: Chansey|Chansey|80/100 par\n|move|p2a: Chansey|Soft-Boiled|p2a: Chansey\n|-heal|p2a: Chansey|100/100\n|\n|upkeep\n|turn|21\n|\n|t:|1772381490\n|switch|p2a: Snorlax|Snorlax|100/100 slp\n|cant|p1a: Chansey|par\n|\n|upkeep\n|turn|22\n|\n|t:|1772381496\n|cant|p2a: Snorlax|slp\n|move|p1a: Chansey|Ice Beam|p2a: Snorlax\n|-damage|p2a: Snorlax|80/100 slp\n|\n|upkeep\n|turn|23\n|\n|t:|1772381501\n|switch|p2a: Chansey|Chansey|100/100\n|cant|p1a: Chansey|par\n|\n|upkeep\n|turn|24\n|\n|t:|1772381505\n|switch|p2a: Snorlax|Snorlax|80/100 slp\n|move|p1a: Chansey|Ice Beam|p2a: Snorlax\n|-damage|p2a: Snorlax|61/100 slp\n|\n|upkeep\n|turn|25\n|\n|t:|1772381511\n|-curestatus|p2a: Snorlax|slp|[msg]\n|move|p1a: Chansey|Thunder Wave|p2a: Snorlax\n|-status|p2a: Snorlax|par\n|\n|upkeep\n|turn|26\n|\n|t:|1772381523\n|switch|p1a: Snorlax|Snorlax|86/100\n|cant|p2a: Snorlax|par\n|\n|upkeep\n|turn|27\n|\n|t:|1772381533\n|move|p1a: Snorlax|Body Slam|p2a: Snorlax\n|-damage|p2a: Snorlax|35/100 par\n|move|p2a: Snorlax|Rest|p2a: Snorlax\n|-status|p2a: Snorlax|slp|[from] move: Rest\n|-heal|p2a: Snorlax|100/100 slp|[silent]\n|\n|upkeep\n|turn|28\n|\n|t:|1772381538\n|move|p1a: Snorlax|Body Slam|p2a: Snorlax\n|-damage|p2a: Snorlax|73/100 slp\n|cant|p2a: Snorlax|slp\n|\n|upkeep\n|turn|29\n|\n|t:|1772381540\n|move|p1a: Snorlax|Body Slam|p2a: Snorlax\n|-damage|p2a: Snorlax|48/100 slp\n|-curestatus|p2a: Snorlax|slp|[msg]\n|\n|upkeep\n|turn|30\n|inactive|LNumbers has 210 seconds left.\n|\n|t:|1772381574\n|switch|p2a: Chansey|Chansey|100/100\n|move|p1a: Snorlax|Body Slam|p2a: Chansey\n|-damage|p2a: Chansey|57/100\n|\n|upkeep\n|turn|31\n|\n|t:|1772381585\n|move|p2a: Chansey|Thunder Wave|p1a: Snorlax\n|-status|p1a: Snorlax|par\n|cant|p1a: Snorlax|par\n|\n|upkeep\n|turn|32\n|inactive|LNumbers has 180 seconds left.\n|inactive|LNumbers has 150 seconds left.\n|inactive|LNumbers has 120 seconds left.\n|\n|t:|1772381685\n|move|p2a: Chansey|Soft-Boiled|p2a: Chansey\n|-heal|p2a: Chansey|100/100\n|move|p1a: Snorlax|Body Slam|p2a: Chansey\n|-damage|p2a: Chansey|62/100\n|\n|upkeep\n|turn|33\n|rated|Smogon Premier League\n|inactive|LNumbers has 90 seconds left.\n|\n|t:|1772381719\n|switch|p2a: Rhydon|Rhydon|100/100\n|move|p1a: Snorlax|Body Slam|p2a: Rhydon\n|-resisted|p2a: Rhydon\n|-damage|p2a: Rhydon|89/100\n|\n|upkeep\n|turn|34\n|inactive|LNumbers has 90 seconds left.\n|\n|t:|1772381724\n|move|p2a: Rhydon|Earthquake|p1a: Snorlax\n|-damage|p1a: Snorlax|50/100 par\n|move|p1a: Snorlax|Reflect|p1a: Snorlax\n|-start|p1a: Snorlax|Reflect\n|\n|upkeep\n|turn|35\n|\n|t:|1772381735\n|switch|p2a: Chansey|Chansey|62/100\n|move|p1a: Snorlax|Body Slam|p2a: Chansey\n|-damage|p2a: Chansey|24/100\n|\n|upkeep\n|turn|36\n|\n|t:|1772381739\n|move|p2a: Chansey|Soft-Boiled|p2a: Chansey\n|-heal|p2a: Chansey|74/100\n|cant|p1a: Snorlax|par\n|\n|upkeep\n|turn|37\n|\n|t:|1772381764\n|switch|p2a: Rhydon|Rhydon|89/100\n|move|p1a: Snorlax|Body Slam|p2a: Rhydon\n|-resisted|p2a: Rhydon\n|-damage|p2a: Rhydon|78/100\n|-status|p2a: Rhydon|par\n|\n|upkeep\n|turn|38\n|\n|t:|1772381771\n|switch|p2a: Snorlax|Snorlax|48/100\n|cant|p1a: Snorlax|par\n|\n|upkeep\n|turn|39\n|\n|t:|1772381789\n|move|p2a: Snorlax|Reflect|p2a: Snorlax\n|-start|p2a: Snorlax|Reflect\n|move|p1a: Snorlax|Rest|p1a: Snorlax\n|-status|p1a: Snorlax|slp|[from] move: Rest\n|-heal|p1a: Snorlax|100/100 slp|[silent]\n|\n|upkeep\n|turn|40\n|inactive|LNumbers has 90 seconds left.\n|inactive|LNumbers has 60 seconds left.\n|\n|t:|1772381855\n|move|p2a: Snorlax|Ice Beam|p1a: Snorlax\n|-damage|p1a: Snorlax|87/100 slp\n|cant|p1a: Snorlax|slp\n|\n|upkeep\n|turn|41\n|\n|t:|1772381860\n|move|p2a: Snorlax|Ice Beam|p1a: Snorlax\n|-damage|p1a: Snorlax|73/100 slp\n|-curestatus|p1a: Snorlax|slp|[msg]\n|\n|upkeep\n|turn|42\n|\n|t:|1772381870\n|move|p2a: Snorlax|Ice Beam|p1a: Snorlax\n|-damage|p1a: Snorlax|58/100\n|move|p1a: Snorlax|Body Slam|p2a: Snorlax\n|-damage|p2a: Snorlax|34/100\n|\n|upkeep\n|turn|43\n|inactive|LNumbers has 60 seconds left.\n|\n|t:|1772381894\n|switch|p1a: Lapras|Lapras|100/100\n|move|p2a: Snorlax|Body Slam|p1a: Lapras\n|-damage|p1a: Lapras|75/100\n|\n|upkeep\n|turn|44\n|\n|t:|1772381903\n|switch|p2a: Chansey|Chansey|74/100\n|move|p1a: Lapras|Blizzard|p2a: Chansey\n|-damage|p2a: Chansey|54/100\n|-status|p2a: Chansey|frz\n|\n|upkeep\n|turn|45\n|\n|t:|1772381915\n|move|p1a: Lapras|Thunderbolt|p2a: Chansey\n|-damage|p2a: Chansey|45/100 frz\n|cant|p2a: Chansey|frz\n|\n|upkeep\n|turn|46\n|\n|t:|1772381932\n|move|p1a: Lapras|Thunderbolt|p2a: Chansey\n|-crit|p2a: Chansey\n|-damage|p2a: Chansey|26/100 frz\n|cant|p2a: Chansey|frz\n|\n|upkeep\n|turn|47\n|\n|t:|1772381939\n|move|p1a: Lapras|Thunderbolt|p2a: Chansey\n|-damage|p2a: Chansey|16/100 frz\n|cant|p2a: Chansey|frz\n|\n|upkeep\n|turn|48\n|\n|t:|1772381958\n|move|p1a: Lapras|Thunderbolt|p2a: Chansey\n|-damage|p2a: Chansey|6/100 frz\n|cant|p2a: Chansey|frz\n|\n|upkeep\n|turn|49\n|inactive|Girls See Ghosts has 270 seconds left.\n|inactive|LNumbers has 30 seconds left.\n|inactive|LNumbers has 20 seconds left.\n|inactive|Girls See Ghosts has 240 seconds left.\n|inactive|LNumbers has 15 seconds left.\n|inactive|LNumbers has 10 seconds left.\n|inactive|Girls See Ghosts has 210 seconds left.\n|inactive|Girls See Ghosts has 180 seconds left.\n|\n|t:|1772382080\n|switch|p1a: Snorlax|Snorlax|58/100\n|cant|p2a: Chansey|frz\n|\n|upkeep\n|turn|50\n|inactive|LNumbers has 20 seconds left this turn.\n|inactive|LNumbers has 15 seconds left.\n|inactive|LNumbers has 10 seconds left.\n|\n|t:|1772382091\n|switch|p2a: Rhydon|Rhydon|78/100 par\n|move|p1a: Snorlax|Body Slam|p2a: Rhydon\n|-resisted|p2a: Rhydon\n|-damage|p2a: Rhydon|67/100 par\n|\n|upkeep\n|turn|51\n|inactive|LNumbers has 20 seconds left this turn.\n|inactive|LNumbers has 15 seconds left.\n|\n|t:|1772382096\n|switch|p2a: Exeggutor|Exeggutor|88/100\n|move|p1a: Snorlax|Reflect|p1a: Snorlax\n|-start|p1a: Snorlax|Reflect\n|\n|upkeep\n|turn|52\n|inactive|LNumbers has 25 seconds left this turn.\n|inactive|LNumbers has 20 seconds left.\n|\n|t:|1772382113\n|move|p2a: Exeggutor|Psychic|p1a: Snorlax\n|-damage|p1a: Snorlax|26/100\n|-unboost|p1a: Snorlax|spa|1\n|-unboost|p1a: Snorlax|spd|1\n|move|p1a: Snorlax|Self-Destruct|p2a: Exeggutor\n|-damage|p2a: Exeggutor|1/100\n|faint|p1a: Snorlax\n|\n|t:|1772382121\n|switch|p1a: Tauros|Tauros|100/100\n|turn|53\n|\n|t:|1772382126\n|switch|p2a: Chansey|Chansey|6/100 frz\n|move|p1a: Tauros|Body Slam|p2a: Chansey\n|-damage|p2a: Chansey|0 fnt\n|faint|p2a: Chansey\n|\n|t:|1772382130\n|switch|p2a: Starmie|Starmie|80/100\n|turn|54\n|\n|t:|1772382150\n|switch|p2a: Exeggutor|Exeggutor|1/100\n|switch|p1a: Chansey|Chansey|80/100 par\n|\n|upkeep\n|turn|55\n|inactive|LNumbers has 30 seconds left.\n|inactive|LNumbers has 20 seconds left.\n|inactive|LNumbers has 15 seconds left.\n|\n|t:|1772382182\n|switch|p2a: Snorlax|Snorlax|34/100\n|switch|p1a: Exeggutor|Exeggutor|21/100 slp\n|\n|upkeep\n|turn|56\n|inactive|LNumbers has 25 seconds left this turn.\n|inactive|LNumbers has 20 seconds left.\n|inactive|LNumbers has 15 seconds left.\n|inactive|Girls See Ghosts has 210 seconds left.\n|inactive|LNumbers has 10 seconds left.\n|inactive|LNumbers has 5 seconds left.\n|\n|t:|1772382227\n|switch|p1a: Tauros|Tauros|100/100\n|move|p2a: Snorlax|Rest|p2a: Snorlax\n|-status|p2a: Snorlax|slp|[from] move: Rest\n|-heal|p2a: Snorlax|100/100 slp|[silent]\n|\n|upkeep\n|turn|57\n|inactive|LNumbers has 15 seconds left this turn.\n|\n|t:|1772382232\n|move|p1a: Tauros|Body Slam|p2a: Snorlax\n|-crit|p2a: Snorlax\n|-damage|p2a: Snorlax|56/100 slp\n|cant|p2a: Snorlax|slp\n|\n|upkeep\n|turn|58\n|inactive|LNumbers has 25 seconds left this turn.\n|inactive|LNumbers has 20 seconds left.\n|\n|t:|1772382248\n|move|p1a: Tauros|Blizzard|p2a: Snorlax\n|-damage|p2a: Snorlax|37/100 slp\n|-curestatus|p2a: Snorlax|slp|[msg]\n|\n|upkeep\n|turn|59\n|inactive|LNumbers has 30 seconds left this turn.\n|inactive|LNumbers has 20 seconds left.\n|inactive|LNumbers has 15 seconds left.\n|inactive|LNumbers has 10 seconds left.\n|inactive|LNumbers has 5 seconds left.\n|\n|t:|1772382277\n|switch|p2a: Starmie|Starmie|80/100\n|move|p1a: Tauros|Body Slam|p2a: Starmie\n|-damage|p2a: Starmie|47/100\n|-status|p2a: Starmie|par\n|\n|upkeep\n|turn|60\n|inactive|LNumbers has 15 seconds left this turn.\n|inactive|Girls See Ghosts has 210 seconds left.\n|inactive|LNumbers has 10 seconds left.\n|\n|t:|1772382289\n|switch|p2a: Rhydon|Rhydon|67/100 par\n|move|p1a: Tauros|Hyper Beam|p2a: Rhydon\n|-resisted|p2a: Rhydon\n|-damage|p2a: Rhydon|48/100 par\n|-mustrecharge|p1a: Tauros\n|\n|upkeep\n|turn|61\n|inactive|LNumbers has 20 seconds left this turn.\n|\n|t:|1772382293\n|cant|p1a: Tauros|recharge\n|move|p2a: Rhydon|Earthquake|p1a: Tauros\n|-damage|p1a: Tauros|60/100\n|\n|upkeep\n|turn|62\n|inactive|LNumbers has 30 seconds left this turn.\n|inactive|LNumbers has 20 seconds left.\n|inactive|LNumbers has 15 seconds left.\n|\n|t:|1772382311\n|switch|p2a: Exeggutor|Exeggutor|1/100\n|move|p1a: Tauros|Earthquake|p2a: Exeggutor\n|-resisted|p2a: Exeggutor\n|-damage|p2a: Exeggutor|0 fnt\n|faint|p2a: Exeggutor\n|inactive|LNumbers has 20 seconds left this turn.\n|\n|t:|1772382315\n|switch|p2a: Starmie|Starmie|47/100 par\n|turn|63\n|inactive|LNumbers has 30 seconds left this turn.\n|\n|t:|1772382322\n|switch|p2a: Rhydon|Rhydon|48/100 par\n|move|p1a: Tauros|Hyper Beam|p2a: Rhydon\n|-resisted|p2a: Rhydon\n|-damage|p2a: Rhydon|29/100 par\n|-mustrecharge|p1a: Tauros\n|\n|upkeep\n|turn|64\n|\n|t:|1772382325\n|cant|p1a: Tauros|recharge\n|move|p2a: Rhydon|Earthquake|p1a: Tauros\n|-damage|p1a: Tauros|19/100\n|\n|upkeep\n|turn|65\n|inactive|LNumbers has 30 seconds left.\n|\n|t:|1772382353\n|move|p1a: Tauros|Earthquake|p2a: Rhydon\n|-crit|p2a: Rhydon\n|-supereffective|p2a: Rhydon\n|-damage|p2a: Rhydon|0 fnt\n|faint|p2a: Rhydon\n|inactive|LNumbers has 30 seconds left this turn.\n|inactive|LNumbers has 20 seconds left.\n|\n|t:|1772382365\n|switch|p2a: Tauros|Tauros|100/100 slp\n|turn|66\n|inactive|LNumbers has 30 seconds left this turn.\n|inactive|LNumbers has 20 seconds left.\n|\n|t:|1772382378\n|move|p1a: Tauros|Body Slam|p2a: Tauros\n|-damage|p2a: Tauros|72/100 slp\n|-curestatus|p2a: Tauros|slp|[msg]\n|\n|upkeep\n|turn|67\n|inactive|LNumbers has 30 seconds left this turn.\n|inactive|Girls See Ghosts has 240 seconds left.\n|\n|t:|1772382431\n|switch|p1a: Exeggutor|Exeggutor|21/100 slp\n|move|p2a: Tauros|Body Slam|p1a: Exeggutor\n|-damage|p1a: Exeggutor|0 fnt\n|faint|p1a: Exeggutor\n|\n|t:|1772382436\n|switch|p1a: Lapras|Lapras|75/100\n|turn|68\n|inactive|LNumbers has 30 seconds left.\n|inactive|LNumbers has 20 seconds left.\n|\n|t:|1772382457\n|move|p2a: Tauros|Body Slam|p1a: Lapras\n|-crit|p1a: Lapras\n|-damage|p1a: Lapras|27/100\n|move|p1a: Lapras|Blizzard|p2a: Tauros\n|-damage|p2a: Tauros|25/100\n|\n|upkeep\n|turn|69\n|inactive|LNumbers has 30 seconds left this turn.\n|inactive|Girls See Ghosts has 240 seconds left.\n|inactive|LNumbers has 20 seconds left.\n|inactive|LNumbers has 15 seconds left.\n|inactive|LNumbers has 10 seconds left.\n|\n|t:|1772382478\n|switch|p1a: Chansey|Chansey|80/100 par\n|move|p2a: Tauros|Hyper Beam|p1a: Chansey\n|-damage|p1a: Chansey|7/100 par\n|-mustrecharge|p2a: Tauros\n|\n|upkeep\n|turn|70\n|inactive|LNumbers has 20 seconds left this turn.\n|inactive|LNumbers has 15 seconds left.\n|\n|t:|1772382484\n|cant|p2a: Tauros|recharge\n|move|p1a: Chansey|Thunderbolt|p2a: Tauros\n|-damage|p2a: Tauros|0 fnt\n|faint|p2a: Tauros\n|inactive|LNumbers has 20 seconds left this turn.\n|inactive|LNumbers has 15 seconds left.\n|inactive|LNumbers has 10 seconds left.\n|inactive|LNumbers has 5 seconds left.\n|\n|t:|1772382502\n|switch|p2a: Starmie|Starmie|47/100 par\n|turn|71\n|inactive|LNumbers has 15 seconds left this turn.\n|inactive|Girls See Ghosts has 240 seconds left.\n|inactive|LNumbers has 10 seconds left.\n|inactive|LNumbers has 5 seconds left.\n|inactive|Girls See Ghosts has 210 seconds left.\n|\n|t:|1772382548\n|move|p2a: Starmie|Recover|p2a: Starmie\n|-heal|p2a: Starmie|97/100 par\n|cant|p1a: Chansey|par\n|\n|upkeep\n|turn|72\n|inactive|LNumbers has 15 seconds left this turn.\n|inactive|LNumbers has 10 seconds left.\n|\n|t:|1772382562\n|cant|p2a: Starmie|par\n|move|p1a: Chansey|Thunderbolt|p2a: Starmie\n|-supereffective|p2a: Starmie\n|-damage|p2a: Starmie|44/100 par\n|\n|upkeep\n|turn|73\n|inactive|LNumbers has 20 seconds left this turn.\n|\n|t:|1772382568\n|cant|p2a: Starmie|par\n|cant|p1a: Chansey|par\n|\n|upkeep\n|turn|74\n|inactive|LNumbers has 30 seconds left this turn.\n|\n|t:|1772382572\n|move|p2a: Starmie|Recover|p2a: Starmie\n|-heal|p2a: Starmie|94/100 par\n|cant|p1a: Chansey|par\n|\n|upkeep\n|turn|75\n|\n|t:|1772382577\n|move|p2a: Starmie|Psychic|p1a: Chansey\n|-damage|p1a: Chansey|0 fnt\n|faint|p1a: Chansey\n|\n|t:|1772382579\n|switch|p1a: Lapras|Lapras|27/100\n|turn|76\n|\n|t:|1772382585\n|move|p1a: Lapras|Thunderbolt|p2a: Starmie\n|-supereffective|p2a: Starmie\n|-damage|p2a: Starmie|48/100 par\n|move|p2a: Starmie|Thunder Wave|p1a: Lapras\n|-status|p1a: Lapras|par\n|\n|upkeep\n|turn|77\n|\n|t:|1772382595\n|move|p2a: Starmie|Recover|p2a: Starmie\n|-heal|p2a: Starmie|98/100 par\n|cant|p1a: Lapras|par\n|\n|upkeep\n|turn|78\n|\n|t:|1772382599\n|cant|p2a: Starmie|par\n|cant|p1a: Lapras|par\n|\n|upkeep\n|turn|79\n|inactive|LNumbers has 60 seconds left.\n|\n|t:|1772382610\n|switch|p2a: Snorlax|Snorlax|37/100\n|move|p1a: Lapras|Thunderbolt|p2a: Snorlax\n|-damage|p2a: Snorlax|20/100\n|\n|upkeep\n|turn|80\n|inactive|LNumbers has 60 seconds left.\n|\n|t:|1772382622\n|move|p2a: Snorlax|Body Slam|p1a: Lapras\n|-damage|p1a: Lapras|0 fnt\n|faint|p1a: Lapras\n|\n|t:|1772382625\n|switch|p1a: Tauros|Tauros|19/100\n|turn|81\n|\n|t:|1772382627\n|move|p1a: Tauros|Body Slam|p2a: Snorlax\n|-damage|p2a: Snorlax|0 fnt\n|faint|p2a: Snorlax\n|\n|t:|1772382629\n|switch|p2a: Starmie|Starmie|98/100 par\n|turn|82\n|\n|t:|1772382632\n|move|p1a: Tauros|Body Slam|p2a: Starmie\n|-damage|p2a: Starmie|62/100 par\n|cant|p2a: Starmie|par\n|\n|upkeep\n|turn|83\n|inactive|LNumbers has 90 seconds left.\n|inactive|LNumbers has 60 seconds left.\n|\n|t:|1772382676\n|move|p1a: Tauros|Hyper Beam|p2a: Starmie\n|-damage|p2a: Starmie|5/100 par\n|-mustrecharge|p1a: Tauros\n|move|p2a: Starmie|Psychic|p1a: Tauros\n|-damage|p1a: Tauros|0 fnt\n|faint|p1a: Tauros\n|\n|win|LNumbers\n|c|☆Girls See Ghosts|gg\n|c|☆LNumbers|ggs\n|player|p1|\n","uploadtime":1772382676,"views":"1009","formatid":"gen1ou","rating":null,"private":0,"password":null}