{"id":"smogtours-gen1ou-965279","format":"[Gen 1] OU","players":["Kaz","LNumbers"],"log":"|inactive|Battle timer is ON: inactive players will automatically lose when time's up.\n|t:|1787342754\n|gametype|singles\n|player|p1|Kaz|#kaz|\n|player|p2|LNumbers|#rbywc2026|\n|gen|1\n|tier|[Gen 1] OU\n|rule|Desync Clause Mod: Desyncs resolve to link battle behavior from the acting player's perspective.\n|rule|HP Percentage Mod: HP is shown in percentages\n|rule|Endless Battle Clause: Forcing endless battles is banned\n|rule|Sleep Clause Mod: Limit one foe put to sleep\n|rule|Freeze Clause Mod: Limit one foe frozen\n|rule|Species Clause: Limit one of each Pokémon\n|rule|OHKO Clause: OHKO moves are banned\n|rule|Evasion Moves Clause: Evasion moves are banned\n|\n|t:|1787342754\n|teamsize|p1|6\n|teamsize|p2|6\n|start\n|switch|p1a: Exeggutor|Exeggutor|100/100\n|switch|p2a: Starmie|Starmie|100/100\n|turn|1\n|c|☆LNumbers|hf\n|c|☆Kaz|hf\n|\n|t:|1787342776\n|move|p2a: Starmie|Blizzard|p1a: Exeggutor\n|-supereffective|p1a: Exeggutor\n|-damage|p1a: Exeggutor|60/100\n|move|p1a: Exeggutor|Sleep Powder|p2a: Starmie\n|-status|p2a: Starmie|slp|[from] move: Sleep Powder\n|\n|upkeep\n|turn|2\n|\n|t:|1787342799\n|switch|p2a: Exeggutor|Exeggutor|100/100\n|move|p1a: Exeggutor|Double-Edge|p2a: Exeggutor\n|-damage|p2a: Exeggutor|80/100\n|-damage|p1a: Exeggutor|55/100|[from] Recoil\n|\n|upkeep\n|turn|3\n|inactive|LNumbers has 270 seconds left.\n|\n|t:|1787342825\n|move|p1a: Exeggutor|Explosion|p2a: Exeggutor\n|-damage|p2a: Exeggutor|11/100\n|faint|p1a: Exeggutor\n|\n|t:|1787342835\n|switch|p1a: Tauros|Tauros|100/100\n|turn|4\n|\n|t:|1787342838\n|switch|p2a: Snorlax|Snorlax|100/100\n|move|p1a: Tauros|Body Slam|p2a: Snorlax\n|-crit|p2a: Snorlax\n|-damage|p2a: Snorlax|48/100\n|\n|upkeep\n|turn|5\n|\n|t:|1787342852\n|move|p1a: Tauros|Body Slam|p2a: Snorlax\n|-damage|p2a: Snorlax|22/100\n|move|p2a: Snorlax|Body Slam|p1a: Tauros\n|-damage|p1a: Tauros|67/100\n|\n|upkeep\n|turn|6\n|\n|t:|1787342858\n|switch|p2a: Slowbro|Slowbro|100/100\n|move|p1a: Tauros|Body Slam|p2a: Slowbro\n|-damage|p2a: Slowbro|76/100\n|\n|upkeep\n|turn|7\n|\n|t:|1787342874\n|move|p1a: Tauros|Body Slam|p2a: Slowbro\n|-damage|p2a: Slowbro|53/100\n|move|p2a: Slowbro|Thunder Wave|p1a: Tauros\n|-status|p1a: Tauros|par\n|\n|upkeep\n|turn|8\n|\n|t:|1787342887\n|switch|p1a: Venusaur|Venusaur|100/100\n|move|p2a: Slowbro|Amnesia|p2a: Slowbro\n|-boost|p2a: Slowbro|spa|2\n|-boost|p2a: Slowbro|spd|2\n|\n|upkeep\n|turn|9\n|\n|t:|1787342907\n|switch|p2a: Chansey|Chansey|100/100\n|move|p1a: Venusaur|Razor Leaf|p2a: Chansey\n|-crit|p2a: Chansey\n|-damage|p2a: Chansey|83/100\n|\n|upkeep\n|turn|10\n|\n|t:|1787342925\n|switch|p1a: Alakazam|Alakazam|100/100\n|move|p2a: Chansey|Ice Beam|p1a: Alakazam\n|-crit|p1a: Alakazam\n|-damage|p1a: Alakazam|64/100\n|\n|upkeep\n|turn|11\n|inactive|LNumbers has 270 seconds left.\n|\n|t:|1787342955\n|switch|p2a: Rhydon|Rhydon|100/100\n|move|p1a: Alakazam|Thunder Wave|p2a: Rhydon\n|-immune|p2a: Rhydon\n|\n|upkeep\n|turn|12\n|\n|t:|1787342967\n|switch|p1a: Starmie|Starmie|100/100\n|move|p2a: Rhydon|Earthquake|p1a: Starmie\n|-damage|p1a: Starmie|48/100\n|\n|upkeep\n|turn|13\n|inactive|LNumbers has 240 seconds left.\n|\n|t:|1787343019\n|switch|p2a: Slowbro|Slowbro|53/100\n|move|p1a: Starmie|Surf|p2a: Slowbro\n|-resisted|p2a: Slowbro\n|-damage|p2a: Slowbro|36/100\n|\n|upkeep\n|turn|14\n|\n|t:|1787343027\n|switch|p2a: Chansey|Chansey|83/100\n|move|p1a: Starmie|Thunder Wave|p2a: Chansey\n|-status|p2a: Chansey|par\n|\n|upkeep\n|turn|15\n|inactive|Kaz has 270 seconds left.\n|\n|t:|1787343052\n|move|p1a: Starmie|Recover|p1a: Starmie\n|-heal|p1a: Starmie|98/100\n|move|p2a: Chansey|Thunderbolt|p1a: Starmie\n|-supereffective|p1a: Starmie\n|-damage|p1a: Starmie|53/100\n|\n|upkeep\n|turn|16\n|inactive|Kaz has 270 seconds left.\n|\n|t:|1787343060\n|switch|p1a: Snorlax|Snorlax|100/100\n|move|p2a: Chansey|Thunder Wave|p1a: Snorlax\n|-status|p1a: Snorlax|par\n|\n|upkeep\n|turn|17\n|inactive|LNumbers has 210 seconds left.\n|inactive|LNumbers has 180 seconds left.\n|\n|t:|1787343129\n|switch|p2a: Slowbro|Slowbro|36/100\n|move|p1a: Snorlax|Earthquake|p2a: Slowbro\n|-damage|p2a: Slowbro|16/100\n|\n|upkeep\n|turn|18\n|inactive|LNumbers has 180 seconds left.\n|inactive|LNumbers has 150 seconds left.\n|\n|t:|1787343191\n|move|p2a: Slowbro|Surf|p1a: Snorlax\n|-damage|p1a: Snorlax|76/100 par\n|move|p1a: Snorlax|Body Slam|p2a: Slowbro\n|-damage|p2a: Slowbro|0 fnt\n|faint|p2a: Slowbro\n|\n|t:|1787343195\n|switch|p2a: Exeggutor|Exeggutor|11/100\n|turn|19\n|inactive|LNumbers has 120 seconds left.\n|inactive|Kaz has 270 seconds left.\n|\n|t:|1787343226\n|move|p2a: Exeggutor|Explosion|p1a: Snorlax\n|-damage|p1a: Snorlax|10/100 par\n|faint|p2a: Exeggutor\n|\n|t:|1787343249\n|switch|p2a: Chansey|Chansey|83/100 par\n|turn|20\n|\n|t:|1787343260\n|switch|p1a: Tauros|Tauros|67/100 par\n|move|p2a: Chansey|Ice Beam|p1a: Tauros\n|-damage|p1a: Tauros|38/100 par\n|\n|upkeep\n|turn|21\n|\n|t:|1787343273\n|switch|p2a: Rhydon|Rhydon|100/100\n|move|p1a: Tauros|Rest|p1a: Tauros\n|-status|p1a: Tauros|slp|[from] move: Rest\n|-heal|p1a: Tauros|100/100 slp|[silent]\n|\n|upkeep\n|turn|22\n|\n|t:|1787343284\n|switch|p1a: Starmie|Starmie|53/100\n|move|p2a: Rhydon|Substitute|p2a: Rhydon\n|-start|p2a: Rhydon|Substitute\n|-damage|p2a: Rhydon|76/100\n|\n|upkeep\n|turn|23\n|\n|t:|1787343294\n|move|p1a: Starmie|Surf|p2a: Rhydon\n|-supereffective|p2a: Rhydon\n|-end|p2a: Rhydon|Substitute\n|move|p2a: Rhydon|Body Slam|p1a: Starmie\n|-damage|p1a: Starmie|26/100\n|-status|p1a: Starmie|par\n|\n|upkeep\n|turn|24\n|inactive|LNumbers has 90 seconds left.\n|inactive|LNumbers has 60 seconds left.\n|\n|t:|1787343359\n|switch|p2a: Chansey|Chansey|83/100 par\n|move|p1a: Starmie|Surf|p2a: Chansey\n|-crit|p2a: Chansey\n|-damage|p2a: Chansey|53/100 par\n|\n|upkeep\n|turn|25\n|\n|t:|1787343366\n|switch|p1a: Tauros|Tauros|100/100 slp\n|move|p2a: Chansey|Soft-Boiled|p2a: Chansey\n|-heal|p2a: Chansey|100/100 par\n|\n|upkeep\n|turn|26\n|\n|t:|1787343379\n|cant|p1a: Tauros|slp\n|move|p2a: Chansey|Ice Beam|p1a: Tauros\n|-damage|p1a: Tauros|72/100 slp\n|\n|upkeep\n|turn|27\n|\n|t:|1787343384\n|-curestatus|p1a: Tauros|slp|[msg]\n|move|p2a: Chansey|Thunder Wave|p1a: Tauros\n|-status|p1a: Tauros|par\n|\n|upkeep\n|turn|28\n|inactive|LNumbers has 60 seconds left.\n|inactive|LNumbers has 30 seconds left.\n|\n|t:|1787343444\n|switch|p2a: Rhydon|Rhydon|76/100\n|move|p1a: Tauros|Body Slam|p2a: Rhydon\n|-crit|p2a: Rhydon\n|-resisted|p2a: Rhydon\n|-damage|p2a: Rhydon|55/100\n|\n|upkeep\n|turn|29\n|inactive|LNumbers has 30 seconds left.\n|inactive|LNumbers has 20 seconds left.\n|\n|t:|1787343475\n|move|p2a: Rhydon|Earthquake|p1a: Tauros\n|-damage|p1a: Tauros|29/100 par\n|cant|p1a: Tauros|par\n|\n|upkeep\n|turn|30\n|inactive|LNumbers has 30 seconds left this turn.\n|inactive|Kaz has 270 seconds left.\n|\n|t:|1787343502\n|switch|p1a: Starmie|Starmie|26/100 par\n|move|p2a: Rhydon|Substitute|p2a: Rhydon\n|-start|p2a: Rhydon|Substitute\n|-damage|p2a: Rhydon|30/100\n|\n|upkeep\n|turn|31\n|\n|t:|1787343505\n|move|p2a: Rhydon|Earthquake|p1a: Starmie\n|-damage|p1a: Starmie|0 fnt\n|faint|p1a: Starmie\n|\n|t:|1787343507\n|switch|p1a: Venusaur|Venusaur|100/100\n|turn|32\n|\n|t:|1787343515\n|move|p1a: Venusaur|Razor Leaf|p2a: Rhydon\n|-crit|p2a: Rhydon\n|-supereffective|p2a: Rhydon\n|-end|p2a: Rhydon|Substitute\n|move|p2a: Rhydon|Body Slam|p1a: Venusaur\n|-damage|p1a: Venusaur|75/100\n|-status|p1a: Venusaur|par\n|\n|upkeep\n|turn|33\n|inactive|LNumbers has 30 seconds left.\n|inactive|LNumbers has 20 seconds left.\n|inactive|LNumbers has 15 seconds left.\n|inactive|LNumbers has 10 seconds left.\n|inactive|LNumbers has 5 seconds left.\n|\n|t:|1787343569\n|move|p2a: Rhydon|Substitute|p2a: Rhydon\n|-start|p2a: Rhydon|Substitute\n|-damage|p2a: Rhydon|5/100\n|move|p1a: Venusaur|Razor Leaf|p2a: Rhydon\n|-crit|p2a: Rhydon\n|-supereffective|p2a: Rhydon\n|-end|p2a: Rhydon|Substitute\n|\n|upkeep\n|turn|34\n|inactive|LNumbers has 15 seconds left this turn.\n|inactive|LNumbers has 10 seconds left.\n|inactive|LNumbers has 5 seconds left.\n|\n|t:|1787343584\n|move|p2a: Rhydon|Earthquake|p1a: Venusaur\n|-damage|p1a: Venusaur|29/100 par\n|cant|p1a: Venusaur|par\n|\n|upkeep\n|turn|35\n|inactive|LNumbers has 15 seconds left this turn.\n|\n|t:|1787343589\n|move|p2a: Rhydon|Earthquake|p1a: Venusaur\n|-damage|p1a: Venusaur|0 fnt\n|faint|p1a: Venusaur\n|\n|t:|1787343591\n|switch|p1a: Alakazam|Alakazam|64/100\n|turn|36\n|inactive|LNumbers has 30 seconds left this turn.\n|inactive|LNumbers has 20 seconds left.\n|inactive|LNumbers has 15 seconds left.\n|inactive|LNumbers has 10 seconds left.\n|\n|t:|1787343612\n|switch|p2a: Chansey|Chansey|100/100 par\n|move|p1a: Alakazam|Psychic|p2a: Chansey\n|-damage|p2a: Chansey|83/100 par\n|-unboost|p2a: Chansey|spa|1\n|-unboost|p2a: Chansey|spd|1\n|\n|upkeep\n|turn|37\n|inactive|LNumbers has 20 seconds left this turn.\n|inactive|LNumbers has 15 seconds left.\n|inactive|LNumbers has 10 seconds left.\n|inactive|LNumbers has 5 seconds left.\n|\n|t:|1787343635\n|move|p1a: Alakazam|Psychic|p2a: Chansey\n|-crit|p2a: Chansey\n|-damage|p2a: Chansey|50/100 par\n|-unboost|p2a: Chansey|spa|1\n|-unboost|p2a: Chansey|spd|1\n|cant|p2a: Chansey|par\n|\n|upkeep\n|turn|38\n|inactive|LNumbers has 15 seconds left this turn.\n|inactive|LNumbers has 10 seconds left.\n|inactive|LNumbers has 5 seconds left.\n|\n|t:|1787343645\n|switch|p1a: Tauros|Tauros|29/100 par\n|move|p2a: Chansey|Thunder Wave|p1a: Tauros\n|-fail|p1a: Tauros|par\n|\n|upkeep\n|turn|39\n|inactive|LNumbers has 15 seconds left this turn.\n|\n|t:|1787343653\n|switch|p2a: Starmie|Starmie|100/100 slp\n|move|p1a: Tauros|Rest|p1a: Tauros\n|-status|p1a: Tauros|slp|[from] move: Rest\n|-heal|p1a: Tauros|100/100 slp|[silent]\n|\n|upkeep\n|turn|40\n|inactive|LNumbers has 25 seconds left this turn.\n|inactive|LNumbers has 20 seconds left.\n|inactive|LNumbers has 15 seconds left.\n|inactive|LNumbers has 10 seconds left.\n|\n|t:|1787343668\n|switch|p2a: Chansey|Chansey|50/100 par\n|cant|p1a: Tauros|slp\n|\n|upkeep\n|turn|41\n|inactive|LNumbers has 20 seconds left this turn.\n|inactive|LNumbers has 15 seconds left.\n|\n|t:|1787343678\n|-curestatus|p1a: Tauros|slp|[msg]\n|move|p2a: Chansey|Thunder Wave|p1a: Tauros\n|-status|p1a: Tauros|par\n|\n|upkeep\n|turn|42\n|inactive|LNumbers has 25 seconds left this turn.\n|inactive|LNumbers has 20 seconds left.\n|inactive|LNumbers has 15 seconds left.\n|\n|t:|1787343689\n|switch|p2a: Starmie|Starmie|100/100 slp\n|move|p1a: Tauros|Body Slam|p2a: Starmie\n|-crit|p2a: Starmie\n|-damage|p2a: Starmie|30/100 slp\n|\n|upkeep\n|turn|43\n|inactive|LNumbers has 25 seconds left this turn.\n|inactive|LNumbers has 20 seconds left.\n|\n|t:|1787343698\n|cant|p2a: Starmie|slp\n|move|p1a: Tauros|Body Slam|p2a: Starmie\n|-crit|p2a: Starmie\n|-damage|p2a: Starmie|0 fnt\n|faint|p2a: Starmie\n|inactive|LNumbers has 25 seconds left this turn.\n|\n|t:|1787343700\n|switch|p2a: Snorlax|Snorlax|22/100\n|turn|44\n|\n|t:|1787343708\n|switch|p1a: Snorlax|Snorlax|10/100 par\n|move|p2a: Snorlax|Rest|p2a: Snorlax\n|-status|p2a: Snorlax|slp|[from] move: Rest\n|-heal|p2a: Snorlax|100/100 slp|[silent]\n|\n|upkeep\n|turn|45\n|\n|t:|1787343721\n|cant|p2a: Snorlax|slp\n|move|p1a: Snorlax|Self-Destruct|p2a: Snorlax\n|-damage|p2a: Snorlax|18/100 slp\n|faint|p1a: Snorlax\n|\n|t:|1787343741\n|switch|p1a: Alakazam|Alakazam|64/100\n|turn|46\n|inactive|LNumbers has 30 seconds left.\n|\n|t:|1787343768\n|switch|p2a: Chansey|Chansey|50/100 par\n|move|p1a: Alakazam|Psychic|p2a: Chansey\n|-damage|p2a: Chansey|31/100 par\n|-unboost|p2a: Chansey|spa|1\n|-unboost|p2a: Chansey|spd|1\n|\n|upkeep\n|turn|47\n|inactive|LNumbers has 30 seconds left.\n|inactive|LNumbers has 20 seconds left.\n|inactive|LNumbers has 15 seconds left.\n|inactive|LNumbers has 10 seconds left.\n|inactive|LNumbers has 5 seconds left.\n|\n|t:|1787343800\n|switch|p1a: Tauros|Tauros|100/100 par\n|move|p2a: Chansey|Soft-Boiled|p2a: Chansey\n|-heal|p2a: Chansey|81/100 par\n|\n|upkeep\n|turn|48\n|inactive|LNumbers has 15 seconds left this turn.\n|inactive|LNumbers has 10 seconds left.\n|inactive|LNumbers has 5 seconds left.\n|\n|t:|1787343813\n|switch|p2a: Snorlax|Snorlax|18/100 slp\n|move|p1a: Tauros|Body Slam|p2a: Snorlax\n|-damage|p2a: Snorlax|0 fnt\n|faint|p2a: Snorlax\n|inactive|LNumbers has 10 seconds left this turn.\n|\n|t:|1787343815\n|switch|p2a: Rhydon|Rhydon|5/100\n|turn|49\n|inactive|LNumbers has 20 seconds left this turn.\n|inactive|LNumbers has 15 seconds left.\n|\n|t:|1787343823\n|move|p2a: Rhydon|Earthquake|p1a: Tauros\n|-damage|p1a: Tauros|59/100 par\n|move|p1a: Tauros|Body Slam|p2a: Rhydon\n|-crit|p2a: Rhydon\n|-resisted|p2a: Rhydon\n|-damage|p2a: Rhydon|0 fnt\n|faint|p2a: Rhydon\n|inactive|LNumbers has 20 seconds left this turn.\n|\n|t:|1787343826\n|switch|p2a: Chansey|Chansey|81/100 par\n|turn|50\n|inactive|LNumbers has 30 seconds left this turn.\n|\n|t:|1787343855\n|move|p1a: Tauros|Body Slam|p2a: Chansey\n|-damage|p2a: Chansey|45/100 par\n|move|p2a: Chansey|Soft-Boiled|p2a: Chansey\n|-heal|p2a: Chansey|95/100 par\n|\n|upkeep\n|turn|51\n|\n|t:|1787343864\n|cant|p1a: Tauros|par\n|move|p2a: Chansey|Ice Beam|p1a: Tauros\n|-damage|p1a: Tauros|31/100 par\n|\n|upkeep\n|turn|52\n|\n|t:|1787343870\n|cant|p1a: Tauros|par\n|move|p2a: Chansey|Ice Beam|p1a: Tauros\n|-damage|p1a: Tauros|3/100 par\n|\n|upkeep\n|turn|53\n|\n|t:|1787343874\n|cant|p1a: Tauros|par\n|move|p2a: Chansey|Thunderbolt|p1a: Tauros\n|-damage|p1a: Tauros|0 fnt\n|faint|p1a: Tauros\n|\n|t:|1787343876\n|switch|p1a: Alakazam|Alakazam|64/100\n|turn|54\n|c|☆Kaz|gg\n|\n|t:|1787343885\n|move|p1a: Alakazam|Psychic|p2a: Chansey\n|-damage|p2a: Chansey|77/100 par\n|move|p2a: Chansey|Ice Beam|p1a: Alakazam\n|-damage|p1a: Alakazam|44/100\n|\n|upkeep\n|turn|55\n|\n|t:|1787343897\n|move|p1a: Alakazam|Psychic|p2a: Chansey\n|-damage|p2a: Chansey|58/100 par\n|-unboost|p2a: Chansey|spa|1\n|-unboost|p2a: Chansey|spd|1\n|move|p2a: Chansey|Soft-Boiled|p2a: Chansey\n|-heal|p2a: Chansey|100/100 par\n|\n|upkeep\n|turn|56\n|\n|t:|1787343907\n|move|p1a: Alakazam|Psychic|p2a: Chansey\n|-damage|p2a: Chansey|73/100 par\n|-unboost|p2a: Chansey|spa|1\n|-unboost|p2a: Chansey|spd|1\n|move|p2a: Chansey|Ice Beam|p1a: Alakazam\n|-crit|p1a: Alakazam\n|-damage|p1a: Alakazam|5/100\n|\n|upkeep\n|turn|57\n|\n|t:|1787343911\n|move|p1a: Alakazam|Recover|p1a: Alakazam\n|-heal|p1a: Alakazam|54/100\n|move|p2a: Chansey|Ice Beam|p1a: Alakazam\n|-crit|p1a: Alakazam\n|-damage|p1a: Alakazam|17/100\n|\n|upkeep\n|turn|58\n|\n|t:|1787343915\n|move|p1a: Alakazam|Recover|p1a: Alakazam\n|-heal|p1a: Alakazam|67/100\n|move|p2a: Chansey|Ice Beam|p1a: Alakazam\n|-damage|p1a: Alakazam|57/100\n|\n|upkeep\n|turn|59\n|\n|t:|1787343919\n|move|p1a: Alakazam|Psychic|p2a: Chansey\n|-damage|p2a: Chansey|36/100 par\n|move|p2a: Chansey|Soft-Boiled|p2a: Chansey\n|-heal|p2a: Chansey|86/100 par\n|\n|upkeep\n|turn|60\n|\n|t:|1787343925\n|move|p1a: Alakazam|Psychic|p2a: Chansey\n|-damage|p2a: Chansey|51/100 par\n|cant|p2a: Chansey|par\n|\n|upkeep\n|turn|61\n|\n|t:|1787343934\n|move|p1a: Alakazam|Psychic|p2a: Chansey\n|-damage|p2a: Chansey|16/100 par\n|cant|p2a: Chansey|par\n|\n|upkeep\n|turn|62\n|c|☆LNumbers|gg\n|\n|t:|1787343938\n|move|p1a: Alakazam|Psychic|p2a: Chansey\n|-damage|p2a: Chansey|0 fnt\n|faint|p2a: Chansey\n|\n|win|Kaz\n|c|☆LNumbers|/log LNumbers made the replay of this battle unlisted.\n|player|p2|\n|player|p1|\n","uploadtime":1787343938,"views":"70","formatid":"gen1ou","rating":null,"private":2,"password":null}