{"id":"smogtours-gen1ou-962750","format":"[Gen 1] OU","players":["Serpi n_n","oligen1"],"log":"|inactive|Battle timer is ON: inactive players will automatically lose when time's up.\n|t:|1786303912\n|gametype|singles\n|player|p1|Serpi n_n|#rbywc2023|\n|player|p2|oligen1|blue-gen1rbtwo|\n|gen|1\n|tier|[Gen 1] OU\n|rule|Desync Clause Mod: Desyncs resolve to link battle behavior from the acting player's perspective.\n|rule|HP Percentage Mod: HP is shown in percentages\n|rule|Endless Battle Clause: Forcing endless battles is banned\n|rule|Sleep Clause Mod: Limit one foe put to sleep\n|rule|Freeze Clause Mod: Limit one foe frozen\n|rule|Species Clause: Limit one of each Pokémon\n|rule|OHKO Clause: OHKO moves are banned\n|rule|Evasion Moves Clause: Evasion moves are banned\n|\n|t:|1786303912\n|teamsize|p1|6\n|teamsize|p2|6\n|start\n|switch|p1a: Jynx|Jynx|100/100\n|switch|p2a: Alakazam|Alakazam|100/100\n|turn|1\n|inactive|oligen1 also wants the timer to be on.\n|c|☆oligen1|Enjoy :-)\n|inactive|Serpi n_n has 270 seconds left.\n|c|☆Serpi n_n|hf\n|\n|t:|1786303965\n|move|p2a: Alakazam|Thunder Wave|p1a: Jynx\n|-status|p1a: Jynx|par\n|move|p1a: Jynx|Lovely Kiss|p2a: Alakazam\n|-status|p2a: Alakazam|slp|[from] move: Lovely Kiss\n|\n|upkeep\n|turn|2\n|inactive|Serpi n_n has 270 seconds left.\n|\n|t:|1786304003\n|switch|p2a: Chansey|Chansey|100/100\n|move|p1a: Jynx|Blizzard|p2a: Chansey\n|-damage|p2a: Chansey|82/100\n|\n|upkeep\n|turn|3\n|inactive|Serpi n_n has 270 seconds left.\n|\n|t:|1786304014\n|move|p2a: Chansey|Thunderbolt|p1a: Jynx\n|-damage|p1a: Jynx|78/100 par\n|move|p1a: Jynx|Blizzard|p2a: Chansey\n|-damage|p2a: Chansey|63/100\n|\n|upkeep\n|turn|4\n|inactive|Serpi n_n has 270 seconds left.\n|\n|t:|1786304029\n|move|p2a: Chansey|Thunderbolt|p1a: Jynx\n|-damage|p1a: Jynx|56/100 par\n|move|p1a: Jynx|Blizzard|p2a: Chansey\n|-damage|p2a: Chansey|43/100\n|\n|upkeep\n|turn|5\n|\n|t:|1786304035\n|move|p2a: Chansey|Soft-Boiled|p2a: Chansey\n|-heal|p2a: Chansey|93/100\n|move|p1a: Jynx|Blizzard|p2a: Chansey\n|-damage|p2a: Chansey|73/100\n|\n|upkeep\n|turn|6\n|\n|t:|1786304046\n|move|p2a: Chansey|Thunderbolt|p1a: Jynx\n|-damage|p1a: Jynx|30/100 par\n|cant|p1a: Jynx|par\n|\n|upkeep\n|turn|7\n|\n|t:|1786304063\n|move|p2a: Chansey|Soft-Boiled|p2a: Chansey\n|-heal|p2a: Chansey|100/100\n|move|p1a: Jynx|Rest|p1a: Jynx\n|-status|p1a: Jynx|slp|[from] move: Rest\n|-heal|p1a: Jynx|100/100 slp|[silent]\n|\n|upkeep\n|turn|8\n|inactive|Serpi n_n has 270 seconds left.\n|\n|t:|1786304087\n|move|p2a: Chansey|Thunderbolt|p1a: Jynx\n|-crit|p1a: Jynx\n|-damage|p1a: Jynx|50/100 slp\n|cant|p1a: Jynx|slp\n|\n|upkeep\n|turn|9\n|inactive|Serpi n_n has 270 seconds left.\n|\n|t:|1786304095\n|move|p2a: Chansey|Thunderbolt|p1a: Jynx\n|-damage|p1a: Jynx|26/100 slp\n|-curestatus|p1a: Jynx|slp|[msg]\n|\n|upkeep\n|turn|10\n|inactive|Serpi n_n has 270 seconds left.\n|\n|t:|1786304110\n|switch|p1a: Exeggutor|Exeggutor|100/100\n|move|p2a: Chansey|Thunderbolt|p1a: Exeggutor\n|-resisted|p1a: Exeggutor\n|-damage|p1a: Exeggutor|93/100\n|\n|upkeep\n|turn|11\n|inactive|Serpi n_n has 270 seconds left.\n|\n|t:|1786304126\n|switch|p2a: Exeggutor|Exeggutor|100/100\n|move|p1a: Exeggutor|Stun Spore|p2a: Exeggutor\n|-status|p2a: Exeggutor|par\n|\n|upkeep\n|turn|12\n|inactive|Serpi n_n has 270 seconds left.\n|\n|t:|1786304139\n|move|p1a: Exeggutor|Psychic|p2a: Exeggutor\n|-crit|p2a: Exeggutor\n|-resisted|p2a: Exeggutor\n|-damage|p2a: Exeggutor|73/100 par\n|move|p2a: Exeggutor|Hyper Beam|p1a: Exeggutor\n|-damage|p1a: Exeggutor|62/100\n|-mustrecharge|p2a: Exeggutor\n|\n|upkeep\n|turn|13\n|inactive|Serpi n_n has 270 seconds left.\n|inactive|Serpi n_n has 240 seconds left.\n|\n|t:|1786304183\n|move|p1a: Exeggutor|Explosion|p2a: Exeggutor\n|-damage|p2a: Exeggutor|0 fnt\n|faint|p2a: Exeggutor\n|faint|p1a: Exeggutor\n|\n|t:|1786304200\n|switch|p1a: Starmie|Starmie|100/100\n|switch|p2a: Victreebel|Victreebel|100/100\n|turn|14\n|\n|t:|1786304216\n|switch|p2a: Chansey|Chansey|100/100\n|move|p1a: Starmie|Thunder Wave|p2a: Chansey\n|-status|p2a: Chansey|par\n|\n|upkeep\n|turn|15\n|inactive|Serpi n_n has 210 seconds left.\n|inactive|Serpi n_n has 180 seconds left.\n|inactive|Serpi n_n has 150 seconds left.\n|\n|t:|1786304304\n|switch|p1a: Snorlax|Snorlax|100/100\n|move|p2a: Chansey|Ice Beam|p1a: Snorlax\n|-damage|p1a: Snorlax|81/100\n|\n|upkeep\n|turn|16\n|\n|t:|1786304311\n|switch|p2a: Snorlax|Snorlax|100/100\n|move|p1a: Snorlax|Earthquake|p2a: Snorlax\n|-damage|p2a: Snorlax|81/100\n|\n|upkeep\n|turn|17\n|\n|t:|1786304321\n|move|p2a: Snorlax|Reflect|p2a: Snorlax\n|-start|p2a: Snorlax|Reflect\n|move|p1a: Snorlax|Reflect|p1a: Snorlax\n|-start|p1a: Snorlax|Reflect\n|\n|upkeep\n|turn|18\n|\n|t:|1786304326\n|move|p2a: Snorlax|Body Slam|p1a: Snorlax\n|-damage|p1a: Snorlax|68/100\n|move|p1a: Snorlax|Body Slam|p2a: Snorlax\n|-damage|p2a: Snorlax|68/100\n|\n|upkeep\n|turn|19\n|\n|t:|1786304333\n|move|p2a: Snorlax|Body Slam|p1a: Snorlax\n|-damage|p1a: Snorlax|53/100\n|move|p1a: Snorlax|Body Slam|p2a: Snorlax\n|-damage|p2a: Snorlax|53/100\n|\n|upkeep\n|turn|20\n|inactive|Serpi n_n has 180 seconds left.\n|\n|t:|1786304340\n|move|p2a: Snorlax|Rest|p2a: Snorlax\n|-status|p2a: Snorlax|slp|[from] move: Rest\n|-heal|p2a: Snorlax|100/100 slp|[silent]\n|move|p1a: Snorlax|Body Slam|p2a: Snorlax\n|-damage|p2a: Snorlax|87/100 slp\n|\n|upkeep\n|turn|21\n|\n|t:|1786304349\n|switch|p1a: Jynx|Jynx|26/100\n|cant|p2a: Snorlax|slp\n|\n|upkeep\n|turn|22\n|inactive|Serpi n_n has 180 seconds left.\n|\n|t:|1786304371\n|switch|p2a: Chansey|Chansey|100/100 par\n|move|p1a: Jynx|Blizzard|p2a: Chansey\n|-damage|p2a: Chansey|82/100 par\n|\n|upkeep\n|turn|23\n|inactive|Serpi n_n has 180 seconds left.\n|\n|t:|1786304389\n|switch|p1a: Rhydon|Rhydon|100/100\n|move|p2a: Chansey|Thunder Wave|p1a: Rhydon\n|-immune|p1a: Rhydon\n|\n|upkeep\n|turn|24\n|inactive|Serpi n_n has 180 seconds left.\n|\n|t:|1786304398\n|move|p1a: Rhydon|Earthquake|p2a: Chansey\n|-damage|p2a: Chansey|29/100 par\n|move|p2a: Chansey|Ice Beam|p1a: Rhydon\n|-crit|p1a: Rhydon\n|-supereffective|p1a: Rhydon\n|-damage|p1a: Rhydon|0 fnt\n|faint|p1a: Rhydon\n|inactive|Serpi n_n has 180 seconds left.\n|\n|t:|1786304407\n|switch|p1a: Tauros|Tauros|100/100\n|turn|25\n|\n|t:|1786304418\n|switch|p2a: Alakazam|Alakazam|100/100 slp\n|move|p1a: Tauros|Body Slam|p2a: Alakazam\n|-crit|p2a: Alakazam\n|-damage|p2a: Alakazam|0 fnt\n|faint|p2a: Alakazam\n|\n|t:|1786304425\n|switch|p2a: Victreebel|Victreebel|100/100\n|turn|26\n|\n|t:|1786304434\n|move|p1a: Tauros|Blizzard|p2a: Victreebel\n|-crit|p2a: Victreebel\n|-supereffective|p2a: Victreebel\n|-damage|p2a: Victreebel|24/100\n|move|p2a: Victreebel|Sleep Powder|p1a: Tauros\n|-status|p1a: Tauros|slp|[from] move: Sleep Powder\n|\n|upkeep\n|turn|27\n|\n|t:|1786304452\n|cant|p1a: Tauros|slp\n|move|p2a: Victreebel|Razor Leaf|p1a: Tauros\n|-crit|p1a: Tauros\n|-damage|p1a: Tauros|56/100 slp\n|\n|upkeep\n|turn|28\n|\n|t:|1786304465\n|switch|p2a: Chansey|Chansey|29/100 par\n|cant|p1a: Tauros|slp\n|\n|upkeep\n|turn|29\n|\n|t:|1786304489\n|cant|p1a: Tauros|slp\n|move|p2a: Chansey|Thunder Wave|p1a: Tauros\n|-fail|p1a: Tauros\n|\n|upkeep\n|turn|30\n|\n|t:|1786304501\n|cant|p1a: Tauros|slp\n|move|p2a: Chansey|Soft-Boiled|p2a: Chansey\n|-heal|p2a: Chansey|78/100 par\n|\n|upkeep\n|turn|31\n|inactive|Serpi n_n has 180 seconds left.\n|\n|t:|1786304527\n|switch|p1a: Snorlax|Snorlax|53/100\n|switch|p2a: Snorlax|Snorlax|87/100 slp\n|\n|upkeep\n|turn|32\n|inactive|Serpi n_n has 180 seconds left.\n|inactive|Serpi n_n has 150 seconds left.\n|\n|t:|1786304572\n|-curestatus|p2a: Snorlax|slp|[msg]\n|move|p1a: Snorlax|Reflect|p1a: Snorlax\n|-start|p1a: Snorlax|Reflect\n|\n|upkeep\n|turn|33\n|\n|t:|1786304579\n|move|p1a: Snorlax|Body Slam|p2a: Snorlax\n|-damage|p2a: Snorlax|62/100\n|move|p2a: Snorlax|Reflect|p2a: Snorlax\n|-start|p2a: Snorlax|Reflect\n|\n|upkeep\n|turn|34\n|inactive|Serpi n_n has 150 seconds left.\n|\n|t:|1786304600\n|move|p2a: Snorlax|Rest|p2a: Snorlax\n|-status|p2a: Snorlax|slp|[from] move: Rest\n|-heal|p2a: Snorlax|100/100 slp|[silent]\n|move|p1a: Snorlax|Rest|p1a: Snorlax\n|-status|p1a: Snorlax|slp|[from] move: Rest\n|-heal|p1a: Snorlax|100/100 slp|[silent]\n|\n|upkeep\n|turn|35\n|\n|t:|1786304607\n|cant|p1a: Snorlax|slp\n|cant|p2a: Snorlax|slp\n|\n|upkeep\n|turn|36\n|\n|t:|1786304611\n|-curestatus|p1a: Snorlax|slp|[msg]\n|-curestatus|p2a: Snorlax|slp|[msg]\n|\n|upkeep\n|turn|37\n|\n|t:|1786304616\n|move|p1a: Snorlax|Body Slam|p2a: Snorlax\n|-damage|p2a: Snorlax|87/100\n|move|p2a: Snorlax|Body Slam|p1a: Snorlax\n|-damage|p1a: Snorlax|88/100\n|\n|upkeep\n|turn|38\n|\n|t:|1786304624\n|move|p2a: Snorlax|Body Slam|p1a: Snorlax\n|-damage|p1a: Snorlax|74/100\n|move|p1a: Snorlax|Earthquake|p2a: Snorlax\n|-crit|p2a: Snorlax\n|-damage|p2a: Snorlax|44/100\n|\n|upkeep\n|turn|39\n|\n|t:|1786304634\n|move|p2a: Snorlax|Body Slam|p1a: Snorlax\n|-damage|p1a: Snorlax|62/100\n|move|p1a: Snorlax|Body Slam|p2a: Snorlax\n|-damage|p2a: Snorlax|30/100\n|\n|upkeep\n|turn|40\n|\n|t:|1786304642\n|move|p1a: Snorlax|Earthquake|p2a: Snorlax\n|-damage|p2a: Snorlax|20/100\n|move|p2a: Snorlax|Body Slam|p1a: Snorlax\n|-damage|p1a: Snorlax|48/100\n|\n|upkeep\n|turn|41\n|\n|t:|1786304655\n|switch|p1a: Jynx|Jynx|26/100\n|move|p2a: Snorlax|Rest|p2a: Snorlax\n|-status|p2a: Snorlax|slp|[from] move: Rest\n|-heal|p2a: Snorlax|100/100 slp|[silent]\n|\n|upkeep\n|turn|42\n|\n|t:|1786304674\n|move|p1a: Jynx|Blizzard|p2a: Snorlax\n|-crit|p2a: Snorlax\n|-damage|p2a: Snorlax|37/100 slp\n|cant|p2a: Snorlax|slp\n|\n|upkeep\n|turn|43\n|\n|t:|1786304691\n|move|p1a: Jynx|Psychic|p2a: Snorlax\n|-damage|p2a: Snorlax|13/100 slp\n|-curestatus|p2a: Snorlax|slp|[msg]\n|\n|upkeep\n|turn|44\n|\n|t:|1786304701\n|switch|p2a: Victreebel|Victreebel|24/100\n|move|p1a: Jynx|Psychic|p2a: Victreebel\n|-supereffective|p2a: Victreebel\n|-damage|p2a: Victreebel|0 fnt\n|faint|p2a: Victreebel\n|\n|t:|1786304706\n|switch|p2a: Tauros|Tauros|100/100\n|turn|45\n|inactive|Serpi n_n has 180 seconds left.\n|inactive|Serpi n_n has 150 seconds left.\n|inactive|Serpi n_n has 120 seconds left.\n|inactive|Serpi n_n has 90 seconds left.\n|\n|t:|1786304822\n|switch|p1a: Starmie|Starmie|100/100\n|move|p2a: Tauros|Body Slam|p1a: Starmie\n|-damage|p1a: Starmie|67/100\n|-status|p1a: Starmie|par\n|\n|upkeep\n|turn|46\n|inactive|Serpi n_n has 90 seconds left.\n|\n|t:|1786304839\n|switch|p2a: Chansey|Chansey|78/100 par\n|switch|p1a: Snorlax|Snorlax|48/100\n|\n|upkeep\n|turn|47\n|inactive|Serpi n_n has 90 seconds left.\n|inactive|Serpi n_n has 60 seconds left.\n|\n|t:|1786304883\n|switch|p2a: Tauros|Tauros|100/100\n|move|p1a: Snorlax|Body Slam|p2a: Tauros\n|-damage|p2a: Tauros|67/100\n|\n|upkeep\n|turn|48\n|inactive|Serpi n_n has 60 seconds left.\n|\n|t:|1786304915\n|switch|p1a: Tauros|Tauros|56/100 slp\n|move|p2a: Tauros|Body Slam|p1a: Tauros\n|-damage|p1a: Tauros|25/100 slp\n|\n|upkeep\n|turn|49\n|\n|t:|1786304920\n|cant|p1a: Tauros|slp\n|move|p2a: Tauros|Body Slam|p1a: Tauros\n|-damage|p1a: Tauros|0 fnt\n|faint|p1a: Tauros\n|\n|t:|1786304923\n|switch|p1a: Starmie|Starmie|67/100 par\n|turn|50\n|\n|t:|1786304938\n|switch|p2a: Snorlax|Snorlax|13/100\n|switch|p1a: Snorlax|Snorlax|48/100\n|\n|upkeep\n|turn|51\n|inactive|Serpi n_n has 30 seconds left.\n|inactive|Serpi n_n has 20 seconds left.\n|inactive|Serpi n_n has 15 seconds left.\n|inactive|Serpi n_n has 10 seconds left.\n|\n|t:|1786304992\n|switch|p1a: Jynx|Jynx|26/100\n|move|p2a: Snorlax|Self-Destruct|p1a: Jynx\n|-damage|p1a: Jynx|0 fnt\n|faint|p1a: Jynx\n|faint|p2a: Snorlax\n|inactive|Serpi n_n has 15 seconds left this turn.\n|inactive|Serpi n_n has 10 seconds left.\n|\n|t:|1786305003\n|switch|p1a: Starmie|Starmie|67/100 par\n|switch|p2a: Chansey|Chansey|78/100 par\n|turn|52\n|inactive|Serpi n_n has 20 seconds left this turn.\n|inactive|Serpi n_n has 15 seconds left.\n|inactive|Serpi n_n has 10 seconds left.\n|\n|t:|1786305017\n|cant|p1a: Starmie|par\n|move|p2a: Chansey|Thunderbolt|p1a: Starmie\n|-supereffective|p1a: Starmie\n|-damage|p1a: Starmie|19/100 par\n|\n|upkeep\n|turn|53\n|inactive|Serpi n_n has 20 seconds left this turn.\n|inactive|Serpi n_n has 15 seconds left.\n|\n|t:|1786305031\n|move|p1a: Starmie|Recover|p1a: Starmie\n|-heal|p1a: Starmie|69/100 par\n|cant|p2a: Chansey|par\n|\n|upkeep\n|turn|54\n|inactive|Serpi n_n has 25 seconds left this turn.\n|inactive|Serpi n_n has 20 seconds left.\n|\n|t:|1786305038\n|move|p1a: Starmie|Recover|p1a: Starmie\n|-heal|p1a: Starmie|100/100 par\n|cant|p2a: Chansey|par\n|\n|upkeep\n|turn|55\n|inactive|Serpi n_n has 30 seconds left this turn.\n|\n|t:|1786305046\n|switch|p1a: Snorlax|Snorlax|48/100\n|move|p2a: Chansey|Thunderbolt|p1a: Snorlax\n|-damage|p1a: Snorlax|31/100\n|\n|upkeep\n|turn|56\n|inactive|Serpi n_n has 30 seconds left.\n|\n|t:|1786305052\n|switch|p2a: Tauros|Tauros|67/100\n|move|p1a: Snorlax|Reflect|p1a: Snorlax\n|-start|p1a: Snorlax|Reflect\n|\n|upkeep\n|turn|57\n|\n|t:|1786305063\n|move|p2a: Tauros|Body Slam|p1a: Snorlax\n|-damage|p1a: Snorlax|18/100\n|move|p1a: Snorlax|Rest|p1a: Snorlax\n|-status|p1a: Snorlax|slp|[from] move: Rest\n|-heal|p1a: Snorlax|100/100 slp|[silent]\n|\n|upkeep\n|turn|58\n|\n|t:|1786305070\n|move|p2a: Tauros|Body Slam|p1a: Snorlax\n|-crit|p1a: Snorlax\n|-damage|p1a: Snorlax|55/100 slp\n|cant|p1a: Snorlax|slp\n|\n|upkeep\n|turn|59\n|\n|t:|1786305075\n|move|p2a: Tauros|Body Slam|p1a: Snorlax\n|-damage|p1a: Snorlax|41/100 slp\n|-curestatus|p1a: Snorlax|slp|[msg]\n|\n|upkeep\n|turn|60\n|\n|t:|1786305079\n|move|p2a: Tauros|Body Slam|p1a: Snorlax\n|-damage|p1a: Snorlax|28/100\n|move|p1a: Snorlax|Rest|p1a: Snorlax\n|-status|p1a: Snorlax|slp|[from] move: Rest\n|-heal|p1a: Snorlax|100/100 slp|[silent]\n|\n|upkeep\n|turn|61\n|\n|t:|1786305086\n|move|p2a: Tauros|Body Slam|p1a: Snorlax\n|-damage|p1a: Snorlax|88/100 slp\n|cant|p1a: Snorlax|slp\n|\n|upkeep\n|turn|62\n|\n|t:|1786305090\n|move|p2a: Tauros|Body Slam|p1a: Snorlax\n|-crit|p1a: Snorlax\n|-damage|p1a: Snorlax|40/100 slp\n|-curestatus|p1a: Snorlax|slp|[msg]\n|\n|upkeep\n|turn|63\n|\n|t:|1786305095\n|move|p2a: Tauros|Body Slam|p1a: Snorlax\n|-damage|p1a: Snorlax|26/100\n|move|p1a: Snorlax|Rest|p1a: Snorlax\n|-status|p1a: Snorlax|slp|[from] move: Rest\n|-heal|p1a: Snorlax|100/100 slp|[silent]\n|\n|upkeep\n|turn|64\n|\n|t:|1786305102\n|move|p2a: Tauros|Body Slam|p1a: Snorlax\n|-damage|p1a: Snorlax|88/100 slp\n|cant|p1a: Snorlax|slp\n|\n|upkeep\n|turn|65\n|\n|t:|1786305107\n|move|p2a: Tauros|Body Slam|p1a: Snorlax\n|-damage|p1a: Snorlax|75/100 slp\n|-curestatus|p1a: Snorlax|slp|[msg]\n|\n|upkeep\n|turn|66\n|inactive|Serpi n_n has 120 seconds left.\n|\n|t:|1786305112\n|move|p2a: Tauros|Blizzard|p1a: Snorlax\n|-damage|p1a: Snorlax|55/100\n|-status|p1a: Snorlax|frz\n|cant|p1a: Snorlax|frz\n|\n|upkeep\n|turn|67\n|\n|t:|1786305120\n|move|p2a: Tauros|Body Slam|p1a: Snorlax\n|-damage|p1a: Snorlax|43/100 frz\n|cant|p1a: Snorlax|frz\n|\n|upkeep\n|turn|68\n|\n|t:|1786305125\n|move|p2a: Tauros|Body Slam|p1a: Snorlax\n|-damage|p1a: Snorlax|31/100 frz\n|cant|p1a: Snorlax|frz\n|\n|upkeep\n|turn|69\n|\n|t:|1786305130\n|move|p2a: Tauros|Body Slam|p1a: Snorlax\n|-damage|p1a: Snorlax|18/100 frz\n|cant|p1a: Snorlax|frz\n|\n|upkeep\n|turn|70\n|\n|t:|1786305135\n|move|p2a: Tauros|Earthquake|p1a: Snorlax\n|-damage|p1a: Snorlax|9/100 frz\n|cant|p1a: Snorlax|frz\n|\n|upkeep\n|turn|71\n|\n|t:|1786305140\n|switch|p1a: Starmie|Starmie|100/100 par\n|move|p2a: Tauros|Earthquake|p1a: Starmie\n|-damage|p1a: Starmie|74/100 par\n|\n|upkeep\n|turn|72\n|\n|t:|1786305148\n|switch|p2a: Chansey|Chansey|78/100 par\n|cant|p1a: Starmie|par\n|\n|upkeep\n|turn|73\n|\n|t:|1786305153\n|move|p1a: Starmie|Surf|p2a: Chansey\n|-crit|p2a: Chansey\n|-damage|p2a: Chansey|49/100 par\n|move|p2a: Chansey|Thunderbolt|p1a: Starmie\n|-supereffective|p1a: Starmie\n|-damage|p1a: Starmie|25/100 par\n|\n|upkeep\n|turn|74\n|\n|t:|1786305159\n|move|p1a: Starmie|Recover|p1a: Starmie\n|-heal|p1a: Starmie|74/100 par\n|move|p2a: Chansey|Soft-Boiled|p2a: Chansey\n|-heal|p2a: Chansey|99/100 par\n|\n|upkeep\n|turn|75\n|\n|t:|1786305164\n|cant|p1a: Starmie|par\n|cant|p2a: Chansey|par\n|\n|upkeep\n|turn|76\n|\n|t:|1786305168\n|cant|p1a: Starmie|par\n|cant|p2a: Chansey|par\n|\n|upkeep\n|turn|77\n|\n|t:|1786305172\n|move|p1a: Starmie|Surf|p2a: Chansey\n|-crit|p2a: Chansey\n|-damage|p2a: Chansey|71/100 par\n|move|p2a: Chansey|Thunderbolt|p1a: Starmie\n|-supereffective|p1a: Starmie\n|-damage|p1a: Starmie|24/100 par\n|\n|upkeep\n|turn|78\n|\n|t:|1786305178\n|move|p1a: Starmie|Recover|p1a: Starmie\n|-heal|p1a: Starmie|74/100 par\n|move|p2a: Chansey|Thunderbolt|p1a: Starmie\n|-supereffective|p1a: Starmie\n|-damage|p1a: Starmie|23/100 par\n|\n|upkeep\n|turn|79\n|\n|t:|1786305185\n|cant|p1a: Starmie|par\n|move|p2a: Chansey|Thunderbolt|p1a: Starmie\n|-supereffective|p1a: Starmie\n|-damage|p1a: Starmie|0 fnt\n|faint|p1a: Starmie\n|c|☆Serpi n_n|gg\n|-message|Serpi n_n forfeited.\n|\n|win|oligen1\n|c|☆oligen1|gg wp\n|player|p1|\n","uploadtime":1786305189,"views":"131","formatid":"gen1ou","rating":null,"private":0,"password":null}