{"id":"smogtours-gen1ou-818449","format":"[Gen 1] OU","players":["Kaz","chuva de perereca"],"log":"|inactive|Battle timer is ON: inactive players will automatically lose when time's up.\n|t:|1738967680\n|gametype|singles\n|player|p1|Kaz|red|\n|player|p2|chuva de perereca|lyra|\n|teamsize|p1|6\n|teamsize|p2|6\n|gen|1\n|tier|[Gen 1] OU\n|rule|Desync Clause Mod: Desyncs changed to move failure.\n|rule|Sleep Clause Mod: Limit one foe put to sleep\n|rule|Freeze Clause Mod: Limit one foe frozen\n|rule|Species Clause: Limit one of each Pokémon\n|rule|OHKO Clause: OHKO moves are banned\n|rule|Evasion Moves Clause: Evasion moves are banned\n|rule|Endless Battle Clause: Forcing endless battles is banned\n|rule|HP Percentage Mod: HP is shown in percentages\n|\n|t:|1738967680\n|start\n|switch|p1a: Gengar|Gengar|100/100\n|switch|p2a: Jynx|Jynx|100/100\n|turn|1\n|c|☆chuva de perereca|hf\n|c|☆Kaz|hf\n|\n|t:|1738967696\n|move|p1a: Gengar|Hypnosis|p2a: Jynx\n|-status|p2a: Jynx|slp|[from] move: Hypnosis\n|cant|p2a: Jynx|slp\n|\n|upkeep\n|turn|2\n|\n|t:|1738967705\n|switch|p2a: Alakazam|Alakazam|100/100\n|move|p1a: Gengar|Night Shade|p2a: Alakazam\n|-damage|p2a: Alakazam|69/100\n|\n|upkeep\n|turn|3\n|\n|t:|1738967720\n|switch|p1a: Chansey|Chansey|100/100\n|move|p2a: Alakazam|Thunder Wave|p1a: Chansey\n|-status|p1a: Chansey|par\n|\n|upkeep\n|turn|4\n|\n|t:|1738967733\n|move|p2a: Alakazam|Psychic|p1a: Chansey\n|-damage|p1a: Chansey|82/100 par\n|cant|p1a: Chansey|par\n|\n|upkeep\n|turn|5\n|\n|t:|1738967738\n|switch|p2a: Rhydon|Rhydon|100/100\n|move|p1a: Chansey|Thunder Wave|p2a: Rhydon\n|-immune|p2a: Rhydon\n|\n|upkeep\n|turn|6\n|rated|Smogon Premier League\n|inactive|Kaz has 270 seconds left.\n|\n|t:|1738967789\n|switch|p1a: Exeggutor|Exeggutor|100/100\n|move|p2a: Rhydon|Rock Slide|p1a: Exeggutor|[miss]\n|-miss|p2a: Rhydon\n|\n|upkeep\n|turn|7\n|inactive|Kaz has 240 seconds left.\n|\n|t:|1738967829\n|switch|p2a: Jynx|Jynx|100/100 slp\n|move|p1a: Exeggutor|Psychic|p2a: Jynx\n|-resisted|p2a: Jynx\n|-damage|p2a: Jynx|80/100 slp\n|\n|upkeep\n|turn|8\n|\n|t:|1738967838\n|-curestatus|p2a: Jynx|slp|[msg]\n|move|p1a: Exeggutor|Psychic|p2a: Jynx\n|-resisted|p2a: Jynx\n|-damage|p2a: Jynx|62/100\n|\n|upkeep\n|turn|9\n|\n|t:|1738967842\n|switch|p1a: Chansey|Chansey|82/100 par\n|move|p2a: Jynx|Blizzard|p1a: Chansey|[miss]\n|-miss|p2a: Jynx\n|\n|upkeep\n|turn|10\n|inactive|Kaz has 240 seconds left.\n|\n|t:|1738967854\n|switch|p2a: Snorlax|Snorlax|100/100\n|cant|p1a: Chansey|par\n|\n|upkeep\n|turn|11\n|\n|t:|1738967860\n|switch|p2a: Alakazam|Alakazam|69/100\n|switch|p1a: Gengar|Gengar|100/100\n|\n|upkeep\n|turn|12\n|\n|t:|1738967866\n|switch|p1a: Chansey|Chansey|82/100 par\n|move|p2a: Alakazam|Psychic|p1a: Chansey\n|-damage|p1a: Chansey|64/100 par\n|-unboost|p1a: Chansey|spa|1\n|-unboost|p1a: Chansey|spd|1\n|\n|upkeep\n|turn|13\n|\n|t:|1738967869\n|move|p2a: Alakazam|Psychic|p1a: Chansey\n|-crit|p1a: Chansey\n|-damage|p1a: Chansey|31/100 par\n|move|p1a: Chansey|Soft-Boiled|p1a: Chansey\n|-heal|p1a: Chansey|81/100 par\n|\n|upkeep\n|turn|14\n|\n|t:|1738967875\n|move|p2a: Alakazam|Thunder Wave|p1a: Chansey\n|-fail|p1a: Chansey|par\n|move|p1a: Chansey|Soft-Boiled|p1a: Chansey\n|-heal|p1a: Chansey|100/100 par\n|\n|upkeep\n|turn|15\n|inactive|Kaz has 270 seconds left.\n|\n|t:|1738967891\n|switch|p1a: Exeggutor|Exeggutor|100/100\n|move|p2a: Alakazam|Psychic|p1a: Exeggutor\n|-crit|p1a: Exeggutor\n|-resisted|p1a: Exeggutor\n|-damage|p1a: Exeggutor|72/100\n|-unboost|p1a: Exeggutor|spa|1\n|-unboost|p1a: Exeggutor|spd|1\n|\n|upkeep\n|turn|16\n|\n|t:|1738967896\n|move|p2a: Alakazam|Thunder Wave|p1a: Exeggutor\n|-status|p1a: Exeggutor|par\n|move|p1a: Exeggutor|Sleep Powder|p2a: Alakazam|[miss]\n|-miss|p1a: Exeggutor\n|\n|upkeep\n|turn|17\n|\n|t:|1738967908\n|switch|p2a: Jynx|Jynx|62/100\n|move|p1a: Exeggutor|Sleep Powder|p2a: Jynx\n|-status|p2a: Jynx|slp|[from] move: Sleep Powder\n|\n|upkeep\n|turn|18\n|\n|t:|1738967919\n|switch|p2a: Snorlax|Snorlax|100/100\n|switch|p1a: Snorlax|Snorlax|100/100\n|\n|upkeep\n|turn|19\n|\n|t:|1738967924\n|switch|p1a: Gengar|Gengar|100/100\n|move|p2a: Snorlax|Body Slam|p1a: Gengar\n|-immune|p1a: Gengar\n|\n|upkeep\n|turn|20\n|\n|t:|1738967932\n|switch|p2a: Rhydon|Rhydon|100/100\n|move|p1a: Gengar|Night Shade|p2a: Rhydon\n|-damage|p2a: Rhydon|76/100\n|\n|upkeep\n|turn|21\n|inactive|Kaz has 270 seconds left.\n|\n|t:|1738967981\n|switch|p1a: Starmie|Starmie|100/100\n|move|p2a: Rhydon|Earthquake|p1a: Starmie\n|-crit|p1a: Starmie\n|-damage|p1a: Starmie|0 fnt\n|faint|p1a: Starmie\n|inactive|Kaz has 240 seconds left.\n|\n|t:|1738968019\n|switch|p1a: Tauros|Tauros|100/100\n|turn|22\n|\n|t:|1738968025\n|switch|p2a: Snorlax|Snorlax|100/100\n|move|p1a: Tauros|Blizzard|p2a: Snorlax\n|-damage|p2a: Snorlax|83/100\n|\n|upkeep\n|turn|23\n|\n|t:|1738968030\n|switch|p1a: Gengar|Gengar|100/100\n|move|p2a: Snorlax|Body Slam|p1a: Gengar\n|-immune|p1a: Gengar\n|\n|upkeep\n|turn|24\n|inactive|Kaz has 240 seconds left.\n|\n|t:|1738968047\n|switch|p2a: Alakazam|Alakazam|69/100\n|move|p1a: Gengar|Night Shade|p2a: Alakazam\n|-damage|p2a: Alakazam|37/100\n|\n|upkeep\n|turn|25\n|inactive|Kaz has 240 seconds left.\n|\n|t:|1738968069\n|switch|p1a: Chansey|Chansey|100/100 par\n|move|p2a: Alakazam|Recover|p2a: Alakazam\n|-heal|p2a: Alakazam|86/100\n|\n|upkeep\n|turn|26\n|\n|t:|1738968074\n|switch|p2a: Jynx|Jynx|62/100 slp\n|move|p1a: Chansey|Ice Beam|p2a: Jynx\n|-resisted|p2a: Jynx\n|-damage|p2a: Jynx|50/100 slp\n|\n|upkeep\n|turn|27\n|\n|t:|1738968078\n|switch|p2a: Snorlax|Snorlax|83/100\n|cant|p1a: Chansey|par\n|\n|upkeep\n|turn|28\n|\n|t:|1738968083\n|switch|p1a: Gengar|Gengar|100/100\n|move|p2a: Snorlax|Body Slam|p1a: Gengar\n|-immune|p1a: Gengar\n|\n|upkeep\n|turn|29\n|\n|t:|1738968090\n|switch|p2a: Alakazam|Alakazam|86/100\n|move|p1a: Gengar|Night Shade|p2a: Alakazam\n|-damage|p2a: Alakazam|54/100\n|\n|upkeep\n|turn|30\n|\n|t:|1738968099\n|switch|p1a: Chansey|Chansey|100/100 par\n|move|p2a: Alakazam|Psychic|p1a: Chansey\n|-damage|p1a: Chansey|83/100 par\n|\n|upkeep\n|turn|31\n|inactive|Kaz has 270 seconds left.\n|\n|t:|1738968107\n|switch|p2a: Jynx|Jynx|50/100 slp\n|move|p1a: Chansey|Ice Beam|p2a: Jynx\n|-resisted|p2a: Jynx\n|-damage|p2a: Jynx|37/100 slp\n|\n|upkeep\n|turn|32\n|\n|t:|1738968110\n|switch|p2a: Snorlax|Snorlax|83/100\n|move|p1a: Chansey|Ice Beam|p2a: Snorlax\n|-crit|p2a: Snorlax\n|-damage|p2a: Snorlax|43/100\n|-status|p2a: Snorlax|frz\n|\n|upkeep\n|turn|33\n|\n|t:|1738968118\n|switch|p2a: Jynx|Jynx|37/100 slp\n|move|p1a: Chansey|Soft-Boiled|p1a: Chansey\n|-heal|p1a: Chansey|100/100 par\n|\n|upkeep\n|turn|34\n|\n|t:|1738968130\n|cant|p2a: Jynx|slp\n|move|p1a: Chansey|Ice Beam|p2a: Jynx\n|-resisted|p2a: Jynx\n|-damage|p2a: Jynx|26/100 slp\n|\n|upkeep\n|turn|35\n|\n|t:|1738968154\n|cant|p2a: Jynx|slp\n|move|p1a: Chansey|Thunderbolt|p2a: Jynx\n|-damage|p2a: Jynx|2/100 slp\n|\n|upkeep\n|turn|36\n|\n|t:|1738968160\n|switch|p2a: Snorlax|Snorlax|43/100 frz\n|move|p1a: Chansey|Ice Beam|p2a: Snorlax\n|-damage|p2a: Snorlax|23/100 frz\n|\n|upkeep\n|turn|37\n|\n|t:|1738968168\n|switch|p1a: Snorlax|Snorlax|100/100\n|cant|p2a: Snorlax|frz\n|\n|upkeep\n|turn|38\n|\n|t:|1738968176\n|switch|p2a: Starmie|Starmie|100/100\n|move|p1a: Snorlax|Reflect|p1a: Snorlax\n|-start|p1a: Snorlax|Reflect\n|\n|upkeep\n|turn|39\n|\n|t:|1738968199\n|switch|p1a: Chansey|Chansey|100/100 par\n|move|p2a: Starmie|Thunder Wave|p1a: Chansey\n|-fail|p1a: Chansey|par\n|\n|upkeep\n|turn|40\n|\n|t:|1738968203\n|switch|p2a: Snorlax|Snorlax|23/100 frz\n|move|p1a: Chansey|Ice Beam|p2a: Snorlax\n|-damage|p2a: Snorlax|5/100 frz\n|\n|upkeep\n|turn|41\n|inactive|Kaz has 270 seconds left.\n|\n|t:|1738968235\n|switch|p2a: Starmie|Starmie|100/100\n|switch|p1a: Snorlax|Snorlax|100/100\n|\n|upkeep\n|turn|42\n|\n|t:|1738968239\n|switch|p1a: Chansey|Chansey|100/100 par\n|move|p2a: Starmie|Psychic|p1a: Chansey\n|-damage|p1a: Chansey|85/100 par\n|\n|upkeep\n|turn|43\n|\n|t:|1738968244\n|switch|p2a: Snorlax|Snorlax|5/100 frz\n|move|p1a: Chansey|Soft-Boiled|p1a: Chansey\n|-heal|p1a: Chansey|100/100 par\n|\n|upkeep\n|turn|44\n|\n|t:|1738968251\n|cant|p2a: Snorlax|frz\n|move|p1a: Chansey|Thunder Wave|p2a: Snorlax\n|-fail|p2a: Snorlax\n|\n|upkeep\n|turn|45\n|\n|t:|1738968256\n|switch|p2a: Alakazam|Alakazam|54/100\n|switch|p1a: Snorlax|Snorlax|100/100\n|\n|upkeep\n|turn|46\n|\n|t:|1738968262\n|switch|p2a: Snorlax|Snorlax|5/100 frz\n|move|p1a: Snorlax|Body Slam|p2a: Snorlax\n|-damage|p2a: Snorlax|0 fnt\n|faint|p2a: Snorlax\n|\n|t:|1738968268\n|switch|p2a: Rhydon|Rhydon|76/100\n|turn|47\n|\n|t:|1738968281\n|move|p2a: Rhydon|Earthquake|p1a: Snorlax\n|-damage|p1a: Snorlax|66/100\n|move|p1a: Snorlax|Reflect|p1a: Snorlax\n|-start|p1a: Snorlax|Reflect\n|\n|upkeep\n|turn|48\n|\n|t:|1738968286\n|move|p2a: Rhydon|Earthquake|p1a: Snorlax\n|-damage|p1a: Snorlax|50/100\n|move|p1a: Snorlax|Earthquake|p2a: Rhydon\n|-supereffective|p2a: Rhydon\n|-damage|p2a: Rhydon|39/100\n|\n|upkeep\n|turn|49\n|\n|t:|1738968298\n|move|p2a: Rhydon|Earthquake|p1a: Snorlax\n|-damage|p1a: Snorlax|32/100\n|move|p1a: Snorlax|Earthquake|p2a: Rhydon\n|-supereffective|p2a: Rhydon\n|-damage|p2a: Rhydon|5/100\n|\n|upkeep\n|turn|50\n|inactive|Kaz has 270 seconds left.\n|inactive|chuva de perereca has 270 seconds left.\n|\n|t:|1738968351\n|move|p2a: Rhydon|Earthquake|p1a: Snorlax\n|-crit|p1a: Snorlax\n|-damage|p1a: Snorlax|0 fnt\n|faint|p1a: Snorlax\n|inactive|Kaz has 270 seconds left.\n|\n|t:|1738968358\n|switch|p1a: Tauros|Tauros|100/100\n|turn|51\n|inactive|chuva de perereca has 270 seconds left.\n|\n|t:|1738968369\n|switch|p2a: Starmie|Starmie|100/100\n|move|p1a: Tauros|Body Slam|p2a: Starmie\n|-damage|p2a: Starmie|63/100\n|\n|upkeep\n|turn|52\n|\n|t:|1738968379\n|switch|p1a: Chansey|Chansey|100/100 par\n|move|p2a: Starmie|Psychic|p1a: Chansey\n|-damage|p1a: Chansey|85/100 par\n|\n|upkeep\n|turn|53\n|\n|t:|1738968386\n|switch|p2a: Alakazam|Alakazam|54/100\n|cant|p1a: Chansey|par\n|\n|upkeep\n|turn|54\n|\n|t:|1738968391\n|move|p2a: Alakazam|Psychic|p1a: Chansey\n|-damage|p1a: Chansey|67/100 par\n|-unboost|p1a: Chansey|spa|1\n|-unboost|p1a: Chansey|spd|1\n|move|p1a: Chansey|Thunder Wave|p2a: Alakazam\n|-status|p2a: Alakazam|par\n|\n|upkeep\n|turn|55\n|\n|t:|1738968395\n|cant|p2a: Alakazam|par\n|cant|p1a: Chansey|par\n|\n|upkeep\n|turn|56\n|\n|t:|1738968397\n|move|p2a: Alakazam|Psychic|p1a: Chansey\n|-damage|p1a: Chansey|40/100 par\n|move|p1a: Chansey|Soft-Boiled|p1a: Chansey\n|-heal|p1a: Chansey|90/100 par\n|\n|upkeep\n|turn|57\n|\n|t:|1738968417\n|switch|p1a: Exeggutor|Exeggutor|72/100 par\n|move|p2a: Alakazam|Recover|p2a: Alakazam\n|-heal|p2a: Alakazam|100/100 par\n|\n|upkeep\n|turn|58\n|inactive|Kaz has 270 seconds left.\n|\n|t:|1738968466\n|move|p2a: Alakazam|Seismic Toss|p1a: Exeggutor\n|-damage|p1a: Exeggutor|46/100 par\n|cant|p1a: Exeggutor|par\n|\n|upkeep\n|turn|59\n|\n|t:|1738968496\n|switch|p2a: Jynx|Jynx|2/100 slp\n|move|p1a: Exeggutor|Psychic|p2a: Jynx\n|-resisted|p2a: Jynx\n|-damage|p2a: Jynx|0 fnt\n|faint|p2a: Jynx\n|\n|t:|1738968500\n|switch|p2a: Tauros|Tauros|100/100\n|turn|60\n|inactive|Kaz has 240 seconds left.\n|\n|t:|1738968532\n|switch|p1a: Gengar|Gengar|100/100\n|move|p2a: Tauros|Earthquake|p1a: Gengar\n|-supereffective|p1a: Gengar\n|-damage|p1a: Gengar|39/100\n|\n|upkeep\n|turn|61\n|inactive|Kaz has 240 seconds left.\n|inactive|chuva de perereca has 270 seconds left.\n|inactive|Kaz has 210 seconds left.\n|inactive|chuva de perereca has 240 seconds left.\n|inactive|Kaz has 180 seconds left.\n|inactive|chuva de perereca has 210 seconds left.\n|inactive|Kaz has 150 seconds left.\n|inactive|chuva de perereca has 180 seconds left.\n|inactive|Kaz has 120 seconds left.\n|inactive|chuva de perereca has 150 seconds left.\n|\n|t:|1738968698\n|move|p1a: Gengar|Hypnosis|p2a: Tauros\n|-status|p2a: Tauros|slp|[from] move: Hypnosis\n|cant|p2a: Tauros|slp\n|\n|upkeep\n|turn|62\n|\n|t:|1738968712\n|cant|p2a: Tauros|slp\n|move|p1a: Gengar|Night Shade|p2a: Tauros\n|-damage|p2a: Tauros|72/100 slp\n|\n|upkeep\n|turn|63\n|\n|t:|1738968719\n|switch|p2a: Starmie|Starmie|63/100\n|move|p1a: Gengar|Psychic|p2a: Starmie\n|-crit|p2a: Starmie\n|-resisted|p2a: Starmie\n|-damage|p2a: Starmie|39/100\n|-unboost|p2a: Starmie|spa|1\n|-unboost|p2a: Starmie|spd|1\n|\n|upkeep\n|turn|64\n|inactive|Kaz has 120 seconds left.\n|\n|t:|1738968738\n|switch|p1a: Chansey|Chansey|90/100 par\n|move|p2a: Starmie|Recover|p2a: Starmie\n|-heal|p2a: Starmie|89/100\n|\n|upkeep\n|turn|65\n|inactive|Kaz has 90 seconds left.\n|\n|t:|1738968776\n|switch|p2a: Alakazam|Alakazam|100/100 par\n|move|p1a: Chansey|Thunderbolt|p2a: Alakazam\n|-damage|p2a: Alakazam|82/100 par\n|\n|upkeep\n|turn|66\n|\n|t:|1738968783\n|move|p2a: Alakazam|Seismic Toss|p1a: Chansey\n|-damage|p1a: Chansey|76/100 par\n|cant|p1a: Chansey|par\n|\n|upkeep\n|turn|67\n|\n|t:|1738968787\n|cant|p2a: Alakazam|par\n|cant|p1a: Chansey|par\n|\n|upkeep\n|turn|68\n|\n|t:|1738968790\n|cant|p2a: Alakazam|par\n|move|p1a: Chansey|Soft-Boiled|p1a: Chansey\n|-heal|p1a: Chansey|100/100 par\n|\n|upkeep\n|turn|69\n|\n|t:|1738968792\n|move|p2a: Alakazam|Psychic|p1a: Chansey\n|-damage|p1a: Chansey|83/100 par\n|cant|p1a: Chansey|par\n|\n|upkeep\n|turn|70\n|inactive|Kaz has 120 seconds left.\n|\n|t:|1738968810\n|move|p2a: Alakazam|Psychic|p1a: Chansey\n|-damage|p1a: Chansey|66/100 par\n|move|p1a: Chansey|Ice Beam|p2a: Alakazam\n|-crit|p2a: Alakazam\n|-damage|p2a: Alakazam|39/100 par\n|\n|upkeep\n|turn|71\n|inactive|Kaz has 120 seconds left.\n|\n|t:|1738968822\n|move|p2a: Alakazam|Seismic Toss|p1a: Chansey\n|-damage|p1a: Chansey|52/100 par\n|move|p1a: Chansey|Soft-Boiled|p1a: Chansey\n|-heal|p1a: Chansey|100/100 par\n|\n|upkeep\n|turn|72\n|inactive|Kaz has 120 seconds left.\n|inactive|Kaz has 90 seconds left.\n|inactive|Kaz has 60 seconds left.\n|\n|t:|1738968893\n|switch|p1a: Exeggutor|Exeggutor|46/100 par\n|move|p2a: Alakazam|Seismic Toss|p1a: Exeggutor\n|-damage|p1a: Exeggutor|21/100 par\n|\n|upkeep\n|turn|73\n|\n|t:|1738968902\n|switch|p1a: Tauros|Tauros|100/100\n|move|p2a: Alakazam|Seismic Toss|p1a: Tauros\n|-damage|p1a: Tauros|72/100\n|\n|upkeep\n|turn|74\n|\n|t:|1738968914\n|switch|p2a: Rhydon|Rhydon|5/100\n|move|p1a: Tauros|Body Slam|p2a: Rhydon\n|-crit|p2a: Rhydon\n|-resisted|p2a: Rhydon\n|-damage|p2a: Rhydon|0 fnt\n|faint|p2a: Rhydon\n|\n|t:|1738968917\n|switch|p2a: Starmie|Starmie|89/100\n|turn|75\n|\n|t:|1738968924\n|switch|p2a: Alakazam|Alakazam|39/100 par\n|switch|p1a: Chansey|Chansey|100/100 par\n|\n|upkeep\n|turn|76\n|inactive|Kaz has 90 seconds left.\n|inactive|chuva de perereca has 240 seconds left.\n|\n|t:|1738968953\n|switch|p1a: Tauros|Tauros|72/100\n|move|p2a: Alakazam|Recover|p2a: Alakazam\n|-heal|p2a: Alakazam|89/100 par\n|\n|upkeep\n|turn|77\n|inactive|chuva de perereca has 240 seconds left.\n|inactive|Kaz has 60 seconds left.\n|\n|t:|1738968980\n|switch|p1a: Chansey|Chansey|100/100 par\n|move|p2a: Alakazam|Thunder Wave|p1a: Chansey\n|-fail|p1a: Chansey|par\n|\n|upkeep\n|turn|78\n|\n|t:|1738968987\n|cant|p2a: Alakazam|par\n|move|p1a: Chansey|Ice Beam|p2a: Alakazam\n|-damage|p2a: Alakazam|71/100 par\n|\n|upkeep\n|turn|79\n|\n|t:|1738968991\n|cant|p2a: Alakazam|par\n|cant|p1a: Chansey|par\n|\n|upkeep\n|turn|80\n|\n|t:|1738968994\n|cant|p2a: Alakazam|par\n|cant|p1a: Chansey|par\n|\n|upkeep\n|turn|81\n|\n|t:|1738968996\n|move|p2a: Alakazam|Recover|p2a: Alakazam\n|-heal|p2a: Alakazam|100/100 par\n|move|p1a: Chansey|Ice Beam|p2a: Alakazam\n|-damage|p2a: Alakazam|80/100 par\n|\n|upkeep\n|turn|82\n|inactive|chuva de perereca has 270 seconds left.\n|\n|t:|1738969005\n|move|p2a: Alakazam|Recover|p2a: Alakazam\n|-heal|p2a: Alakazam|100/100 par\n|cant|p1a: Chansey|par\n|\n|upkeep\n|turn|83\n|\n|t:|1738969009\n|move|p2a: Alakazam|Seismic Toss|p1a: Chansey\n|-damage|p1a: Chansey|86/100 par\n|cant|p1a: Chansey|par\n|\n|upkeep\n|turn|84\n|\n|t:|1738969012\n|move|p2a: Alakazam|Seismic Toss|p1a: Chansey\n|-damage|p1a: Chansey|72/100 par\n|move|p1a: Chansey|Ice Beam|p2a: Alakazam\n|-damage|p2a: Alakazam|80/100 par\n|\n|upkeep\n|turn|85\n|inactive|Kaz has 120 seconds left.\n|\n|t:|1738969023\n|move|p2a: Alakazam|Recover|p2a: Alakazam\n|-heal|p2a: Alakazam|100/100 par\n|move|p1a: Chansey|Soft-Boiled|p1a: Chansey\n|-heal|p1a: Chansey|100/100 par\n|\n|upkeep\n|turn|86\n|\n|t:|1738969030\n|move|p2a: Alakazam|Seismic Toss|p1a: Chansey\n|-damage|p1a: Chansey|86/100 par\n|move|p1a: Chansey|Ice Beam|p2a: Alakazam\n|-damage|p2a: Alakazam|81/100 par\n|\n|upkeep\n|turn|87\n|\n|t:|1738969034\n|move|p2a: Alakazam|Recover|p2a: Alakazam\n|-heal|p2a: Alakazam|100/100 par\n|move|p1a: Chansey|Ice Beam|p2a: Alakazam\n|-damage|p2a: Alakazam|82/100 par\n|\n|upkeep\n|turn|88\n|\n|t:|1738969039\n|move|p2a: Alakazam|Recover|p2a: Alakazam\n|-heal|p2a: Alakazam|100/100 par\n|cant|p1a: Chansey|par\n|\n|upkeep\n|turn|89\n|inactive|Kaz has 150 seconds left.\n|\n|t:|1738969044\n|move|p2a: Alakazam|Seismic Toss|p1a: Chansey\n|-damage|p1a: Chansey|72/100 par\n|move|p1a: Chansey|Thunder Wave|p2a: Alakazam\n|-fail|p2a: Alakazam|par\n|\n|upkeep\n|turn|90\n|\n|t:|1738969049\n|move|p2a: Alakazam|Psychic|p1a: Chansey\n|-crit|p1a: Chansey\n|-damage|p1a: Chansey|38/100 par\n|-unboost|p1a: Chansey|spa|1\n|-unboost|p1a: Chansey|spd|1\n|move|p1a: Chansey|Thunder Wave|p2a: Alakazam\n|-fail|p2a: Alakazam|par\n|\n|upkeep\n|turn|91\n|\n|t:|1738969055\n|cant|p2a: Alakazam|par\n|move|p1a: Chansey|Soft-Boiled|p1a: Chansey\n|-heal|p1a: Chansey|88/100 par\n|\n|upkeep\n|turn|92\n|\n|t:|1738969061\n|cant|p2a: Alakazam|par\n|move|p1a: Chansey|Thunder Wave|p2a: Alakazam\n|-fail|p2a: Alakazam|par\n|\n|upkeep\n|turn|93\n|\n|t:|1738969064\n|move|p2a: Alakazam|Seismic Toss|p1a: Chansey\n|-damage|p1a: Chansey|74/100 par\n|move|p1a: Chansey|Ice Beam|p2a: Alakazam\n|-damage|p2a: Alakazam|88/100 par\n|\n|upkeep\n|turn|94\n|\n|t:|1738969069\n|move|p2a: Alakazam|Recover|p2a: Alakazam\n|-heal|p2a: Alakazam|100/100 par\n|move|p1a: Chansey|Soft-Boiled|p1a: Chansey\n|-heal|p1a: Chansey|100/100 par\n|\n|upkeep\n|turn|95\n|inactive|Kaz has 180 seconds left.\n|\n|t:|1738969092\n|move|p2a: Alakazam|Seismic Toss|p1a: Chansey\n|-damage|p1a: Chansey|86/100 par\n|cant|p1a: Chansey|par\n|\n|upkeep\n|turn|96\n|\n|t:|1738969096\n|move|p2a: Alakazam|Seismic Toss|p1a: Chansey\n|-damage|p1a: Chansey|72/100 par\n|move|p1a: Chansey|Thunder Wave|p2a: Alakazam\n|-fail|p2a: Alakazam|par\n|\n|upkeep\n|turn|97\n|\n|t:|1738969101\n|move|p2a: Alakazam|Psychic|p1a: Chansey\n|-damage|p1a: Chansey|43/100 par\n|-unboost|p1a: Chansey|spa|1\n|-unboost|p1a: Chansey|spd|1\n|move|p1a: Chansey|Soft-Boiled|p1a: Chansey\n|-heal|p1a: Chansey|93/100 par\n|\n|upkeep\n|turn|98\n|inactive|Kaz has 180 seconds left.\n|\n|t:|1738969139\n|move|p2a: Alakazam|Seismic Toss|p1a: Chansey\n|-damage|p1a: Chansey|79/100 par\n|move|p1a: Chansey|Ice Beam|p2a: Alakazam\n|-damage|p2a: Alakazam|90/100 par\n|\n|upkeep\n|turn|99\n|inactive|Kaz has 180 seconds left.\n|\n|t:|1738969145\n|move|p2a: Alakazam|Seismic Toss|p1a: Chansey\n|-damage|p1a: Chansey|65/100 par\n|move|p1a: Chansey|Thunder Wave|p2a: Alakazam\n|-fail|p2a: Alakazam|par\n|\n|upkeep\n|turn|100\n|\n|t:|1738969150\n|move|p2a: Alakazam|Psychic|p1a: Chansey\n|-damage|p1a: Chansey|31/100 par\n|move|p1a: Chansey|Soft-Boiled|p1a: Chansey\n|-heal|p1a: Chansey|81/100 par\n|\n|upkeep\n|turn|101\n|\n|t:|1738969156\n|switch|p1a: Exeggutor|Exeggutor|21/100 par\n|move|p2a: Alakazam|Seismic Toss|p1a: Exeggutor\n|-damage|p1a: Exeggutor|0 fnt\n|faint|p1a: Exeggutor\n|inactive|Kaz has 180 seconds left.\n|\n|t:|1738969197\n|switch|p1a: Tauros|Tauros|72/100\n|turn|102\n|\n|t:|1738969210\n|move|p1a: Tauros|Body Slam|p2a: Alakazam\n|-damage|p2a: Alakazam|41/100 par\n|move|p2a: Alakazam|Thunder Wave|p1a: Tauros\n|-status|p1a: Tauros|par\n|\n|upkeep\n|turn|103\n|\n|t:|1738969215\n|switch|p2a: Starmie|Starmie|89/100\n|cant|p1a: Tauros|par\n|\n|upkeep\n|turn|104\n|\n|t:|1738969220\n|switch|p1a: Chansey|Chansey|81/100 par\n|move|p2a: Starmie|Psychic|p1a: Chansey\n|-damage|p1a: Chansey|66/100 par\n|\n|upkeep\n|turn|105\n|\n|t:|1738969225\n|switch|p2a: Alakazam|Alakazam|41/100 par\n|move|p1a: Chansey|Thunderbolt|p2a: Alakazam\n|-damage|p2a: Alakazam|22/100 par\n|\n|upkeep\n|turn|106\n|\n|t:|1738969227\n|switch|p1a: Tauros|Tauros|72/100 par\n|cant|p2a: Alakazam|par\n|\n|upkeep\n|turn|107\n|\n|t:|1738969231\n|switch|p2a: Starmie|Starmie|89/100\n|cant|p1a: Tauros|par\n|\n|upkeep\n|turn|108\n|\n|t:|1738969245\n|switch|p1a: Chansey|Chansey|66/100 par\n|move|p2a: Starmie|Psychic|p1a: Chansey\n|-damage|p1a: Chansey|50/100 par\n|-unboost|p1a: Chansey|spa|1\n|-unboost|p1a: Chansey|spd|1\n|\n|upkeep\n|turn|109\n|\n|t:|1738969250\n|switch|p2a: Alakazam|Alakazam|22/100 par\n|move|p1a: Chansey|Soft-Boiled|p1a: Chansey\n|-heal|p1a: Chansey|99/100 par\n|\n|upkeep\n|turn|110\n|\n|t:|1738969254\n|switch|p1a: Tauros|Tauros|72/100 par\n|move|p2a: Alakazam|Psychic|p1a: Tauros\n|-crit|p1a: Tauros\n|-damage|p1a: Tauros|0 fnt\n|faint|p1a: Tauros\n|\n|t:|1738969256\n|switch|p1a: Gengar|Gengar|39/100\n|turn|111\n|\n|t:|1738969261\n|switch|p2a: Starmie|Starmie|89/100\n|move|p1a: Gengar|Night Shade|p2a: Starmie\n|-damage|p2a: Starmie|58/100\n|\n|upkeep\n|turn|112\n|\n|t:|1738969266\n|switch|p1a: Chansey|Chansey|99/100 par\n|move|p2a: Starmie|Psychic|p1a: Chansey\n|-damage|p1a: Chansey|85/100 par\n|\n|upkeep\n|turn|113\n|\n|t:|1738969275\n|switch|p2a: Alakazam|Alakazam|22/100 par\n|move|p1a: Chansey|Thunderbolt|p2a: Alakazam\n|-damage|p2a: Alakazam|2/100 par\n|\n|upkeep\n|turn|114\n|\n|t:|1738969280\n|move|p2a: Alakazam|Recover|p2a: Alakazam\n|-heal|p2a: Alakazam|52/100 par\n|move|p1a: Chansey|Thunderbolt|p2a: Alakazam\n|-damage|p2a: Alakazam|32/100 par\n|\n|upkeep\n|turn|115\n|\n|t:|1738969283\n|cant|p2a: Alakazam|par\n|move|p1a: Chansey|Ice Beam|p2a: Alakazam\n|-damage|p2a: Alakazam|12/100 par\n|\n|upkeep\n|turn|116\n|\n|t:|1738969285\n|move|p2a: Alakazam|Recover|p2a: Alakazam\n|-heal|p2a: Alakazam|62/100 par\n|move|p1a: Chansey|Ice Beam|p2a: Alakazam\n|-crit|p2a: Alakazam\n|-damage|p2a: Alakazam|23/100 par\n|\n|upkeep\n|turn|117\n|\n|t:|1738969289\n|move|p2a: Alakazam|Recover|p2a: Alakazam\n|-heal|p2a: Alakazam|72/100 par\n|cant|p1a: Chansey|par\n|\n|upkeep\n|turn|118\n|\n|t:|1738969309\n|cant|p2a: Alakazam|par\n|cant|p1a: Chansey|par\n|\n|upkeep\n|turn|119\n|\n|t:|1738969312\n|move|p2a: Alakazam|Recover|p2a: Alakazam\n|-heal|p2a: Alakazam|100/100 par\n|move|p1a: Chansey|Thunder Wave|p2a: Alakazam\n|-fail|p2a: Alakazam|par\n|\n|upkeep\n|turn|120\n|\n|t:|1738969322\n|move|p2a: Alakazam|Seismic Toss|p1a: Chansey\n|-damage|p1a: Chansey|71/100 par\n|move|p1a: Chansey|Thunder Wave|p2a: Alakazam\n|-fail|p2a: Alakazam|par\n|\n|upkeep\n|turn|121\n|\n|t:|1738969325\n|move|p2a: Alakazam|Seismic Toss|p1a: Chansey\n|-damage|p1a: Chansey|57/100 par\n|move|p1a: Chansey|Thunder Wave|p2a: Alakazam\n|-fail|p2a: Alakazam|par\n|\n|upkeep\n|turn|122\n|\n|t:|1738969327\n|cant|p2a: Alakazam|par\n|move|p1a: Chansey|Thunder Wave|p2a: Alakazam\n|-fail|p2a: Alakazam|par\n|\n|upkeep\n|turn|123\n|\n|t:|1738969329\n|cant|p2a: Alakazam|par\n|move|p1a: Chansey|Thunder Wave|p2a: Alakazam\n|-fail|p2a: Alakazam|par\n|\n|upkeep\n|turn|124\n|\n|t:|1738969331\n|move|p2a: Alakazam|Seismic Toss|p1a: Chansey\n|-damage|p1a: Chansey|42/100 par\n|move|p1a: Chansey|Thunder Wave|p2a: Alakazam\n|-fail|p2a: Alakazam|par\n|\n|upkeep\n|turn|125\n|\n|t:|1738969333\n|cant|p2a: Alakazam|par\n|move|p1a: Chansey|Soft-Boiled|p1a: Chansey\n|-heal|p1a: Chansey|92/100 par\n|\n|upkeep\n|turn|126\n|\n|t:|1738969336\n|move|p2a: Alakazam|Seismic Toss|p1a: Chansey\n|-damage|p1a: Chansey|78/100 par\n|move|p1a: Chansey|Thunder Wave|p2a: Alakazam\n|-fail|p2a: Alakazam|par\n|\n|upkeep\n|turn|127\n|\n|t:|1738969338\n|cant|p2a: Alakazam|par\n|move|p1a: Chansey|Thunder Wave|p2a: Alakazam\n|-fail|p2a: Alakazam|par\n|\n|upkeep\n|turn|128\n|\n|t:|1738969340\n|move|p2a: Alakazam|Seismic Toss|p1a: Chansey\n|-damage|p1a: Chansey|64/100 par\n|cant|p1a: Chansey|par\n|\n|upkeep\n|turn|129\n|\n|t:|1738969342\n|move|p2a: Alakazam|Seismic Toss|p1a: Chansey\n|-damage|p1a: Chansey|50/100 par\n|move|p1a: Chansey|Thunder Wave|p2a: Alakazam\n|-fail|p2a: Alakazam|par\n|\n|upkeep\n|turn|130\n|\n|t:|1738969344\n|move|p2a: Alakazam|Seismic Toss|p1a: Chansey\n|-damage|p1a: Chansey|35/100 par\n|move|p1a: Chansey|Soft-Boiled|p1a: Chansey\n|-heal|p1a: Chansey|85/100 par\n|\n|upkeep\n|turn|131\n|\n|t:|1738969357\n|move|p2a: Alakazam|Seismic Toss|p1a: Chansey\n|-damage|p1a: Chansey|71/100 par\n|move|p1a: Chansey|Thunder Wave|p2a: Alakazam\n|-fail|p2a: Alakazam|par\n|\n|upkeep\n|turn|132\n|\n|t:|1738969360\n|cant|p2a: Alakazam|par\n|cant|p1a: Chansey|par\n|\n|upkeep\n|turn|133\n|\n|t:|1738969362\n|cant|p2a: Alakazam|par\n|cant|p1a: Chansey|par\n|\n|upkeep\n|turn|134\n|\n|t:|1738969365\n|move|p2a: Alakazam|Seismic Toss|p1a: Chansey\n|-damage|p1a: Chansey|57/100 par\n|move|p1a: Chansey|Thunder Wave|p2a: Alakazam\n|-fail|p2a: Alakazam|par\n|\n|upkeep\n|turn|135\n|\n|t:|1738969371\n|cant|p2a: Alakazam|par\n|cant|p1a: Chansey|par\n|\n|upkeep\n|turn|136\n|\n|t:|1738969373\n|move|p2a: Alakazam|Seismic Toss|p1a: Chansey\n|-damage|p1a: Chansey|43/100 par\n|move|p1a: Chansey|Thunder Wave|p2a: Alakazam\n|-fail|p2a: Alakazam|par\n|\n|upkeep\n|turn|137\n|\n|t:|1738969378\n|cant|p2a: Alakazam|par\n|move|p1a: Chansey|Soft-Boiled|p1a: Chansey\n|-heal|p1a: Chansey|93/100 par\n|\n|upkeep\n|turn|138\n|\n|t:|1738969380\n|cant|p2a: Alakazam|par\n|move|p1a: Chansey|Thunder Wave|p2a: Alakazam\n|-fail|p2a: Alakazam|par\n|\n|upkeep\n|turn|139\n|\n|t:|1738969383\n|move|p2a: Alakazam|Seismic Toss|p1a: Chansey\n|-damage|p1a: Chansey|78/100 par\n|move|p1a: Chansey|Thunder Wave|p2a: Alakazam\n|-fail|p2a: Alakazam|par\n|\n|upkeep\n|turn|140\n|\n|t:|1738969385\n|move|p2a: Alakazam|Seismic Toss|p1a: Chansey\n|-damage|p1a: Chansey|64/100 par\n|move|p1a: Chansey|Thunder Wave|p2a: Alakazam\n|-fail|p2a: Alakazam|par\n|\n|upkeep\n|turn|141\n|\n|t:|1738969392\n|move|p2a: Alakazam|Seismic Toss|p1a: Chansey\n|-damage|p1a: Chansey|50/100 par\n|move|p1a: Chansey|Thunderbolt|p2a: Alakazam\n|-damage|p2a: Alakazam|81/100 par\n|\n|upkeep\n|turn|142\n|\n|t:|1738969397\n|move|p2a: Alakazam|Seismic Toss|p1a: Chansey\n|-damage|p1a: Chansey|36/100 par\n|move|p1a: Chansey|Thunderbolt|p2a: Alakazam\n|-damage|p2a: Alakazam|60/100 par\n|\n|upkeep\n|turn|143\n|\n|t:|1738969401\n|switch|p1a: Gengar|Gengar|39/100\n|move|p2a: Alakazam|Psychic|p1a: Gengar\n|-supereffective|p1a: Gengar\n|-damage|p1a: Gengar|0 fnt\n|faint|p1a: Gengar\n|\n|t:|1738969404\n|switch|p1a: Chansey|Chansey|36/100 par\n|turn|144\n|\n|t:|1738969412\n|move|p2a: Alakazam|Recover|p2a: Alakazam\n|-heal|p2a: Alakazam|100/100 par\n|cant|p1a: Chansey|par\n|\n|upkeep\n|turn|145\n|\n|t:|1738969414\n|move|p2a: Alakazam|Psychic|p1a: Chansey\n|-crit|p1a: Chansey\n|-damage|p1a: Chansey|0 fnt\n|faint|p1a: Chansey\n|\n|win|chuva de perereca\n|c|☆chuva de perereca|ggs\n|c|☆Kaz|gg\n|player|p1|\n","uploadtime":1738969414,"views":"1844","formatid":"gen1ou","rating":null,"private":0,"password":null}