{"id":"smogtours-gen1ou-961012","format":"[Gen 1] OU","players":["sadisticnarwhal","wooooo rby"],"log":"|inactive|Battle timer is ON: inactive players will automatically lose when time's up.\n|t:|1785636069\n|gametype|singles\n|player|p1|sadisticnarwhal|#rcop2023useast|\n|player|p2|wooooo rby|lucas|\n|gen|1\n|tier|[Gen 1] OU\n|rule|Desync Clause Mod: Desyncs resolve to link battle behavior from the acting player's perspective.\n|rule|HP Percentage Mod: HP is shown in percentages\n|rule|Endless Battle Clause: Forcing endless battles is banned\n|rule|Sleep Clause Mod: Limit one foe put to sleep\n|rule|Freeze Clause Mod: Limit one foe frozen\n|rule|Species Clause: Limit one of each Pokémon\n|rule|OHKO Clause: OHKO moves are banned\n|rule|Evasion Moves Clause: Evasion moves are banned\n|\n|t:|1785636069\n|teamsize|p1|6\n|teamsize|p2|6\n|start\n|switch|p1a: Starmie|Starmie|100/100\n|switch|p2a: Jynx|Jynx|100/100\n|turn|1\n|c|☆sadisticnarwhal|hgf\n|c|☆sadisticnarwhal|hf\n|c|☆wooooo rby|hf\n|\n|t:|1785636084\n|switch|p2a: Chansey|Chansey|100/100\n|move|p1a: Starmie|Surf|p2a: Chansey\n|-crit|p2a: Chansey\n|-damage|p2a: Chansey|70/100\n|\n|upkeep\n|turn|2\n|\n|t:|1785636092\n|switch|p1a: Chansey|Chansey|100/100\n|move|p2a: Chansey|Soft-Boiled|p2a: Chansey\n|-heal|p2a: Chansey|100/100\n|\n|upkeep\n|turn|3\n|\n|t:|1785636095\n|switch|p2a: Jynx|Jynx|100/100\n|move|p1a: Chansey|Sing|p2a: Jynx\n|-status|p2a: Jynx|slp|[from] move: Sing\n|\n|upkeep\n|turn|4\n|\n|t:|1785636099\n|switch|p1a: Snorlax|Snorlax|100/100\n|-curestatus|p2a: Jynx|slp|[msg]\n|\n|upkeep\n|turn|5\n|\n|t:|1785636104\n|switch|p1a: Chansey|Chansey|100/100\n|move|p2a: Jynx|Lovely Kiss|p1a: Chansey\n|-status|p1a: Chansey|slp|[from] move: Lovely Kiss\n|\n|upkeep\n|turn|6\n|\n|t:|1785636108\n|move|p2a: Jynx|Body Slam|p1a: Chansey\n|-damage|p1a: Chansey|83/100 slp\n|cant|p1a: Chansey|slp\n|\n|upkeep\n|turn|7\n|\n|t:|1785636111\n|switch|p1a: Starmie|Starmie|100/100\n|move|p2a: Jynx|Body Slam|p1a: Starmie\n|-damage|p1a: Starmie|86/100\n|\n|upkeep\n|turn|8\n|\n|t:|1785636118\n|switch|p1a: Exeggutor|Exeggutor|100/100\n|move|p2a: Jynx|Body Slam|p1a: Exeggutor\n|-damage|p1a: Exeggutor|87/100\n|\n|upkeep\n|turn|9\n|\n|t:|1785636121\n|switch|p1a: Starmie|Starmie|86/100\n|move|p2a: Jynx|Blizzard|p1a: Starmie\n|-resisted|p1a: Starmie\n|-damage|p1a: Starmie|62/100\n|\n|upkeep\n|turn|10\n|\n|t:|1785636125\n|move|p1a: Starmie|Recover|p1a: Starmie\n|-heal|p1a: Starmie|100/100\n|move|p2a: Jynx|Body Slam|p1a: Starmie\n|-crit|p1a: Starmie\n|-damage|p1a: Starmie|70/100\n|\n|upkeep\n|turn|11\n|\n|t:|1785636135\n|move|p1a: Starmie|Surf|p2a: Jynx\n|-damage|p2a: Jynx|66/100\n|move|p2a: Jynx|Body Slam|p1a: Starmie\n|-damage|p1a: Starmie|54/100\n|\n|upkeep\n|turn|12\n|\n|t:|1785636140\n|move|p1a: Starmie|Recover|p1a: Starmie\n|-heal|p1a: Starmie|100/100\n|move|p2a: Jynx|Body Slam|p1a: Starmie\n|-damage|p1a: Starmie|85/100\n|-status|p1a: Starmie|par\n|\n|upkeep\n|turn|13\n|\n|t:|1785636149\n|switch|p2a: Chansey|Chansey|100/100\n|move|p1a: Starmie|Surf|p2a: Chansey\n|-damage|p2a: Chansey|86/100\n|\n|upkeep\n|turn|14\n|\n|t:|1785636156\n|switch|p1a: Exeggutor|Exeggutor|87/100\n|move|p2a: Chansey|Ice Beam|p1a: Exeggutor\n|-supereffective|p1a: Exeggutor\n|-damage|p1a: Exeggutor|51/100\n|-status|p1a: Exeggutor|frz\n|\n|upkeep\n|turn|15\n|c|☆wooooo rby|sry\n|c|☆sadisticnarwhal|creo que ya perdi tio\n|\n|t:|1785636180\n|switch|p1a: Snorlax|Snorlax|100/100\n|move|p2a: Chansey|Thunderbolt|p1a: Snorlax\n|-damage|p1a: Snorlax|80/100\n|\n|upkeep\n|turn|16\n|\n|t:|1785636192\n|switch|p1a: Chansey|Chansey|83/100 slp\n|move|p2a: Chansey|Counter|p1a: Chansey\n|-fail|p2a: Chansey\n|\n|upkeep\n|turn|17\n|\n|t:|1785636197\n|cant|p1a: Chansey|slp\n|move|p2a: Chansey|Thunderbolt|p1a: Chansey\n|-damage|p1a: Chansey|72/100 slp\n|\n|upkeep\n|turn|18\n|\n|t:|1785636199\n|switch|p2a: Tauros|Tauros|100/100\n|cant|p1a: Chansey|slp\n|\n|upkeep\n|turn|19\n|\n|t:|1785636204\n|switch|p1a: Exeggutor|Exeggutor|51/100 frz\n|move|p2a: Tauros|Body Slam|p1a: Exeggutor\n|-damage|p1a: Exeggutor|21/100 frz\n|\n|upkeep\n|turn|20\n|\n|t:|1785636212\n|move|p2a: Tauros|Body Slam|p1a: Exeggutor\n|-damage|p1a: Exeggutor|0 fnt\n|faint|p1a: Exeggutor\n|\n|t:|1785636220\n|switch|p1a: Tauros|Tauros|100/100\n|turn|21\n|\n|t:|1785636223\n|move|p1a: Tauros|Body Slam|p2a: Tauros\n|-damage|p2a: Tauros|73/100\n|move|p2a: Tauros|Body Slam|p1a: Tauros\n|-damage|p1a: Tauros|71/100\n|\n|upkeep\n|turn|22\n|\n|t:|1785636225\n|move|p1a: Tauros|Body Slam|p2a: Tauros\n|-damage|p2a: Tauros|42/100\n|move|p2a: Tauros|Body Slam|p1a: Tauros\n|-damage|p1a: Tauros|43/100\n|\n|upkeep\n|turn|23\n|\n|t:|1785636229\n|switch|p2a: Snorlax|Snorlax|100/100\n|move|p1a: Tauros|Body Slam|p2a: Snorlax\n|-damage|p2a: Snorlax|76/100\n|\n|upkeep\n|turn|24\n|\n|t:|1785636234\n|switch|p1a: Snorlax|Snorlax|80/100\n|move|p2a: Snorlax|Body Slam|p1a: Snorlax\n|-damage|p1a: Snorlax|54/100\n|\n|upkeep\n|turn|25\n|\n|t:|1785636243\n|move|p2a: Snorlax|Body Slam|p1a: Snorlax\n|-damage|p1a: Snorlax|28/100\n|move|p1a: Snorlax|Reflect|p1a: Snorlax\n|-start|p1a: Snorlax|Reflect\n|\n|upkeep\n|turn|26\n|\n|t:|1785636247\n|switch|p2a: Starmie|Starmie|100/100\n|move|p1a: Snorlax|Rest|p1a: Snorlax\n|-status|p1a: Snorlax|slp|[from] move: Rest\n|-heal|p1a: Snorlax|100/100 slp|[silent]\n|\n|upkeep\n|turn|27\n|\n|t:|1785636250\n|move|p2a: Starmie|Psychic|p1a: Snorlax\n|-crit|p1a: Snorlax\n|-damage|p1a: Snorlax|49/100 slp\n|cant|p1a: Snorlax|slp\n|\n|upkeep\n|turn|28\n|\n|t:|1785636254\n|switch|p2a: Chansey|Chansey|86/100\n|switch|p1a: Starmie|Starmie|85/100 par\n|\n|upkeep\n|turn|29\n|\n|t:|1785636258\n|move|p2a: Chansey|Thunderbolt|p1a: Starmie\n|-supereffective|p1a: Starmie\n|-damage|p1a: Starmie|39/100 par\n|move|p1a: Starmie|Thunder Wave|p2a: Chansey\n|-status|p2a: Chansey|par\n|\n|upkeep\n|turn|30\n|\n|t:|1785636261\n|move|p1a: Starmie|Recover|p1a: Starmie\n|-heal|p1a: Starmie|89/100 par\n|move|p2a: Chansey|Thunderbolt|p1a: Starmie\n|-supereffective|p1a: Starmie\n|-damage|p1a: Starmie|42/100 par\n|\n|upkeep\n|turn|31\n|\n|t:|1785636263\n|move|p1a: Starmie|Recover|p1a: Starmie\n|-heal|p1a: Starmie|92/100 par\n|cant|p2a: Chansey|par\n|\n|upkeep\n|turn|32\n|\n|t:|1785636267\n|switch|p1a: Snorlax|Snorlax|49/100 slp\n|move|p2a: Chansey|Thunderbolt|p1a: Snorlax\n|-damage|p1a: Snorlax|28/100 slp\n|\n|upkeep\n|turn|33\n|\n|t:|1785636270\n|switch|p2a: Tauros|Tauros|42/100\n|-curestatus|p1a: Snorlax|slp|[msg]\n|\n|upkeep\n|turn|34\n|\n|t:|1785636283\n|switch|p1a: Rhydon|Rhydon|100/100\n|move|p2a: Tauros|Hyper Beam|p1a: Rhydon\n|-resisted|p1a: Rhydon\n|-damage|p1a: Rhydon|82/100\n|-mustrecharge|p2a: Tauros\n|\n|upkeep\n|turn|35\n|\n|t:|1785636285\n|cant|p2a: Tauros|recharge\n|move|p1a: Rhydon|Earthquake|p2a: Tauros\n|-crit|p2a: Tauros\n|-damage|p2a: Tauros|0 fnt\n|faint|p2a: Tauros\n|\n|t:|1785636293\n|switch|p2a: Exeggutor|Exeggutor|100/100\n|turn|36\n|\n|t:|1785636304\n|switch|p1a: Starmie|Starmie|92/100 par\n|move|p2a: Exeggutor|Psychic|p1a: Starmie\n|-resisted|p1a: Starmie\n|-damage|p1a: Starmie|71/100 par\n|\n|upkeep\n|turn|37\n|\n|t:|1785636311\n|move|p2a: Exeggutor|Explosion|p1a: Starmie\n|-damage|p1a: Starmie|0 fnt\n|faint|p1a: Starmie\n|faint|p2a: Exeggutor\n|\n|t:|1785636320\n|switch|p2a: Snorlax|Snorlax|76/100\n|switch|p1a: Chansey|Chansey|72/100 slp\n|turn|38\n|\n|t:|1785636322\n|switch|p1a: Rhydon|Rhydon|82/100\n|move|p2a: Snorlax|Earthquake|p1a: Rhydon\n|-supereffective|p1a: Rhydon\n|-damage|p1a: Rhydon|47/100\n|\n|upkeep\n|turn|39\n|\n|t:|1785636328\n|move|p1a: Rhydon|Earthquake|p2a: Snorlax\n|-damage|p2a: Snorlax|39/100\n|move|p2a: Snorlax|Earthquake|p1a: Rhydon\n|-supereffective|p1a: Rhydon\n|-damage|p1a: Rhydon|9/100\n|\n|upkeep\n|turn|40\n|\n|t:|1785636331\n|move|p1a: Rhydon|Body Slam|p2a: Snorlax\n|-damage|p2a: Snorlax|19/100\n|move|p2a: Snorlax|Earthquake|p1a: Rhydon\n|-supereffective|p1a: Rhydon\n|-damage|p1a: Rhydon|0 fnt\n|faint|p1a: Rhydon\n|\n|t:|1785636333\n|switch|p1a: Tauros|Tauros|43/100\n|turn|41\n|\n|t:|1785636340\n|move|p1a: Tauros|Body Slam|p2a: Snorlax\n|-damage|p2a: Snorlax|0 fnt\n|faint|p2a: Snorlax\n|\n|t:|1785636342\n|switch|p2a: Starmie|Starmie|100/100\n|turn|42\n|\n|t:|1785636344\n|switch|p1a: Chansey|Chansey|72/100 slp\n|move|p2a: Starmie|Psychic|p1a: Chansey\n|-damage|p1a: Chansey|57/100 slp\n|\n|upkeep\n|turn|43\n|\n|t:|1785636347\n|move|p2a: Starmie|Psychic|p1a: Chansey\n|-damage|p1a: Chansey|42/100 slp\n|cant|p1a: Chansey|slp\n|\n|upkeep\n|turn|44\n|\n|t:|1785636353\n|switch|p2a: Jynx|Jynx|66/100\n|cant|p1a: Chansey|slp\n|\n|upkeep\n|turn|45\n|\n|t:|1785636355\n|move|p2a: Jynx|Blizzard|p1a: Chansey\n|-damage|p1a: Chansey|24/100 slp\n|cant|p1a: Chansey|slp\n|\n|upkeep\n|turn|46\n|\n|t:|1785636363\n|switch|p1a: Snorlax|Snorlax|28/100\n|move|p2a: Jynx|Blizzard|p1a: Snorlax\n|-crit|p1a: Snorlax\n|-damage|p1a: Snorlax|0 fnt\n|faint|p1a: Snorlax\n|\n|t:|1785636365\n|switch|p1a: Tauros|Tauros|43/100\n|turn|47\n|\n|t:|1785636370\n|switch|p2a: Chansey|Chansey|86/100 par\n|move|p1a: Tauros|Body Slam|p2a: Chansey\n|-damage|p2a: Chansey|46/100 par\n|\n|upkeep\n|turn|48\n|\n|t:|1785636373\n|move|p1a: Tauros|Body Slam|p2a: Chansey\n|-damage|p2a: Chansey|5/100 par\n|move|p2a: Chansey|Ice Beam|p1a: Tauros\n|-damage|p1a: Tauros|13/100\n|\n|upkeep\n|turn|49\n|\n|t:|1785636377\n|move|p1a: Tauros|Body Slam|p2a: Chansey\n|-crit|p2a: Chansey\n|-damage|p2a: Chansey|0 fnt\n|faint|p2a: Chansey\n|\n|t:|1785636381\n|switch|p2a: Starmie|Starmie|100/100\n|turn|50\n|\n|t:|1785636384\n|switch|p1a: Chansey|Chansey|24/100 slp\n|move|p2a: Starmie|Psychic|p1a: Chansey\n|-damage|p1a: Chansey|8/100 slp\n|-unboost|p1a: Chansey|spa|1\n|-unboost|p1a: Chansey|spd|1\n|\n|upkeep\n|turn|51\n|\n|t:|1785636386\n|move|p2a: Starmie|Psychic|p1a: Chansey\n|-crit|p1a: Chansey\n|-damage|p1a: Chansey|0 fnt\n|faint|p1a: Chansey\n|c|☆sadisticnarwhal|gg\n|-message|sadisticnarwhal forfeited.\n|\n|win|wooooo rby\n|player|p1|\n|c|☆wooooo rby|gg\n|player|p2|\n","uploadtime":1785636388,"views":"101","formatid":"gen1ou","rating":null,"private":0,"password":null}