{"id":"smogtours-gen1ou-922900","format":"[Gen 1] OU","players":["Sceptross","BeeOrSomething"],"log":"|inactive|Battle timer is ON: inactive players will automatically lose when time's up.\n|t:|1775314249\n|gametype|singles\n|player|p1|Sceptross|#splxviicryonicles2|\n|player|p2|BeeOrSomething|#beeorsomething|\n|gen|1\n|tier|[Gen 1] OU\n|rule|Desync Clause Mod: Desyncs changed to move failure.\n|rule|HP Percentage Mod: HP is shown in percentages\n|rule|Endless Battle Clause: Forcing endless battles is banned\n|rule|Sleep Clause Mod: Limit one foe put to sleep\n|rule|Freeze Clause Mod: Limit one foe frozen\n|rule|Species Clause: Limit one of each Pokémon\n|rule|OHKO Clause: OHKO moves are banned\n|rule|Evasion Moves Clause: Evasion moves are banned\n|\n|t:|1775314249\n|teamsize|p1|6\n|teamsize|p2|6\n|start\n|switch|p1a: Jynx|Jynx|100/100\n|switch|p2a: Black Devil|Gengar|100/100\n|turn|1\n|c|☆BeeOrSomething|glhf\n|c|☆Sceptross|gl hf\n|c|+ho3nconfirm3d|gamer fight\n|\n|t:|1775314271\n|move|p2a: Black Devil|Hypnosis|p1a: Jynx\n|-status|p1a: Jynx|slp|[from] move: Hypnosis\n|cant|p1a: Jynx|slp\n|\n|upkeep\n|turn|2\n|\n|t:|1775314280\n|switch|p1a: Chansey|Chansey|100/100\n|move|p2a: Black Devil|Night Shade|p1a: Chansey\n|-damage|p1a: Chansey|86/100\n|\n|upkeep\n|turn|3\n|\n|t:|1775314294\n|switch|p1a: Starmie|Starmie|100/100\n|move|p2a: Black Devil|Night Shade|p1a: Starmie\n|-damage|p1a: Starmie|70/100\n|\n|upkeep\n|turn|4\n|\n|t:|1775314312\n|switch|p2a: Seriously Sweet|Chansey|100/100\n|move|p1a: Starmie|Thunder Wave|p2a: Seriously Sweet\n|-status|p2a: Seriously Sweet|par\n|\n|upkeep\n|turn|5\n|rated|Smogon Premier League\n|\n|t:|1775314330\n|switch|p1a: Jynx|Jynx|100/100 slp\n|move|p2a: Seriously Sweet|Ice Beam|p1a: Jynx\n|-resisted|p1a: Jynx\n|-damage|p1a: Jynx|89/100 slp\n|\n|upkeep\n|turn|6\n|\n|t:|1775314337\n|switch|p1a: Snorlax|Snorlax|100/100\n|switch|p2a: Just This Once|Snorlax|100/100\n|\n|upkeep\n|turn|7\n|\n|t:|1775314350\n|move|p1a: Snorlax|Body Slam|p2a: Just This Once\n|-damage|p2a: Just This Once|76/100\n|move|p2a: Just This Once|Reflect|p2a: Just This Once\n|-start|p2a: Just This Once|Reflect\n|\n|upkeep\n|turn|8\n|\n|t:|1775314354\n|move|p2a: Just This Once|Body Slam|p1a: Snorlax\n|-damage|p1a: Snorlax|72/100\n|move|p1a: Snorlax|Reflect|p1a: Snorlax\n|-start|p1a: Snorlax|Reflect\n|\n|upkeep\n|turn|9\n|\n|t:|1775314362\n|move|p1a: Snorlax|Body Slam|p2a: Just This Once\n|-damage|p2a: Just This Once|63/100\n|move|p2a: Just This Once|Body Slam|p1a: Snorlax\n|-damage|p1a: Snorlax|58/100\n|\n|upkeep\n|turn|10\n|\n|t:|1775314378\n|move|p1a: Snorlax|Body Slam|p2a: Just This Once\n|-damage|p2a: Just This Once|49/100\n|move|p2a: Just This Once|Body Slam|p1a: Snorlax\n|-damage|p1a: Snorlax|44/100\n|\n|upkeep\n|turn|11\n|\n|t:|1775314390\n|switch|p2a: Taste Of Iron|Exeggutor|100/100\n|move|p1a: Snorlax|Rest|p1a: Snorlax\n|-status|p1a: Snorlax|slp|[from] move: Rest\n|-heal|p1a: Snorlax|100/100 slp|[silent]\n|\n|upkeep\n|turn|12\n|\n|t:|1775314413\n|switch|p1a: Chansey|Chansey|86/100\n|move|p2a: Taste Of Iron|Psychic|p1a: Chansey\n|-crit|p1a: Chansey\n|-damage|p1a: Chansey|53/100\n|\n|upkeep\n|turn|13\n|\n|t:|1775314419\n|move|p2a: Taste Of Iron|Stun Spore|p1a: Chansey\n|-status|p1a: Chansey|par\n|move|p1a: Chansey|Thunder Wave|p2a: Taste Of Iron\n|-status|p2a: Taste Of Iron|par\n|\n|upkeep\n|turn|14\n|\n|t:|1775314425\n|switch|p2a: Just This Once|Snorlax|49/100\n|move|p1a: Chansey|Soft-Boiled|p1a: Chansey\n|-heal|p1a: Chansey|100/100 par\n|\n|upkeep\n|turn|15\n|\n|t:|1775314431\n|move|p2a: Just This Once|Reflect|p2a: Just This Once\n|-start|p2a: Just This Once|Reflect\n|cant|p1a: Chansey|par\n|\n|upkeep\n|turn|16\n|\n|t:|1775314437\n|move|p2a: Just This Once|Self-Destruct|p1a: Chansey\n|-damage|p1a: Chansey|0 fnt\n|faint|p1a: Chansey\n|faint|p2a: Just This Once\n|\n|t:|1775314456\n|switch|p2a: Taste Of Iron|Exeggutor|100/100 par\n|switch|p1a: Starmie|Starmie|70/100\n|turn|17\n|inactive|Sceptross has 270 seconds left.\n|\n|t:|1775314489\n|switch|p2a: Seriously Sweet|Chansey|100/100 par\n|move|p1a: Starmie|Surf|p2a: Seriously Sweet\n|-damage|p2a: Seriously Sweet|84/100 par\n|\n|upkeep\n|turn|18\n|inactive|Sceptross has 270 seconds left.\n|\n|t:|1775314506\n|switch|p1a: Snorlax|Snorlax|100/100 slp\n|move|p2a: Seriously Sweet|Ice Beam|p1a: Snorlax\n|-damage|p1a: Snorlax|83/100 slp\n|\n|upkeep\n|turn|19\n|\n|t:|1775314530\n|switch|p2a: Black Devil|Gengar|100/100\n|cant|p1a: Snorlax|slp\n|\n|upkeep\n|turn|20\n|\n|t:|1775314535\n|move|p2a: Black Devil|Night Shade|p1a: Snorlax\n|-damage|p1a: Snorlax|63/100 slp\n|-curestatus|p1a: Snorlax|slp|[msg]\n|\n|upkeep\n|turn|21\n|inactive|Sceptross has 270 seconds left.\n|\n|t:|1775314581\n|switch|p2a: Taste Of Iron|Exeggutor|100/100 par\n|move|p1a: Snorlax|Earthquake|p2a: Taste Of Iron\n|-resisted|p2a: Taste Of Iron\n|-damage|p2a: Taste Of Iron|90/100 par\n|\n|upkeep\n|turn|22\n|\n|t:|1775314587\n|move|p1a: Snorlax|Body Slam|p2a: Taste Of Iron\n|-damage|p2a: Taste Of Iron|59/100 par\n|cant|p2a: Taste Of Iron|par\n|\n|upkeep\n|turn|23\n|inactive|Sceptross has 240 seconds left.\n|\n|t:|1775314620\n|move|p1a: Snorlax|Reflect|p1a: Snorlax\n|-start|p1a: Snorlax|Reflect\n|cant|p2a: Taste Of Iron|par\n|\n|upkeep\n|turn|24\n|\n|t:|1775314632\n|move|p1a: Snorlax|Body Slam|p2a: Taste Of Iron\n|-damage|p2a: Taste Of Iron|31/100 par\n|move|p2a: Taste Of Iron|Psychic|p1a: Snorlax\n|-damage|p1a: Snorlax|32/100\n|\n|upkeep\n|turn|25\n|\n|t:|1775314641\n|move|p1a: Snorlax|Body Slam|p2a: Taste Of Iron\n|-damage|p2a: Taste Of Iron|2/100 par\n|move|p2a: Taste Of Iron|Explosion|p1a: Snorlax\n|-damage|p1a: Snorlax|2/100\n|faint|p2a: Taste Of Iron\n|\n|t:|1775314647\n|switch|p2a: Blessed|Tauros|100/100\n|turn|26\n|inactive|Sceptross has 240 seconds left.\n|inactive|Sceptross has 210 seconds left.\n|inactive|Sceptross has 180 seconds left.\n|inactive|Sceptross has 150 seconds left.\n|inactive|Sceptross has 120 seconds left.\n|\n|t:|1775314802\n|move|p2a: Blessed|Body Slam|p1a: Snorlax\n|-damage|p1a: Snorlax|0 fnt\n|faint|p1a: Snorlax\n|\n|t:|1775314807\n|switch|p1a: Starmie|Starmie|70/100\n|turn|27\n|\n|t:|1775314822\n|switch|p2a: Seriously Sweet|Chansey|84/100 par\n|move|p1a: Starmie|Recover|p1a: Starmie\n|-heal|p1a: Starmie|100/100\n|\n|upkeep\n|turn|28\n|\n|t:|1775314835\n|move|p1a: Starmie|Surf|p2a: Seriously Sweet\n|-damage|p2a: Seriously Sweet|68/100 par\n|cant|p2a: Seriously Sweet|par\n|\n|upkeep\n|turn|29\n|\n|t:|1775314853\n|switch|p1a: Tauros|Tauros|100/100\n|cant|p2a: Seriously Sweet|par\n|\n|upkeep\n|turn|30\n|\n|t:|1775314876\n|switch|p2a: Black Devil|Gengar|100/100\n|move|p1a: Tauros|Body Slam|p2a: Black Devil\n|-immune|p2a: Black Devil\n|\n|upkeep\n|turn|31\n|inactive|Sceptross has 90 seconds left.\n|inactive|BeeOrSomething has 270 seconds left.\n|\n|t:|1775314925\n|switch|p2a: Thin Ice Breaker|Starmie|100/100\n|move|p1a: Tauros|Earthquake|p2a: Thin Ice Breaker\n|-damage|p2a: Thin Ice Breaker|76/100\n|\n|upkeep\n|turn|32\n|inactive|Sceptross has 60 seconds left.\n|\n|t:|1775314952\n|switch|p1a: Rhydon|Rhydon|100/100\n|move|p2a: Thin Ice Breaker|Thunder Wave|p1a: Rhydon\n|-immune|p1a: Rhydon\n|\n|upkeep\n|turn|33\n|inactive|Sceptross has 60 seconds left.\n|inactive|BeeOrSomething has 240 seconds left.\n|inactive|BeeOrSomething has 210 seconds left.\n|\n|t:|1775315032\n|switch|p1a: Starmie|Starmie|100/100\n|move|p2a: Thin Ice Breaker|Thunderbolt|p1a: Starmie\n|-crit|p1a: Starmie\n|-supereffective|p1a: Starmie\n|-damage|p1a: Starmie|11/100\n|\n|upkeep\n|turn|34\n|inactive|Sceptross has 30 seconds left.\n|inactive|Sceptross has 20 seconds left.\n|\n|t:|1775315064\n|move|p1a: Starmie|Thunder Wave|p2a: Thin Ice Breaker\n|-status|p2a: Thin Ice Breaker|par\n|cant|p2a: Thin Ice Breaker|par\n|\n|upkeep\n|turn|35\n|inactive|Sceptross has 30 seconds left this turn.\n|inactive|Sceptross has 20 seconds left.\n|\n|t:|1775315076\n|move|p1a: Starmie|Recover|p1a: Starmie\n|-heal|p1a: Starmie|61/100\n|cant|p2a: Thin Ice Breaker|par\n|\n|upkeep\n|turn|36\n|inactive|Sceptross has 30 seconds left this turn.\n|\n|t:|1775315085\n|move|p1a: Starmie|Thunderbolt|p2a: Thin Ice Breaker\n|-supereffective|p2a: Thin Ice Breaker\n|-damage|p2a: Thin Ice Breaker|32/100 par\n|move|p2a: Thin Ice Breaker|Thunder Wave|p1a: Starmie\n|-status|p1a: Starmie|par\n|\n|upkeep\n|turn|37\n|inactive|Sceptross has 30 seconds left.\n|inactive|Sceptross has 20 seconds left.\n|inactive|Sceptross has 15 seconds left.\n|inactive|Sceptross has 10 seconds left.\n|\n|t:|1775315113\n|move|p2a: Thin Ice Breaker|Thunderbolt|p1a: Starmie\n|-crit|p1a: Starmie\n|-supereffective|p1a: Starmie\n|-damage|p1a: Starmie|0 fnt\n|faint|p1a: Starmie\n|inactive|Sceptross has 15 seconds left this turn.\n|inactive|Sceptross has 10 seconds left.\n|\n|t:|1775315118\n|switch|p1a: Tauros|Tauros|100/100\n|turn|38\n|inactive|Sceptross has 20 seconds left this turn.\n|inactive|BeeOrSomething has 210 seconds left.\n|\n|t:|1775315143\n|switch|p2a: Black Devil|Gengar|100/100\n|move|p1a: Tauros|Body Slam|p2a: Black Devil\n|-immune|p2a: Black Devil\n|\n|upkeep\n|turn|39\n|inactive|Sceptross has 30 seconds left this turn.\n|inactive|Sceptross has 20 seconds left.\n|\n|t:|1775315157\n|move|p1a: Tauros|Earthquake|p2a: Black Devil\n|-supereffective|p2a: Black Devil\n|-damage|p2a: Black Devil|31/100\n|move|p2a: Black Devil|Psychic|p1a: Tauros\n|-crit|p1a: Tauros\n|-damage|p1a: Tauros|39/100\n|\n|upkeep\n|turn|40\n|inactive|Sceptross has 30 seconds left this turn.\n|inactive|Sceptross has 20 seconds left.\n|inactive|Sceptross has 15 seconds left.\n|inactive|Sceptross has 10 seconds left.\n|\n|t:|1775315181\n|switch|p1a: Jynx|Jynx|89/100 slp\n|move|p2a: Black Devil|Psychic|p1a: Jynx\n|-resisted|p1a: Jynx\n|-damage|p1a: Jynx|77/100 slp\n|\n|upkeep\n|turn|41\n|inactive|Sceptross has 20 seconds left this turn.\n|\n|t:|1775315188\n|move|p2a: Black Devil|Psychic|p1a: Jynx\n|-resisted|p1a: Jynx\n|-damage|p1a: Jynx|63/100 slp\n|-unboost|p1a: Jynx|spa|1\n|-unboost|p1a: Jynx|spd|1\n|-curestatus|p1a: Jynx|slp|[msg]\n|\n|upkeep\n|turn|42\n|inactive|Sceptross has 30 seconds left this turn.\n|\n|t:|1775315202\n|switch|p2a: Seriously Sweet|Chansey|68/100 par\n|move|p1a: Jynx|Psychic|p2a: Seriously Sweet\n|-crit|p2a: Seriously Sweet\n|-damage|p2a: Seriously Sweet|38/100 par\n|\n|upkeep\n|turn|43\n|inactive|Sceptross has 30 seconds left.\n|inactive|Sceptross has 20 seconds left.\n|inactive|Sceptross has 15 seconds left.\n|\n|t:|1775315230\n|switch|p1a: Tauros|Tauros|39/100\n|move|p2a: Seriously Sweet|Soft-Boiled|p2a: Seriously Sweet\n|-heal|p2a: Seriously Sweet|88/100 par\n|\n|upkeep\n|turn|44\n|inactive|Sceptross has 25 seconds left this turn.\n|inactive|Sceptross has 20 seconds left.\n|inactive|Sceptross has 15 seconds left.\n|\n|t:|1775315241\n|switch|p1a: Rhydon|Rhydon|100/100\n|move|p2a: Seriously Sweet|Thunder Wave|p1a: Rhydon\n|-immune|p1a: Rhydon\n|\n|upkeep\n|turn|45\n|inactive|Sceptross has 25 seconds left this turn.\n|inactive|Sceptross has 20 seconds left.\n|inactive|BeeOrSomething has 240 seconds left.\n|inactive|Sceptross has 15 seconds left.\n|\n|t:|1775315253\n|move|p1a: Rhydon|Earthquake|p2a: Seriously Sweet\n|-damage|p2a: Seriously Sweet|37/100 par\n|move|p2a: Seriously Sweet|Ice Beam|p1a: Rhydon\n|-supereffective|p1a: Rhydon\n|-damage|p1a: Rhydon|37/100\n|\n|upkeep\n|turn|46\n|inactive|Sceptross has 25 seconds left this turn.\n|\n|t:|1775315259\n|move|p1a: Rhydon|Earthquake|p2a: Seriously Sweet\n|-damage|p2a: Seriously Sweet|0 fnt\n|faint|p2a: Seriously Sweet\n|inactive|BeeOrSomething has 240 seconds left.\n|inactive|BeeOrSomething has 210 seconds left.\n|\n|t:|1775315309\n|switch|p2a: Black Devil|Gengar|31/100\n|turn|47\n|inactive|BeeOrSomething has 210 seconds left.\n|inactive|Sceptross has 30 seconds left.\n|inactive|Sceptross has 20 seconds left.\n|inactive|Sceptross has 15 seconds left.\n|inactive|Sceptross has 10 seconds left.\n|inactive|Sceptross has 5 seconds left.\n|\n|t:|1775315346\n|switch|p1a: Jynx|Jynx|63/100\n|move|p2a: Black Devil|Psychic|p1a: Jynx\n|-resisted|p1a: Jynx\n|-damage|p1a: Jynx|49/100\n|-unboost|p1a: Jynx|spa|1\n|-unboost|p1a: Jynx|spd|1\n|\n|upkeep\n|turn|48\n|inactive|Sceptross has 15 seconds left this turn.\n|inactive|Sceptross has 10 seconds left.\n|inactive|BeeOrSomething has 210 seconds left.\n|\n|t:|1775315357\n|switch|p2a: Thin Ice Breaker|Starmie|32/100 par\n|move|p1a: Jynx|Psychic|p2a: Thin Ice Breaker\n|-resisted|p2a: Thin Ice Breaker\n|-damage|p2a: Thin Ice Breaker|22/100 par\n|\n|upkeep\n|turn|49\n|inactive|Sceptross has 20 seconds left this turn.\n|inactive|Sceptross has 15 seconds left.\n|inactive|BeeOrSomething has 210 seconds left.\n|inactive|Sceptross has 10 seconds left.\n|\n|t:|1775315376\n|switch|p1a: Rhydon|Rhydon|37/100\n|move|p2a: Thin Ice Breaker|Surf|p1a: Rhydon\n|-supereffective|p1a: Rhydon\n|-damage|p1a: Rhydon|0 fnt\n|faint|p1a: Rhydon\n|inactive|Sceptross has 15 seconds left this turn.\n|inactive|Sceptross has 10 seconds left.\n|\n|t:|1775315384\n|switch|p1a: Tauros|Tauros|39/100\n|turn|50\n|inactive|Sceptross has 20 seconds left this turn.\n|\n|t:|1775315386\n|move|p1a: Tauros|Body Slam|p2a: Thin Ice Breaker\n|-damage|p2a: Thin Ice Breaker|0 fnt\n|faint|p2a: Thin Ice Breaker\n|inactive|BeeOrSomething has 210 seconds left.\n|\n|t:|1775315405\n|switch|p2a: Black Devil|Gengar|31/100\n|turn|51\n|inactive|Sceptross has 30 seconds left.\n|\n|t:|1775315414\n|switch|p1a: Jynx|Jynx|49/100\n|move|p2a: Black Devil|Explosion|p1a: Jynx\n|-damage|p1a: Jynx|0 fnt\n|faint|p1a: Jynx\n|faint|p2a: Black Devil\n|inactive|Sceptross has 30 seconds left.\n|\n|t:|1775315428\n|switch|p2a: Blessed|Tauros|100/100\n|switch|p1a: Tauros|Tauros|39/100\n|turn|52\n|\n|t:|1775315431\n|move|p2a: Blessed|Hyper Beam|p1a: Tauros\n|-crit|p1a: Tauros\n|-damage|p1a: Tauros|0 fnt\n|faint|p1a: Tauros\n|\n|win|BeeOrSomething\n|c|☆Sceptross|ggs\n|c|☆BeeOrSomething|gg\n|player|p2|\n|player|p1|\n|player|p2|BeeOrSomething|#beeorsomething|\n|player|p2|\n","uploadtime":1775315431,"views":"1149","formatid":"gen1ou","rating":null,"private":0,"password":null}