{"id":"smogtours-gen1ou-902146","format":"[Gen 1] OU","players":["Girls See Ghosts","BeeOrSomething"],"log":"|inactive|Battle timer is ON: inactive players will automatically lose when time's up.\n|t:|1769289486\n|gametype|singles\n|player|p1|Girls See Ghosts|#rbtt9hoopers|\n|player|p2|BeeOrSomething|#beeorsomething|\n|gen|1\n|tier|[Gen 1] OU\n|rule|Desync Clause Mod: Desyncs changed to move failure.\n|rule|Sleep Clause Mod: Limit one foe put to sleep\n|rule|Freeze Clause Mod: Limit one foe frozen\n|rule|Species Clause: Limit one of each Pokémon\n|rule|OHKO Clause: OHKO moves are banned\n|rule|Evasion Moves Clause: Evasion moves are banned\n|rule|Endless Battle Clause: Forcing endless battles is banned\n|rule|HP Percentage Mod: HP is shown in percentages\n|\n|t:|1769289486\n|teamsize|p1|6\n|teamsize|p2|6\n|start\n|switch|p1a: Jynx|Jynx|100/100\n|switch|p2a: No Heart|Gengar|100/100\n|turn|1\n|c|☆BeeOrSomething|glhf\n|c|☆Girls See Ghosts|glhf\n|\n|t:|1769289516\n|move|p2a: No Heart|Hypnosis|p1a: Jynx|[miss]\n|-miss|p2a: No Heart\n|move|p1a: Jynx|Lovely Kiss|p2a: No Heart\n|-status|p2a: No Heart|slp|[from] move: Lovely Kiss\n|\n|upkeep\n|turn|2\n|\n|t:|1769289534\n|switch|p2a: Untouched Oranges|Chansey|100/100\n|move|p1a: Jynx|Blizzard|p2a: Untouched Oranges\n|-damage|p2a: Untouched Oranges|82/100\n|\n|upkeep\n|turn|3\n|\n|t:|1769289539\n|move|p1a: Jynx|Blizzard|p2a: Untouched Oranges\n|-damage|p2a: Untouched Oranges|62/100\n|move|p2a: Untouched Oranges|Sing|p1a: Jynx|[miss]\n|-miss|p2a: Untouched Oranges\n|\n|upkeep\n|turn|4\n|\n|t:|1769289545\n|move|p1a: Jynx|Blizzard|p2a: Untouched Oranges\n|-damage|p2a: Untouched Oranges|43/100\n|move|p2a: Untouched Oranges|Sing|p1a: Jynx|[miss]\n|-miss|p2a: Untouched Oranges\n|\n|upkeep\n|turn|5\n|\n|t:|1769289550\n|move|p1a: Jynx|Blizzard|p2a: Untouched Oranges\n|-crit|p2a: Untouched Oranges\n|-damage|p2a: Untouched Oranges|5/100\n|move|p2a: Untouched Oranges|Soft-Boiled|p2a: Untouched Oranges\n|-heal|p2a: Untouched Oranges|55/100\n|\n|upkeep\n|turn|6\n|\n|t:|1769289554\n|move|p1a: Jynx|Blizzard|p2a: Untouched Oranges\n|-damage|p2a: Untouched Oranges|35/100\n|move|p2a: Untouched Oranges|Soft-Boiled|p2a: Untouched Oranges\n|-heal|p2a: Untouched Oranges|85/100\n|\n|upkeep\n|turn|7\n|\n|t:|1769289560\n|move|p1a: Jynx|Blizzard|p2a: Untouched Oranges\n|-damage|p2a: Untouched Oranges|65/100\n|move|p2a: Untouched Oranges|Sing|p1a: Jynx|[miss]\n|-miss|p2a: Untouched Oranges\n|\n|upkeep\n|turn|8\n|\n|t:|1769289572\n|switch|p2a: No Heart|Gengar|100/100 slp\n|move|p1a: Jynx|Psychic|p2a: No Heart\n|-supereffective|p2a: No Heart\n|-damage|p2a: No Heart|45/100 slp\n|\n|upkeep\n|turn|9\n|\n|t:|1769289579\n|switch|p2a: Untouched Oranges|Chansey|65/100\n|move|p1a: Jynx|Psychic|p2a: Untouched Oranges\n|-damage|p2a: Untouched Oranges|50/100\n|\n|upkeep\n|turn|10\n|\n|t:|1769289583\n|move|p1a: Jynx|Blizzard|p2a: Untouched Oranges\n|-damage|p2a: Untouched Oranges|31/100\n|move|p2a: Untouched Oranges|Soft-Boiled|p2a: Untouched Oranges\n|-heal|p2a: Untouched Oranges|80/100\n|\n|upkeep\n|turn|11\n|\n|t:|1769289589\n|move|p1a: Jynx|Blizzard|p2a: Untouched Oranges\n|-damage|p2a: Untouched Oranges|62/100\n|-status|p2a: Untouched Oranges|frz\n|cant|p2a: Untouched Oranges|frz\n|\n|upkeep\n|turn|12\n|inactive|Girls See Ghosts has 270 seconds left.\n|rated|Smogon Premier League\n|\n|t:|1769289622\n|switch|p2a: Say That Again|Exeggutor|100/100\n|move|p1a: Jynx|Psychic|p2a: Say That Again\n|-resisted|p2a: Say That Again\n|-damage|p2a: Say That Again|90/100\n|-unboost|p2a: Say That Again|spa|1\n|-unboost|p2a: Say That Again|spd|1\n|\n|upkeep\n|turn|13\n|\n|t:|1769289631\n|switch|p2a: Untouched Oranges|Chansey|62/100 frz\n|move|p1a: Jynx|Psychic|p2a: Untouched Oranges\n|-damage|p2a: Untouched Oranges|48/100 frz\n|\n|upkeep\n|turn|14\n|\n|t:|1769289636\n|switch|p2a: Say That Again|Exeggutor|90/100\n|move|p1a: Jynx|Psychic|p2a: Say That Again\n|-resisted|p2a: Say That Again\n|-damage|p2a: Say That Again|78/100\n|\n|upkeep\n|turn|15\n|\n|t:|1769289642\n|move|p1a: Jynx|Psychic|p2a: Say That Again\n|-resisted|p2a: Say That Again\n|-damage|p2a: Say That Again|68/100\n|move|p2a: Say That Again|Sleep Powder|p1a: Jynx\n|-status|p1a: Jynx|slp|[from] move: Sleep Powder\n|\n|upkeep\n|turn|16\n|\n|t:|1769289661\n|switch|p1a: Chansey|Chansey|100/100\n|move|p2a: Say That Again|Stun Spore|p1a: Chansey|[miss]\n|-miss|p2a: Say That Again\n|\n|upkeep\n|turn|17\n|inactive|Girls See Ghosts has 270 seconds left.\n|inactive|Girls See Ghosts has 240 seconds left.\n|\n|t:|1769289717\n|switch|p1a: Jynx|Jynx|100/100 slp\n|move|p2a: Say That Again|Stun Spore|p1a: Jynx\n|-fail|p1a: Jynx\n|\n|upkeep\n|turn|18\n|inactive|Girls See Ghosts has 240 seconds left.\n|\n|t:|1769289724\n|switch|p1a: Exeggutor|Exeggutor|100/100\n|move|p2a: Say That Again|Stun Spore|p1a: Exeggutor\n|-status|p1a: Exeggutor|par\n|\n|upkeep\n|turn|19\n|\n|t:|1769289731\n|move|p2a: Say That Again|Psychic|p1a: Exeggutor\n|-resisted|p1a: Exeggutor\n|-damage|p1a: Exeggutor|88/100 par\n|move|p1a: Exeggutor|Stun Spore|p2a: Say That Again\n|-status|p2a: Say That Again|par\n|\n|upkeep\n|turn|20\n|\n|t:|1769289734\n|cant|p1a: Exeggutor|par\n|cant|p2a: Say That Again|par\n|\n|upkeep\n|turn|21\n|\n|t:|1769289736\n|cant|p1a: Exeggutor|par\n|move|p2a: Say That Again|Psychic|p1a: Exeggutor\n|-resisted|p1a: Exeggutor\n|-damage|p1a: Exeggutor|75/100 par\n|\n|upkeep\n|turn|22\n|\n|t:|1769289739\n|move|p2a: Say That Again|Psychic|p1a: Exeggutor\n|-resisted|p1a: Exeggutor\n|-damage|p1a: Exeggutor|62/100 par\n|move|p1a: Exeggutor|Psychic|p2a: Say That Again\n|-resisted|p2a: Say That Again\n|-damage|p2a: Say That Again|55/100 par\n|-unboost|p2a: Say That Again|spa|1\n|-unboost|p2a: Say That Again|spd|1\n|\n|upkeep\n|turn|23\n|\n|t:|1769289750\n|switch|p2a: Untouched Oranges|Chansey|48/100 frz\n|move|p1a: Exeggutor|Psychic|p2a: Untouched Oranges\n|-damage|p2a: Untouched Oranges|33/100 frz\n|\n|upkeep\n|turn|24\n|inactive|Girls See Ghosts has 270 seconds left.\n|inactive|BeeOrSomething has 270 seconds left.\n|\n|t:|1769289790\n|switch|p2a: Goose & Reed|Zapdos|100/100\n|move|p1a: Exeggutor|Psychic|p2a: Goose & Reed\n|-damage|p2a: Goose & Reed|75/100\n|\n|upkeep\n|turn|25\n|inactive|BeeOrSomething has 270 seconds left.\n|inactive|Girls See Ghosts has 270 seconds left.\n|\n|t:|1769289816\n|move|p2a: Goose & Reed|Drill Peck|p1a: Exeggutor\n|-supereffective|p1a: Exeggutor\n|-damage|p1a: Exeggutor|9/100 par\n|move|p1a: Exeggutor|Psychic|p2a: Goose & Reed\n|-damage|p2a: Goose & Reed|49/100\n|-unboost|p2a: Goose & Reed|spa|1\n|-unboost|p2a: Goose & Reed|spd|1\n|\n|upkeep\n|turn|26\n|\n|t:|1769289829\n|move|p2a: Goose & Reed|Thunderbolt|p1a: Exeggutor\n|-resisted|p1a: Exeggutor\n|-damage|p1a: Exeggutor|0 fnt\n|faint|p1a: Exeggutor\n|\n|t:|1769289849\n|switch|p1a: Chansey|Chansey|100/100\n|turn|27\n|inactive|BeeOrSomething has 270 seconds left.\n|\n|t:|1769289862\n|switch|p2a: Untouched Oranges|Chansey|33/100 frz\n|move|p1a: Chansey|Ice Beam|p2a: Untouched Oranges\n|-damage|p2a: Untouched Oranges|22/100 frz\n|\n|upkeep\n|turn|28\n|\n|t:|1769289866\n|move|p1a: Chansey|Ice Beam|p2a: Untouched Oranges\n|-damage|p2a: Untouched Oranges|12/100 frz\n|cant|p2a: Untouched Oranges|frz\n|\n|upkeep\n|turn|29\n|inactive|Girls See Ghosts has 270 seconds left.\n|inactive|Girls See Ghosts has 240 seconds left.\n|inactive|Girls See Ghosts has 210 seconds left.\n|\n|t:|1769289949\n|move|p1a: Chansey|Ice Beam|p2a: Untouched Oranges\n|-damage|p2a: Untouched Oranges|0 fnt\n|faint|p2a: Untouched Oranges\n|\n|t:|1769289952\n|switch|p2a: Goose & Reed|Zapdos|49/100\n|turn|30\n|\n|t:|1769289956\n|move|p2a: Goose & Reed|Thunder Wave|p1a: Chansey\n|-status|p1a: Chansey|par\n|move|p1a: Chansey|Thunder Wave|p2a: Goose & Reed\n|-status|p2a: Goose & Reed|par\n|\n|upkeep\n|turn|31\n|\n|t:|1769289965\n|move|p2a: Goose & Reed|Drill Peck|p1a: Chansey\n|-damage|p1a: Chansey|67/100 par\n|cant|p1a: Chansey|par\n|\n|upkeep\n|turn|32\n|\n|t:|1769289977\n|move|p2a: Goose & Reed|Drill Peck|p1a: Chansey\n|-crit|p1a: Chansey\n|-damage|p1a: Chansey|0 fnt\n|faint|p1a: Chansey\n|\n|t:|1769289979\n|switch|p1a: Articuno|Articuno|100/100\n|turn|33\n|\n|t:|1769290003\n|move|p1a: Articuno|Ice Beam|p2a: Goose & Reed\n|-supereffective|p2a: Goose & Reed\n|-damage|p2a: Goose & Reed|0 fnt\n|faint|p2a: Goose & Reed\n|\n|t:|1769290006\n|switch|p2a: I'm Glad|Snorlax|100/100\n|turn|34\n|\n|t:|1769290011\n|switch|p1a: Snorlax|Snorlax|100/100\n|move|p2a: I'm Glad|Body Slam|p1a: Snorlax\n|-damage|p1a: Snorlax|75/100\n|\n|upkeep\n|turn|35\n|\n|t:|1769290015\n|move|p1a: Snorlax|Reflect|p1a: Snorlax\n|-start|p1a: Snorlax|Reflect\n|move|p2a: I'm Glad|Counter|p1a: Snorlax\n|-fail|p2a: I'm Glad\n|\n|upkeep\n|turn|36\n|\n|t:|1769290019\n|move|p1a: Snorlax|Body Slam|p2a: I'm Glad\n|-damage|p2a: I'm Glad|75/100\n|move|p2a: I'm Glad|Counter|p1a: Snorlax\n|-damage|p1a: Snorlax|24/100\n|\n|upkeep\n|turn|37\n|\n|t:|1769290025\n|switch|p2a: Say That Again|Exeggutor|55/100 par\n|move|p1a: Snorlax|Self-Destruct|p2a: Say That Again\n|-damage|p2a: Say That Again|0 fnt\n|faint|p2a: Say That Again\n|faint|p1a: Snorlax\n|inactive|Girls See Ghosts has 270 seconds left.\n|\n|t:|1769290041\n|switch|p1a: Articuno|Articuno|100/100\n|switch|p2a: I'm Glad|Snorlax|75/100\n|turn|38\n|inactive|Girls See Ghosts has 270 seconds left.\n|\n|t:|1769290059\n|switch|p1a: Jynx|Jynx|100/100 slp\n|move|p2a: I'm Glad|Self-Destruct|p1a: Jynx\n|-damage|p1a: Jynx|0 fnt\n|faint|p1a: Jynx\n|faint|p2a: I'm Glad\n|\n|t:|1769290066\n|switch|p1a: Articuno|Articuno|100/100\n|switch|p2a: Destroy Everything|Tauros|100/100\n|turn|39\n|\n|t:|1769290071\n|move|p2a: Destroy Everything|Body Slam|p1a: Articuno\n|-damage|p1a: Articuno|76/100\n|move|p1a: Articuno|Ice Beam|p2a: Destroy Everything\n|-damage|p2a: Destroy Everything|51/100\n|\n|upkeep\n|turn|40\n|\n|t:|1769290079\n|move|p2a: Destroy Everything|Hyper Beam|p1a: Articuno\n|-damage|p1a: Articuno|27/100\n|-mustrecharge|p2a: Destroy Everything\n|move|p1a: Articuno|Blizzard|p2a: Destroy Everything\n|-damage|p2a: Destroy Everything|0 fnt\n|faint|p2a: Destroy Everything\n|\n|t:|1769290081\n|switch|p2a: No Heart|Gengar|45/100 slp\n|turn|41\n|\n|t:|1769290083\n|cant|p2a: No Heart|slp\n|move|p1a: Articuno|Ice Beam|p2a: No Heart\n|-damage|p2a: No Heart|13/100 slp\n|\n|upkeep\n|turn|42\n|\n|t:|1769290085\n|-curestatus|p2a: No Heart|slp|[msg]\n|move|p1a: Articuno|Ice Beam|p2a: No Heart\n|-damage|p2a: No Heart|0 fnt\n|faint|p2a: No Heart\n|\n|win|Girls See Ghosts\n|c|☆Girls See Ghosts|gg\n|c|☆BeeOrSomething|gg\n|player|p2|\n","uploadtime":1769290085,"views":"1281","formatid":"gen1ou","rating":null,"private":0,"password":null}