{"id":"smogtours-gen1ou-950337","format":"[Gen 1] OU","players":["TheStupe","Mister Tim"],"log":"|inactive|Battle timer is ON: inactive players will automatically lose when time's up.\n|t:|1782507518\n|gametype|singles\n|player|p1|TheStupe|psychicf-gen4|\n|player|p2|Mister Tim|265|\n|gen|1\n|tier|[Gen 1] OU\n|rule|Desync Clause Mod: Desyncs changed to move failure.\n|rule|HP Percentage Mod: HP is shown in percentages\n|rule|Endless Battle Clause: Forcing endless battles is banned\n|rule|Sleep Clause Mod: Limit one foe put to sleep\n|rule|Freeze Clause Mod: Limit one foe frozen\n|rule|Species Clause: Limit one of each Pokémon\n|rule|OHKO Clause: OHKO moves are banned\n|rule|Evasion Moves Clause: Evasion moves are banned\n|\n|t:|1782507518\n|teamsize|p1|6\n|teamsize|p2|6\n|start\n|switch|p1a: Starmie|Starmie|100/100\n|switch|p2a: Alakazam|Alakazam|100/100\n|turn|1\n|c|☆TheStupe|glhf\n|c|☆Mister Tim|hf\n|inactive|Mister Tim has 270 seconds left.\n|\n|t:|1782507568\n|switch|p1a: Exeggutor|Exeggutor|100/100\n|move|p2a: Alakazam|Thunder Wave|p1a: Exeggutor\n|-status|p1a: Exeggutor|par\n|\n|upkeep\n|turn|2\n|\n|t:|1782507571\n|move|p2a: Alakazam|Seismic Toss|p1a: Exeggutor\n|-damage|p1a: Exeggutor|75/100 par\n|move|p1a: Exeggutor|Sleep Powder|p2a: Alakazam|[miss]\n|-miss|p1a: Exeggutor\n|\n|upkeep\n|turn|3\n|\n|t:|1782507573\n|move|p2a: Alakazam|Seismic Toss|p1a: Exeggutor\n|-damage|p1a: Exeggutor|50/100 par\n|cant|p1a: Exeggutor|par\n|\n|upkeep\n|turn|4\n|\n|t:|1782507579\n|move|p2a: Alakazam|Seismic Toss|p1a: Exeggutor\n|-damage|p1a: Exeggutor|24/100 par\n|move|p1a: Exeggutor|Sleep Powder|p2a: Alakazam\n|-status|p2a: Alakazam|slp|[from] move: Sleep Powder\n|\n|upkeep\n|turn|5\n|\n|t:|1782507593\n|switch|p2a: Snorlax|Snorlax|100/100\n|move|p1a: Exeggutor|Explosion|p2a: Snorlax\n|-damage|p2a: Snorlax|34/100\n|faint|p1a: Exeggutor\n|\n|t:|1782507601\n|switch|p1a: Tauros|Tauros|100/100\n|turn|6\n|\n|t:|1782507623\n|move|p1a: Tauros|Hyper Beam|p2a: Snorlax\n|-damage|p2a: Snorlax|0 fnt\n|faint|p2a: Snorlax\n|\n|t:|1782507626\n|switch|p2a: Exeggutor|Exeggutor|100/100\n|turn|7\n|\n|t:|1782507647\n|switch|p1a: Starmie|Starmie|100/100\n|move|p2a: Exeggutor|Sleep Powder|p1a: Starmie\n|-status|p1a: Starmie|slp|[from] move: Sleep Powder\n|\n|upkeep\n|turn|8\n|\n|t:|1782507673\n|switch|p2a: Chansey|Chansey|100/100\n|cant|p1a: Starmie|slp\n|\n|upkeep\n|turn|9\n|\n|t:|1782507677\n|switch|p1a: Chansey|Chansey|100/100\n|move|p2a: Chansey|Seismic Toss|p1a: Chansey\n|-damage|p1a: Chansey|86/100\n|\n|upkeep\n|turn|10\n|\n|t:|1782507683\n|move|p2a: Chansey|Seismic Toss|p1a: Chansey\n|-damage|p1a: Chansey|72/100\n|move|p1a: Chansey|Thunder Wave|p2a: Chansey\n|-status|p2a: Chansey|par\n|\n|upkeep\n|turn|11\n|\n|t:|1782507686\n|move|p1a: Chansey|Soft-Boiled|p1a: Chansey\n|-heal|p1a: Chansey|100/100\n|move|p2a: Chansey|Thunder Wave|p1a: Chansey\n|-status|p1a: Chansey|par\n|\n|upkeep\n|turn|12\n|\n|t:|1782507689\n|move|p1a: Chansey|Ice Beam|p2a: Chansey\n|-damage|p2a: Chansey|89/100 par\n|cant|p2a: Chansey|par\n|\n|upkeep\n|turn|13\n|\n|t:|1782507699\n|cant|p2a: Chansey|par\n|move|p1a: Chansey|Ice Beam|p2a: Chansey\n|-damage|p2a: Chansey|78/100 par\n|\n|upkeep\n|turn|14\n|\n|t:|1782507704\n|cant|p2a: Chansey|par\n|move|p1a: Chansey|Ice Beam|p2a: Chansey\n|-damage|p2a: Chansey|68/100 par\n|\n|upkeep\n|turn|15\n|\n|t:|1782507707\n|switch|p1a: Snorlax|Snorlax|100/100\n|move|p2a: Chansey|Seismic Toss|p1a: Snorlax\n|-damage|p1a: Snorlax|81/100\n|\n|upkeep\n|turn|16\n|\n|t:|1782507724\n|move|p1a: Snorlax|Body Slam|p2a: Chansey\n|-damage|p2a: Chansey|23/100 par\n|move|p2a: Chansey|Thunder Wave|p1a: Snorlax\n|-status|p1a: Snorlax|par\n|\n|upkeep\n|turn|17\n|\n|t:|1782507732\n|move|p2a: Chansey|Soft-Boiled|p2a: Chansey\n|-heal|p2a: Chansey|73/100 par\n|move|p1a: Snorlax|Body Slam|p2a: Chansey\n|-damage|p2a: Chansey|31/100 par\n|\n|upkeep\n|turn|18\n|\n|t:|1782507737\n|switch|p2a: Exeggutor|Exeggutor|100/100\n|move|p1a: Snorlax|Body Slam|p2a: Exeggutor\n|-damage|p2a: Exeggutor|69/100\n|\n|upkeep\n|turn|19\n|\n|t:|1782507749\n|switch|p1a: Chansey|Chansey|100/100 par\n|move|p2a: Exeggutor|Psychic|p1a: Chansey\n|-damage|p1a: Chansey|83/100 par\n|-unboost|p1a: Chansey|spa|1\n|-unboost|p1a: Chansey|spd|1\n|\n|upkeep\n|turn|20\n|\n|t:|1782507754\n|switch|p1a: Starmie|Starmie|100/100 slp\n|move|p2a: Exeggutor|Psychic|p1a: Starmie\n|-resisted|p1a: Starmie\n|-damage|p1a: Starmie|82/100 slp\n|\n|upkeep\n|turn|21\n|\n|t:|1782507757\n|cant|p1a: Starmie|slp\n|move|p2a: Exeggutor|Psychic|p1a: Starmie\n|-resisted|p1a: Starmie\n|-damage|p1a: Starmie|63/100 slp\n|\n|upkeep\n|turn|22\n|\n|t:|1782507760\n|-curestatus|p1a: Starmie|slp|[msg]\n|move|p2a: Exeggutor|Psychic|p1a: Starmie\n|-resisted|p1a: Starmie\n|-damage|p1a: Starmie|45/100\n|\n|upkeep\n|turn|23\n|\n|t:|1782507768\n|move|p1a: Starmie|Thunder Wave|p2a: Exeggutor\n|-status|p2a: Exeggutor|par\n|move|p2a: Exeggutor|Sleep Powder|p1a: Starmie\n|-status|p1a: Starmie|slp|[from] move: Sleep Powder\n|\n|upkeep\n|turn|24\n|\n|t:|1782507781\n|switch|p1a: Chansey|Chansey|83/100 par\n|switch|p2a: Tauros|Tauros|100/100\n|\n|upkeep\n|turn|25\n|\n|t:|1782507788\n|switch|p2a: Chansey|Chansey|31/100 par\n|cant|p1a: Chansey|par\n|\n|upkeep\n|turn|26\n|\n|t:|1782507791\n|switch|p1a: Snorlax|Snorlax|81/100 par\n|move|p2a: Chansey|Soft-Boiled|p2a: Chansey\n|-heal|p2a: Chansey|81/100 par\n|\n|upkeep\n|turn|27\n|\n|t:|1782507794\n|move|p2a: Chansey|Seismic Toss|p1a: Snorlax\n|-damage|p1a: Snorlax|62/100 par\n|move|p1a: Snorlax|Body Slam|p2a: Chansey\n|-damage|p2a: Chansey|37/100 par\n|\n|upkeep\n|turn|28\n|\n|t:|1782507796\n|move|p2a: Chansey|Soft-Boiled|p2a: Chansey\n|-heal|p2a: Chansey|87/100 par\n|cant|p1a: Snorlax|par\n|\n|upkeep\n|turn|29\n|\n|t:|1782507800\n|cant|p2a: Chansey|par\n|move|p1a: Snorlax|Body Slam|p2a: Chansey\n|-crit|p2a: Chansey\n|-damage|p2a: Chansey|1/100 par\n|\n|upkeep\n|turn|30\n|\n|t:|1782507803\n|move|p2a: Chansey|Soft-Boiled|p2a: Chansey\n|-heal|p2a: Chansey|51/100 par\n|move|p1a: Snorlax|Body Slam|p2a: Chansey\n|-damage|p2a: Chansey|13/100 par\n|\n|upkeep\n|turn|31\n|\n|t:|1782507805\n|move|p2a: Chansey|Soft-Boiled|p2a: Chansey\n|-heal|p2a: Chansey|63/100 par\n|move|p1a: Snorlax|Body Slam|p2a: Chansey\n|-damage|p2a: Chansey|20/100 par\n|\n|upkeep\n|turn|32\n|\n|t:|1782507808\n|move|p2a: Chansey|Soft-Boiled|p2a: Chansey\n|-heal|p2a: Chansey|70/100 par\n|move|p1a: Snorlax|Body Slam|p2a: Chansey\n|-damage|p2a: Chansey|27/100 par\n|\n|upkeep\n|turn|33\n|\n|t:|1782507812\n|move|p2a: Chansey|Soft-Boiled|p2a: Chansey\n|-heal|p2a: Chansey|77/100 par\n|move|p1a: Snorlax|Body Slam|p2a: Chansey\n|-damage|p2a: Chansey|37/100 par\n|\n|upkeep\n|turn|34\n|\n|t:|1782507815\n|cant|p2a: Chansey|par\n|move|p1a: Snorlax|Body Slam|p2a: Chansey\n|-damage|p2a: Chansey|0 fnt\n|faint|p2a: Chansey\n|\n|t:|1782507817\n|switch|p2a: Exeggutor|Exeggutor|69/100 par\n|turn|35\n|\n|t:|1782507824\n|switch|p1a: Chansey|Chansey|83/100 par\n|move|p2a: Exeggutor|Psychic|p1a: Chansey\n|-damage|p1a: Chansey|65/100 par\n|\n|upkeep\n|turn|36\n|\n|t:|1782507838\n|move|p2a: Exeggutor|Explosion|p1a: Chansey\n|-damage|p1a: Chansey|0 fnt\n|faint|p1a: Chansey\n|faint|p2a: Exeggutor\n|\n|t:|1782507850\n|switch|p2a: Tauros|Tauros|100/100\n|switch|p1a: Snorlax|Snorlax|62/100 par\n|turn|37\n|inactive|Mister Tim has 270 seconds left.\n|\n|t:|1782507877\n|switch|p2a: Alakazam|Alakazam|100/100 slp\n|cant|p1a: Snorlax|par\n|\n|upkeep\n|turn|38\n|\n|t:|1782507880\n|cant|p2a: Alakazam|slp\n|move|p1a: Snorlax|Body Slam|p2a: Alakazam\n|-damage|p2a: Alakazam|47/100 slp\n|\n|upkeep\n|turn|39\n|\n|t:|1782507883\n|cant|p2a: Alakazam|slp\n|move|p1a: Snorlax|Body Slam|p2a: Alakazam\n|-crit|p2a: Alakazam\n|-damage|p2a: Alakazam|0 fnt\n|faint|p2a: Alakazam\n|\n|t:|1782507885\n|switch|p2a: Tauros|Tauros|100/100\n|turn|40\n|\n|t:|1782507894\n|move|p2a: Tauros|Body Slam|p1a: Snorlax\n|-damage|p1a: Snorlax|37/100 par\n|cant|p1a: Snorlax|par\n|\n|upkeep\n|turn|41\n|\n|t:|1782507905\n|switch|p1a: Golem|Golem|100/100\n|move|p2a: Tauros|Hyper Beam|p1a: Golem\n|-resisted|p1a: Golem\n|-damage|p1a: Golem|80/100\n|-mustrecharge|p2a: Tauros\n|\n|upkeep\n|turn|42\n|\n|t:|1782507908\n|cant|p2a: Tauros|recharge\n|move|p1a: Golem|Earthquake|p2a: Tauros\n|-damage|p2a: Tauros|64/100\n|\n|upkeep\n|turn|43\n|\n|t:|1782507913\n|switch|p1a: Starmie|Starmie|45/100 slp\n|move|p2a: Tauros|Blizzard|p1a: Starmie\n|-crit|p1a: Starmie\n|-resisted|p1a: Starmie\n|-damage|p1a: Starmie|22/100 slp\n|\n|upkeep\n|turn|44\n|\n|t:|1782507915\n|cant|p1a: Starmie|slp\n|move|p2a: Tauros|Body Slam|p1a: Starmie\n|-damage|p1a: Starmie|0 fnt\n|faint|p1a: Starmie\n|\n|t:|1782507917\n|switch|p1a: Tauros|Tauros|100/100\n|turn|45\n|\n|t:|1782507921\n|move|p2a: Tauros|Hyper Beam|p1a: Tauros\n|-damage|p1a: Tauros|52/100\n|-mustrecharge|p2a: Tauros\n|move|p1a: Tauros|Body Slam|p2a: Tauros\n|-damage|p2a: Tauros|34/100\n|\n|upkeep\n|turn|46\n|\n|t:|1782507924\n|move|p1a: Tauros|Hyper Beam|p2a: Tauros\n|-damage|p2a: Tauros|0 fnt\n|faint|p2a: Tauros\n|\n|t:|1782507925\n|switch|p2a: Starmie|Starmie|100/100\n|turn|47\n|inactive|TheStupe has 270 seconds left.\n|inactive|TheStupe has 240 seconds left.\n|\n|t:|1782507994\n|move|p2a: Starmie|Surf|p1a: Tauros\n|-damage|p1a: Tauros|9/100\n|move|p1a: Tauros|Body Slam|p2a: Starmie\n|-damage|p2a: Starmie|65/100\n|-status|p2a: Starmie|par\n|\n|upkeep\n|turn|48\n|inactive|TheStupe has 240 seconds left.\n|\n|t:|1782508017\n|switch|p1a: Snorlax|Snorlax|37/100 par\n|move|p2a: Starmie|Thunder Wave|p1a: Snorlax\n|-fail|p1a: Snorlax|par\n|\n|upkeep\n|turn|49\n|\n|t:|1782508023\n|cant|p2a: Starmie|par\n|move|p1a: Snorlax|Body Slam|p2a: Starmie\n|-damage|p2a: Starmie|30/100 par\n|\n|upkeep\n|turn|50\n|\n|t:|1782508025\n|move|p2a: Starmie|Recover|p2a: Starmie\n|-heal|p2a: Starmie|80/100 par\n|move|p1a: Snorlax|Body Slam|p2a: Starmie\n|-damage|p2a: Starmie|41/100 par\n|\n|upkeep\n|turn|51\n|\n|t:|1782508034\n|move|p2a: Starmie|Recover|p2a: Starmie\n|-heal|p2a: Starmie|91/100 par\n|move|p1a: Snorlax|Body Slam|p2a: Starmie\n|-damage|p2a: Starmie|54/100 par\n|\n|upkeep\n|turn|52\n|\n|t:|1782508036\n|move|p2a: Starmie|Recover|p2a: Starmie\n|-heal|p2a: Starmie|100/100 par\n|move|p1a: Snorlax|Body Slam|p2a: Starmie\n|-damage|p2a: Starmie|62/100 par\n|\n|upkeep\n|turn|53\n|\n|t:|1782508039\n|move|p2a: Starmie|Recover|p2a: Starmie\n|-heal|p2a: Starmie|100/100 par\n|move|p1a: Snorlax|Body Slam|p2a: Starmie\n|-damage|p2a: Starmie|66/100 par\n|\n|upkeep\n|turn|54\n|\n|t:|1782508041\n|move|p2a: Starmie|Recover|p2a: Starmie\n|-heal|p2a: Starmie|100/100 par\n|move|p1a: Snorlax|Body Slam|p2a: Starmie\n|-damage|p2a: Starmie|66/100 par\n|\n|upkeep\n|turn|55\n|\n|t:|1782508043\n|cant|p2a: Starmie|par\n|move|p1a: Snorlax|Body Slam|p2a: Starmie\n|-damage|p2a: Starmie|27/100 par\n|\n|upkeep\n|turn|56\n|\n|t:|1782508045\n|move|p2a: Starmie|Recover|p2a: Starmie\n|-heal|p2a: Starmie|77/100 par\n|move|p1a: Snorlax|Body Slam|p2a: Starmie\n|-damage|p2a: Starmie|40/100 par\n|\n|upkeep\n|turn|57\n|\n|t:|1782508047\n|cant|p2a: Starmie|par\n|move|p1a: Snorlax|Body Slam|p2a: Starmie\n|-damage|p2a: Starmie|4/100 par\n|\n|upkeep\n|turn|58\n|\n|t:|1782508049\n|move|p2a: Starmie|Recover|p2a: Starmie\n|-heal|p2a: Starmie|53/100 par\n|move|p1a: Snorlax|Body Slam|p2a: Starmie\n|-damage|p2a: Starmie|19/100 par\n|\n|upkeep\n|turn|59\n|\n|t:|1782508051\n|move|p2a: Starmie|Recover|p2a: Starmie\n|-heal|p2a: Starmie|69/100 par\n|move|p1a: Snorlax|Body Slam|p2a: Starmie\n|-damage|p2a: Starmie|31/100 par\n|\n|upkeep\n|turn|60\n|\n|t:|1782508055\n|move|p2a: Starmie|Recover|p2a: Starmie\n|-heal|p2a: Starmie|81/100 par\n|move|p1a: Snorlax|Rest|p1a: Snorlax\n|-status|p1a: Snorlax|slp|[from] move: Rest\n|-heal|p1a: Snorlax|100/100 slp|[silent]\n|\n|upkeep\n|turn|61\n|\n|t:|1782508058\n|move|p2a: Starmie|Surf|p1a: Snorlax\n|-damage|p1a: Snorlax|74/100 slp\n|cant|p1a: Snorlax|slp\n|\n|upkeep\n|turn|62\n|\n|t:|1782508060\n|move|p2a: Starmie|Recover|p2a: Starmie\n|-heal|p2a: Starmie|100/100 par\n|-curestatus|p1a: Snorlax|slp|[msg]\n|\n|upkeep\n|turn|63\n|\n|t:|1782508063\n|move|p2a: Starmie|Thunder Wave|p1a: Snorlax\n|-status|p1a: Snorlax|par\n|move|p1a: Snorlax|Body Slam|p2a: Starmie\n|-damage|p2a: Starmie|64/100 par\n|\n|upkeep\n|turn|64\n|\n|t:|1782508067\n|cant|p2a: Starmie|par\n|move|p1a: Snorlax|Reflect|p1a: Snorlax\n|-start|p1a: Snorlax|Reflect\n|\n|upkeep\n|turn|65\n|\n|t:|1782508070\n|cant|p2a: Starmie|par\n|cant|p1a: Snorlax|par\n|\n|upkeep\n|turn|66\n|\n|t:|1782508072\n|cant|p2a: Starmie|par\n|move|p1a: Snorlax|Reflect|p1a: Snorlax\n|-fail|p1a: Snorlax\n|\n|upkeep\n|turn|67\n|\n|t:|1782508074\n|cant|p2a: Starmie|par\n|move|p1a: Snorlax|Reflect|p1a: Snorlax\n|-fail|p1a: Snorlax\n|\n|upkeep\n|turn|68\n|\n|t:|1782508076\n|move|p2a: Starmie|Recover|p2a: Starmie\n|-heal|p2a: Starmie|100/100 par\n|move|p1a: Snorlax|Reflect|p1a: Snorlax\n|-fail|p1a: Snorlax\n|\n|upkeep\n|turn|69\n|\n|t:|1782508078\n|cant|p2a: Starmie|par\n|move|p1a: Snorlax|Reflect|p1a: Snorlax\n|-fail|p1a: Snorlax\n|\n|upkeep\n|turn|70\n|\n|t:|1782508079\n|move|p2a: Starmie|Surf|p1a: Snorlax\n|-damage|p1a: Snorlax|44/100 par\n|move|p1a: Snorlax|Reflect|p1a: Snorlax\n|-fail|p1a: Snorlax\n|\n|upkeep\n|turn|71\n|\n|t:|1782508081\n|move|p2a: Starmie|Surf|p1a: Snorlax\n|-crit|p1a: Snorlax\n|-damage|p1a: Snorlax|0 fnt\n|faint|p1a: Snorlax\n|\n|t:|1782508083\n|switch|p1a: Golem|Golem|80/100\n|turn|72\n|\n|t:|1782508095\n|move|p1a: Golem|Explosion|p2a: Starmie\n|-damage|p2a: Starmie|0 fnt\n|faint|p2a: Starmie\n|faint|p1a: Golem\n|\n|win|TheStupe\n|c|☆TheStupe|gg\n|c|☆Mister Tim|gg\n|player|p2|\n","uploadtime":1782508095,"views":"74","formatid":"gen1ou","rating":null,"private":0,"password":null}