{"id":"smogtours-gen1ou-956228","format":"[Gen 1] OU","players":["shiloh","Isza"],"log":"|inactive|Battle timer is ON: inactive players will automatically lose when time's up.\n|t:|1784160833\n|gametype|singles\n|player|p1|shiloh|#rozes|\n|player|p2|Isza|#rbywc2024|\n|gen|1\n|tier|[Gen 1] OU\n|rule|Desync Clause Mod: Desyncs resolve to link battle behavior from the acting player's perspective.\n|rule|HP Percentage Mod: HP is shown in percentages\n|rule|Endless Battle Clause: Forcing endless battles is banned\n|rule|Sleep Clause Mod: Limit one foe put to sleep\n|rule|Freeze Clause Mod: Limit one foe frozen\n|rule|Species Clause: Limit one of each Pokémon\n|rule|OHKO Clause: OHKO moves are banned\n|rule|Evasion Moves Clause: Evasion moves are banned\n|\n|t:|1784160833\n|teamsize|p1|6\n|teamsize|p2|6\n|start\n|switch|p1a: Gengar|Gengar|100/100\n|switch|p2a: Starmie|Starmie|100/100\n|turn|1\n|inactive|shiloh also wants the timer to be on.\n|\n|t:|1784160841\n|switch|p1a: Chansey|Chansey|100/100\n|move|p2a: Starmie|Psychic|p1a: Chansey\n|-damage|p1a: Chansey|86/100\n|\n|upkeep\n|turn|2\n|inactive|Isza has 270 seconds left.\n|inactive|Isza has 240 seconds left.\n|inactive|shiloh has 270 seconds left.\n|inactive|Isza has 210 seconds left.\n|\n|t:|1784160934\n|switch|p2a: Chansey|Chansey|100/100\n|switch|p1a: Exeggutor|Exeggutor|100/100\n|\n|upkeep\n|turn|3\n|\n|t:|1784160940\n|move|p1a: Exeggutor|Sleep Powder|p2a: Chansey\n|-status|p2a: Chansey|slp|[from] move: Sleep Powder\n|cant|p2a: Chansey|slp\n|\n|upkeep\n|turn|4\n|\n|t:|1784160942\n|move|p1a: Exeggutor|Psychic|p2a: Chansey\n|-damage|p2a: Chansey|84/100 slp\n|cant|p2a: Chansey|slp\n|\n|upkeep\n|turn|5\n|\n|t:|1784160944\n|switch|p2a: Exeggutor|Exeggutor|100/100\n|move|p1a: Exeggutor|Psychic|p2a: Exeggutor\n|-resisted|p2a: Exeggutor\n|-damage|p2a: Exeggutor|86/100\n|\n|upkeep\n|turn|6\n|\n|t:|1784160946\n|move|p1a: Exeggutor|Stun Spore|p2a: Exeggutor\n|-status|p2a: Exeggutor|par\n|cant|p2a: Exeggutor|par\n|\n|upkeep\n|turn|7\n|\n|t:|1784160952\n|move|p1a: Exeggutor|Psychic|p2a: Exeggutor\n|-resisted|p2a: Exeggutor\n|-damage|p2a: Exeggutor|73/100 par\n|-unboost|p2a: Exeggutor|spa|1\n|-unboost|p2a: Exeggutor|spd|1\n|move|p2a: Exeggutor|Sleep Powder|p1a: Exeggutor\n|-status|p1a: Exeggutor|slp|[from] move: Sleep Powder\n|\n|upkeep\n|turn|8\n|\n|t:|1784160959\n|switch|p2a: Starmie|Starmie|100/100\n|cant|p1a: Exeggutor|slp\n|\n|upkeep\n|turn|9\n|\n|t:|1784160962\n|switch|p1a: Chansey|Chansey|86/100\n|move|p2a: Starmie|Thunder Wave|p1a: Chansey\n|-status|p1a: Chansey|par\n|\n|upkeep\n|turn|10\n|\n|t:|1784160969\n|switch|p2a: Chansey|Chansey|84/100 slp\n|move|p1a: Chansey|Thunder Wave|p2a: Chansey\n|-fail|p2a: Chansey\n|\n|upkeep\n|turn|11\n|\n|t:|1784160973\n|switch|p1a: Snorlax|Snorlax|100/100\n|-curestatus|p2a: Chansey|slp|[msg]\n|\n|upkeep\n|turn|12\n|\n|t:|1784160978\n|switch|p1a: Chansey|Chansey|86/100 par\n|move|p2a: Chansey|Thunder Wave|p1a: Chansey\n|-fail|p1a: Chansey|par\n|\n|upkeep\n|turn|13\n|\n|t:|1784160980\n|move|p2a: Chansey|Seismic Toss|p1a: Chansey\n|-damage|p1a: Chansey|72/100 par\n|move|p1a: Chansey|Ice Beam|p2a: Chansey\n|-damage|p2a: Chansey|74/100\n|\n|upkeep\n|turn|14\n|\n|t:|1784160989\n|move|p2a: Chansey|Seismic Toss|p1a: Chansey\n|-damage|p1a: Chansey|57/100 par\n|move|p1a: Chansey|Soft-Boiled|p1a: Chansey\n|-heal|p1a: Chansey|100/100 par\n|\n|upkeep\n|turn|15\n|\n|t:|1784160994\n|move|p2a: Chansey|Seismic Toss|p1a: Chansey\n|-damage|p1a: Chansey|86/100 par\n|move|p1a: Chansey|Ice Beam|p2a: Chansey\n|-damage|p2a: Chansey|64/100\n|\n|upkeep\n|turn|16\n|\n|t:|1784160997\n|move|p2a: Chansey|Soft-Boiled|p2a: Chansey\n|-heal|p2a: Chansey|100/100\n|move|p1a: Chansey|Ice Beam|p2a: Chansey\n|-damage|p2a: Chansey|90/100\n|\n|upkeep\n|turn|17\n|\n|t:|1784161000\n|switch|p2a: Cloyster|Cloyster|100/100\n|move|p1a: Chansey|Ice Beam|p2a: Cloyster\n|-resisted|p2a: Cloyster\n|-damage|p2a: Cloyster|94/100\n|\n|upkeep\n|turn|18\n|\n|t:|1784161004\n|switch|p1a: Starmie|Starmie|100/100\n|move|p2a: Cloyster|Clamp|p1a: Starmie|[miss]\n|-miss|p2a: Cloyster\n|\n|upkeep\n|turn|19\n|\n|t:|1784161011\n|switch|p2a: Chansey|Chansey|90/100\n|move|p1a: Starmie|Blizzard|p2a: Chansey\n|-damage|p2a: Chansey|76/100\n|\n|upkeep\n|turn|20\n|\n|t:|1784161016\n|switch|p1a: Chansey|Chansey|86/100 par\n|move|p2a: Chansey|Seismic Toss|p1a: Chansey\n|-damage|p1a: Chansey|72/100 par\n|\n|upkeep\n|turn|21\n|\n|t:|1784161024\n|move|p2a: Chansey|Seismic Toss|p1a: Chansey\n|-damage|p1a: Chansey|58/100 par\n|cant|p1a: Chansey|par\n|\n|upkeep\n|turn|22\n|\n|t:|1784161027\n|switch|p2a: Tauros|Tauros|100/100\n|move|p1a: Chansey|Soft-Boiled|p1a: Chansey\n|-heal|p1a: Chansey|100/100 par\n|\n|upkeep\n|turn|23\n|\n|t:|1784161035\n|switch|p1a: Snorlax|Snorlax|100/100\n|move|p2a: Tauros|Body Slam|p1a: Snorlax\n|-damage|p1a: Snorlax|75/100\n|\n|upkeep\n|turn|24\n|\n|t:|1784161038\n|move|p2a: Tauros|Body Slam|p1a: Snorlax\n|-damage|p1a: Snorlax|52/100\n|move|p1a: Snorlax|Body Slam|p2a: Tauros\n|-crit|p2a: Tauros\n|-damage|p2a: Tauros|41/100\n|\n|upkeep\n|turn|25\n|\n|t:|1784161043\n|move|p2a: Tauros|Body Slam|p1a: Snorlax\n|-damage|p1a: Snorlax|26/100\n|move|p1a: Snorlax|Body Slam|p2a: Tauros\n|-damage|p2a: Tauros|11/100\n|\n|upkeep\n|turn|26\n|\n|t:|1784161051\n|move|p2a: Tauros|Earthquake|p1a: Snorlax\n|-crit|p1a: Snorlax\n|-damage|p1a: Snorlax|0 fnt\n|faint|p1a: Snorlax\n|\n|t:|1784161054\n|switch|p1a: STORMBLESSED|Tauros|100/100\n|turn|27\n|inactive|Isza has 270 seconds left.\n|\n|t:|1784161109\n|switch|p2a: Cloyster|Cloyster|94/100\n|move|p1a: STORMBLESSED|Body Slam|p2a: Cloyster\n|-damage|p2a: Cloyster|71/100\n|-status|p2a: Cloyster|par\n|\n|upkeep\n|turn|28\n|\n|t:|1784161116\n|switch|p1a: Starmie|Starmie|100/100\n|cant|p2a: Cloyster|par\n|\n|upkeep\n|turn|29\n|\n|t:|1784161120\n|switch|p2a: Chansey|Chansey|76/100\n|move|p1a: Starmie|Psychic|p2a: Chansey\n|-damage|p2a: Chansey|61/100\n|\n|upkeep\n|turn|30\n|\n|t:|1784161125\n|switch|p1a: Chansey|Chansey|100/100 par\n|move|p2a: Chansey|Thunder Wave|p1a: Chansey\n|-fail|p1a: Chansey|par\n|\n|upkeep\n|turn|31\n|\n|t:|1784161129\n|move|p2a: Chansey|Soft-Boiled|p2a: Chansey\n|-heal|p2a: Chansey|100/100\n|move|p1a: Chansey|Ice Beam|p2a: Chansey\n|-damage|p2a: Chansey|90/100\n|\n|upkeep\n|turn|32\n|\n|t:|1784161134\n|switch|p2a: Cloyster|Cloyster|71/100 par\n|move|p1a: Chansey|Ice Beam|p2a: Cloyster\n|-resisted|p2a: Cloyster\n|-damage|p2a: Cloyster|65/100 par\n|\n|upkeep\n|turn|33\n|\n|t:|1784161141\n|switch|p2a: Rhydon|Rhydon|100/100\n|switch|p1a: Starmie|Starmie|100/100\n|\n|upkeep\n|turn|34\n|\n|t:|1784161146\n|switch|p2a: Chansey|Chansey|90/100\n|move|p1a: Starmie|Blizzard|p2a: Chansey\n|-damage|p2a: Chansey|76/100\n|\n|upkeep\n|turn|35\n|\n|t:|1784161161\n|switch|p1a: Chansey|Chansey|100/100 par\n|move|p2a: Chansey|Seismic Toss|p1a: Chansey\n|-damage|p1a: Chansey|86/100 par\n|\n|upkeep\n|turn|36\n|\n|t:|1784161167\n|move|p2a: Chansey|Seismic Toss|p1a: Chansey\n|-damage|p1a: Chansey|72/100 par\n|move|p1a: Chansey|Ice Beam|p2a: Chansey\n|-damage|p2a: Chansey|65/100\n|\n|upkeep\n|turn|37\n|\n|t:|1784161171\n|move|p2a: Chansey|Soft-Boiled|p2a: Chansey\n|-heal|p2a: Chansey|100/100\n|move|p1a: Chansey|Soft-Boiled|p1a: Chansey\n|-heal|p1a: Chansey|100/100 par\n|\n|upkeep\n|turn|38\n|\n|t:|1784161177\n|switch|p2a: Cloyster|Cloyster|65/100 par\n|move|p1a: Chansey|Thunderbolt|p2a: Cloyster\n|-supereffective|p2a: Cloyster\n|-damage|p2a: Cloyster|10/100 par\n|\n|upkeep\n|turn|39\n|\n|t:|1784161183\n|switch|p1a: Starmie|Starmie|100/100\n|cant|p2a: Cloyster|par\n|\n|upkeep\n|turn|40\n|\n|t:|1784161188\n|switch|p2a: Chansey|Chansey|100/100\n|move|p1a: Starmie|Blizzard|p2a: Chansey\n|-crit|p2a: Chansey\n|-damage|p2a: Chansey|77/100\n|\n|upkeep\n|turn|41\n|\n|t:|1784161191\n|switch|p1a: Chansey|Chansey|100/100 par\n|move|p2a: Chansey|Seismic Toss|p1a: Chansey\n|-damage|p1a: Chansey|86/100 par\n|\n|upkeep\n|turn|42\n|\n|t:|1784161200\n|switch|p2a: Cloyster|Cloyster|10/100 par\n|move|p1a: Chansey|Ice Beam|p2a: Cloyster\n|-resisted|p2a: Cloyster\n|-damage|p2a: Cloyster|3/100 par\n|\n|upkeep\n|turn|43\n|\n|t:|1784161209\n|switch|p1a: Gengar|Gengar|100/100\n|move|p2a: Cloyster|Explosion|p1a: Gengar\n|-immune|p1a: Gengar\n|faint|p2a: Cloyster\n|\n|t:|1784161214\n|switch|p2a: Starmie|Starmie|100/100\n|turn|44\n|\n|t:|1784161217\n|switch|p2a: Tauros|Tauros|11/100\n|switch|p1a: Chansey|Chansey|86/100 par\n|\n|upkeep\n|turn|45\n|\n|t:|1784161227\n|switch|p1a: STORMBLESSED|Tauros|100/100\n|move|p2a: Tauros|Rest|p2a: Tauros\n|-status|p2a: Tauros|slp|[from] move: Rest\n|-heal|p2a: Tauros|100/100 slp|[silent]\n|\n|upkeep\n|turn|46\n|\n|t:|1784161231\n|switch|p2a: Starmie|Starmie|100/100\n|move|p1a: STORMBLESSED|Body Slam|p2a: Starmie\n|-damage|p2a: Starmie|66/100\n|-status|p2a: Starmie|par\n|\n|upkeep\n|turn|47\n|\n|t:|1784161236\n|switch|p1a: Chansey|Chansey|86/100 par\n|move|p2a: Starmie|Thunder Wave|p1a: Chansey\n|-fail|p1a: Chansey|par\n|\n|upkeep\n|turn|48\n|\n|t:|1784161246\n|switch|p2a: Chansey|Chansey|77/100\n|move|p1a: Chansey|Ice Beam|p2a: Chansey\n|-damage|p2a: Chansey|66/100\n|\n|upkeep\n|turn|49\n|\n|t:|1784161248\n|move|p2a: Chansey|Soft-Boiled|p2a: Chansey\n|-heal|p2a: Chansey|100/100\n|cant|p1a: Chansey|par\n|\n|upkeep\n|turn|50\n|\n|t:|1784161252\n|move|p2a: Chansey|Seismic Toss|p1a: Chansey\n|-damage|p1a: Chansey|72/100 par\n|move|p1a: Chansey|Soft-Boiled|p1a: Chansey\n|-heal|p1a: Chansey|100/100 par\n|\n|upkeep\n|turn|51\n|\n|t:|1784161256\n|move|p2a: Chansey|Seismic Toss|p1a: Chansey\n|-damage|p1a: Chansey|86/100 par\n|cant|p1a: Chansey|par\n|\n|upkeep\n|turn|52\n|\n|t:|1784161258\n|move|p2a: Chansey|Seismic Toss|p1a: Chansey\n|-damage|p1a: Chansey|72/100 par\n|move|p1a: Chansey|Ice Beam|p2a: Chansey\n|-damage|p2a: Chansey|90/100\n|\n|upkeep\n|turn|53\n|\n|t:|1784161262\n|switch|p2a: Tauros|Tauros|100/100 slp\n|cant|p1a: Chansey|par\n|\n|upkeep\n|turn|54\n|\n|t:|1784161265\n|switch|p1a: STORMBLESSED|Tauros|100/100\n|cant|p2a: Tauros|slp\n|\n|upkeep\n|turn|55\n|\n|t:|1784161269\n|switch|p2a: Rhydon|Rhydon|100/100\n|move|p1a: STORMBLESSED|Body Slam|p2a: Rhydon\n|-resisted|p2a: Rhydon\n|-damage|p2a: Rhydon|90/100\n|\n|upkeep\n|turn|56\n|\n|t:|1784161273\n|move|p1a: STORMBLESSED|Blizzard|p2a: Rhydon|[miss]\n|-miss|p1a: STORMBLESSED\n|move|p2a: Rhydon|Earthquake|p1a: STORMBLESSED\n|-damage|p1a: STORMBLESSED|61/100\n|\n|upkeep\n|turn|57\n|\n|t:|1784161275\n|move|p1a: STORMBLESSED|Blizzard|p2a: Rhydon\n|-crit|p2a: Rhydon\n|-supereffective|p2a: Rhydon\n|-damage|p2a: Rhydon|0 fnt\n|faint|p2a: Rhydon\n|\n|t:|1784161280\n|switch|p2a: Tauros|Tauros|100/100 slp\n|turn|58\n|\n|t:|1784161283\n|-curestatus|p2a: Tauros|slp|[msg]\n|move|p1a: STORMBLESSED|Body Slam|p2a: Tauros\n|-damage|p2a: Tauros|71/100\n|\n|upkeep\n|turn|59\n|\n|t:|1784161285\n|move|p1a: STORMBLESSED|Body Slam|p2a: Tauros\n|-damage|p2a: Tauros|44/100\n|move|p2a: Tauros|Body Slam|p1a: STORMBLESSED\n|-damage|p1a: STORMBLESSED|30/100\n|\n|upkeep\n|turn|60\n|\n|t:|1784161292\n|switch|p1a: Starmie|Starmie|100/100\n|move|p2a: Tauros|Earthquake|p1a: Starmie\n|-damage|p1a: Starmie|72/100\n|\n|upkeep\n|turn|61\n|\n|t:|1784161296\n|switch|p2a: Chansey|Chansey|90/100\n|move|p1a: Starmie|Blizzard|p2a: Chansey\n|-damage|p2a: Chansey|78/100\n|\n|upkeep\n|turn|62\n|\n|t:|1784161302\n|switch|p1a: Chansey|Chansey|72/100 par\n|move|p2a: Chansey|Thunder Wave|p1a: Chansey\n|-fail|p1a: Chansey|par\n|\n|upkeep\n|turn|63\n|\n|t:|1784161305\n|switch|p2a: Tauros|Tauros|44/100\n|move|p1a: Chansey|Soft-Boiled|p1a: Chansey\n|-heal|p1a: Chansey|100/100 par\n|\n|upkeep\n|turn|64\n|\n|t:|1784161309\n|move|p2a: Tauros|Body Slam|p1a: Chansey\n|-damage|p1a: Chansey|62/100 par\n|move|p1a: Chansey|Thunder Wave|p2a: Tauros\n|-status|p2a: Tauros|par\n|\n|upkeep\n|turn|65\n|\n|t:|1784161315\n|switch|p1a: Starmie|Starmie|72/100\n|move|p2a: Tauros|Body Slam|p1a: Starmie\n|-damage|p1a: Starmie|39/100\n|\n|upkeep\n|turn|66\n|\n|t:|1784161322\n|move|p1a: Starmie|Recover|p1a: Starmie\n|-heal|p1a: Starmie|88/100\n|move|p2a: Tauros|Body Slam|p1a: Starmie\n|-crit|p1a: Starmie\n|-damage|p1a: Starmie|27/100\n|\n|upkeep\n|turn|67\n|\n|t:|1784161328\n|move|p1a: Starmie|Recover|p1a: Starmie\n|-heal|p1a: Starmie|77/100\n|move|p2a: Tauros|Body Slam|p1a: Starmie\n|-damage|p1a: Starmie|43/100\n|\n|upkeep\n|turn|68\n|\n|t:|1784161334\n|move|p1a: Starmie|Recover|p1a: Starmie\n|-heal|p1a: Starmie|93/100\n|move|p2a: Tauros|Body Slam|p1a: Starmie\n|-damage|p1a: Starmie|60/100\n|-status|p1a: Starmie|par\n|\n|upkeep\n|turn|69\n|\n|t:|1784161343\n|switch|p2a: Starmie|Starmie|66/100 par\n|move|p1a: Starmie|Recover|p1a: Starmie\n|-heal|p1a: Starmie|100/100 par\n|\n|upkeep\n|turn|70\n|\n|t:|1784161348\n|switch|p1a: Chansey|Chansey|62/100 par\n|move|p2a: Starmie|Recover|p2a: Starmie\n|-heal|p2a: Starmie|100/100 par\n|\n|upkeep\n|turn|71\n|\n|t:|1784161351\n|switch|p2a: Tauros|Tauros|44/100 par\n|cant|p1a: Chansey|par\n|\n|upkeep\n|turn|72\n|\n|t:|1784161355\n|switch|p1a: Starmie|Starmie|100/100 par\n|move|p2a: Tauros|Rest|p2a: Tauros\n|-status|p2a: Tauros|slp|[from] move: Rest\n|-heal|p2a: Tauros|100/100 slp|[silent]\n|\n|upkeep\n|turn|73\n|\n|t:|1784161362\n|switch|p2a: Chansey|Chansey|78/100\n|cant|p1a: Starmie|par\n|\n|upkeep\n|turn|74\n|\n|t:|1784161366\n|switch|p1a: Chansey|Chansey|62/100 par\n|move|p2a: Chansey|Soft-Boiled|p2a: Chansey\n|-heal|p2a: Chansey|100/100\n|\n|upkeep\n|turn|75\n|\n|t:|1784161368\n|switch|p2a: Tauros|Tauros|100/100 slp\n|move|p1a: Chansey|Soft-Boiled|p1a: Chansey\n|-heal|p1a: Chansey|100/100 par\n|\n|upkeep\n|turn|76\n|\n|t:|1784161375\n|switch|p1a: Exeggutor|Exeggutor|100/100 slp\n|cant|p2a: Tauros|slp\n|\n|upkeep\n|turn|77\n|\n|t:|1784161378\n|-curestatus|p2a: Tauros|slp|[msg]\n|cant|p1a: Exeggutor|slp\n|\n|upkeep\n|turn|78\n|\n|t:|1784161381\n|move|p2a: Tauros|Body Slam|p1a: Exeggutor\n|-crit|p1a: Exeggutor\n|-damage|p1a: Exeggutor|44/100 slp\n|-curestatus|p1a: Exeggutor|slp|[msg]\n|\n|upkeep\n|turn|79\n|\n|t:|1784161388\n|switch|p1a: Gengar|Gengar|100/100\n|move|p2a: Tauros|Hyper Beam|p1a: Gengar\n|-immune|p1a: Gengar\n|\n|upkeep\n|turn|80\n|\n|t:|1784161393\n|move|p1a: Gengar|Hypnosis|p2a: Tauros\n|-status|p2a: Tauros|slp|[from] move: Hypnosis\n|cant|p2a: Tauros|slp\n|\n|upkeep\n|turn|81\n|\n|t:|1784161395\n|cant|p2a: Tauros|slp\n|move|p1a: Gengar|Thunderbolt|p2a: Tauros\n|-crit|p2a: Tauros\n|-damage|p2a: Tauros|38/100 slp\n|\n|upkeep\n|turn|82\n|\n|t:|1784161398\n|move|p1a: Gengar|Thunderbolt|p2a: Tauros\n|-damage|p2a: Tauros|6/100 slp\n|cant|p2a: Tauros|slp\n|\n|upkeep\n|turn|83\n|\n|t:|1784161401\n|switch|p2a: Exeggutor|Exeggutor|73/100 par\n|move|p1a: Gengar|Thunderbolt|p2a: Exeggutor\n|-crit|p2a: Exeggutor\n|-resisted|p2a: Exeggutor\n|-damage|p2a: Exeggutor|56/100 par\n|\n|upkeep\n|turn|84\n|\n|t:|1784161403\n|move|p1a: Gengar|Explosion|p2a: Exeggutor\n|-damage|p2a: Exeggutor|0 fnt\n|faint|p2a: Exeggutor\n|faint|p1a: Gengar\n|\n|t:|1784161412\n|switch|p1a: Exeggutor|Exeggutor|44/100\n|switch|p2a: Starmie|Starmie|100/100 par\n|turn|85\n|\n|t:|1784161417\n|move|p1a: Exeggutor|Explosion|p2a: Starmie\n|-damage|p2a: Starmie|6/100 par\n|faint|p1a: Exeggutor\n|\n|t:|1784161418\n|switch|p1a: STORMBLESSED|Tauros|30/100\n|turn|86\n|\n|t:|1784161420\n|move|p1a: STORMBLESSED|Body Slam|p2a: Starmie\n|-damage|p2a: Starmie|0 fnt\n|faint|p2a: Starmie\n|\n|t:|1784161422\n|switch|p2a: Chansey|Chansey|100/100\n|turn|87\n|\n|t:|1784161427\n|switch|p1a: Chansey|Chansey|100/100 par\n|switch|p2a: Tauros|Tauros|6/100 slp\n|\n|upkeep\n|turn|88\n|\n|t:|1784161429\n|cant|p2a: Tauros|slp\n|move|p1a: Chansey|Ice Beam|p2a: Tauros\n|-damage|p2a: Tauros|0 fnt\n|faint|p2a: Tauros\n|\n|t:|1784161430\n|switch|p2a: Chansey|Chansey|100/100\n|turn|89\n|\n|t:|1784161432\n|move|p2a: Chansey|Sing|p1a: Chansey|[miss]\n|-miss|p2a: Chansey\n|cant|p1a: Chansey|par\n|\n|upkeep\n|turn|90\n|\n|t:|1784161434\n|move|p2a: Chansey|Sing|p1a: Chansey|[miss]\n|-miss|p2a: Chansey\n|move|p1a: Chansey|Ice Beam|p2a: Chansey\n|-crit|p2a: Chansey\n|-damage|p2a: Chansey|79/100\n|\n|upkeep\n|turn|91\n|\n|t:|1784161436\n|move|p2a: Chansey|Sing|p1a: Chansey\n|-fail|p1a: Chansey\n|move|p1a: Chansey|Ice Beam|p2a: Chansey\n|-damage|p2a: Chansey|68/100\n|\n|upkeep\n|turn|92\n|\n|t:|1784161437\n|move|p2a: Chansey|Sing|p1a: Chansey|[miss]\n|-miss|p2a: Chansey\n|move|p1a: Chansey|Ice Beam|p2a: Chansey\n|-crit|p2a: Chansey\n|-damage|p2a: Chansey|47/100\n|\n|upkeep\n|turn|93\n|\n|t:|1784161438\n|move|p2a: Chansey|Sing|p1a: Chansey|[miss]\n|-miss|p2a: Chansey\n|move|p1a: Chansey|Ice Beam|p2a: Chansey\n|-damage|p2a: Chansey|36/100\n|\n|upkeep\n|turn|94\n|\n|t:|1784161440\n|move|p2a: Chansey|Soft-Boiled|p2a: Chansey\n|-heal|p2a: Chansey|86/100\n|move|p1a: Chansey|Ice Beam|p2a: Chansey\n|-damage|p2a: Chansey|75/100\n|\n|upkeep\n|turn|95\n|\n|t:|1784161446\n|switch|p1a: Starmie|Starmie|100/100 par\n|move|p2a: Chansey|Sing|p1a: Starmie\n|-fail|p1a: Starmie\n|\n|upkeep\n|turn|96\n|\n|t:|1784161449\n|move|p2a: Chansey|Seismic Toss|p1a: Starmie\n|-damage|p1a: Starmie|70/100 par\n|move|p1a: Starmie|Blizzard|p2a: Chansey\n|-crit|p2a: Chansey\n|-damage|p2a: Chansey|52/100\n|\n|upkeep\n|turn|97\n|\n|t:|1784161451\n|move|p2a: Chansey|Seismic Toss|p1a: Starmie\n|-damage|p1a: Starmie|39/100 par\n|move|p1a: Starmie|Recover|p1a: Starmie\n|-heal|p1a: Starmie|88/100 par\n|\n|upkeep\n|turn|98\n|\n|t:|1784161453\n|move|p2a: Chansey|Seismic Toss|p1a: Starmie\n|-damage|p1a: Starmie|57/100 par\n|move|p1a: Starmie|Blizzard|p2a: Chansey\n|-damage|p2a: Chansey|39/100\n|-status|p2a: Chansey|frz\n|\n|upkeep\n|turn|99\n|-message|Isza forfeited.\n|\n|win|shiloh\n|c|☆Isza|You played great \n|c|☆shiloh|ggs\n|player|p1|\n","uploadtime":1784161459,"views":"105","formatid":"gen1ou","rating":null,"private":0,"password":null}