{"id":"smogtours-gen1ou-956857","format":"[Gen 1] OU","players":["Ulti Bastion","oligen1"],"log":"|inactive|Battle timer is ON: inactive players will automatically lose when time's up.\n|t:|1784381698\n|gametype|singles\n|player|p1|Ulti Bastion|#rbyplvisaffronhaymakers|\n|player|p2|oligen1|blue-gen1rbtwo|\n|gen|1\n|tier|[Gen 1] OU\n|rule|Desync Clause Mod: Desyncs resolve to link battle behavior from the acting player's perspective.\n|rule|HP Percentage Mod: HP is shown in percentages\n|rule|Endless Battle Clause: Forcing endless battles is banned\n|rule|Sleep Clause Mod: Limit one foe put to sleep\n|rule|Freeze Clause Mod: Limit one foe frozen\n|rule|Species Clause: Limit one of each Pokémon\n|rule|OHKO Clause: OHKO moves are banned\n|rule|Evasion Moves Clause: Evasion moves are banned\n|\n|t:|1784381698\n|teamsize|p1|6\n|teamsize|p2|6\n|start\n|switch|p1a: LeBrain Zames|Alakazam|100/100\n|switch|p2a: Tauros|Tauros|100/100\n|turn|1\n|c|☆oligen1|Enjoy :-)\n|inactive|Ulti Bastion has 270 seconds left.\n|\n|t:|1784381729\n|switch|p2a: Jynx|Jynx|100/100\n|move|p1a: LeBrain Zames|Thunder Wave|p2a: Jynx\n|-status|p2a: Jynx|par\n|\n|upkeep\n|turn|2\n|c|☆Ulti Bastion|Hf \n|\n|t:|1784381736\n|move|p1a: LeBrain Zames|Seismic Toss|p2a: Jynx\n|-damage|p2a: Jynx|70/100 par\n|move|p2a: Jynx|Lovely Kiss|p1a: LeBrain Zames|[miss]\n|-miss|p2a: Jynx\n|\n|upkeep\n|turn|3\n|\n|t:|1784381741\n|move|p1a: LeBrain Zames|Seismic Toss|p2a: Jynx\n|-damage|p2a: Jynx|40/100 par\n|cant|p2a: Jynx|par\n|\n|upkeep\n|turn|4\n|\n|t:|1784381746\n|move|p1a: LeBrain Zames|Psychic|p2a: Jynx\n|-crit|p2a: Jynx\n|-resisted|p2a: Jynx\n|-damage|p2a: Jynx|0 fnt\n|faint|p2a: Jynx\n|\n|t:|1784381751\n|switch|p2a: Tauros|Tauros|100/100\n|turn|5\n|\n|t:|1784381756\n|switch|p2a: Chansey|Chansey|100/100\n|move|p1a: LeBrain Zames|Thunder Wave|p2a: Chansey\n|-status|p2a: Chansey|par\n|\n|upkeep\n|turn|6\n|\n|t:|1784381765\n|move|p1a: LeBrain Zames|Psychic|p2a: Chansey\n|-crit|p2a: Chansey\n|-damage|p2a: Chansey|68/100 par\n|move|p2a: Chansey|Thunder Wave|p1a: LeBrain Zames\n|-status|p1a: LeBrain Zames|par\n|\n|upkeep\n|turn|7\n|\n|t:|1784381771\n|move|p1a: LeBrain Zames|Psychic|p2a: Chansey\n|-damage|p2a: Chansey|51/100 par\n|move|p2a: Chansey|Soft-Boiled|p2a: Chansey\n|-heal|p2a: Chansey|100/100 par\n|\n|upkeep\n|turn|8\n|\n|t:|1784381778\n|move|p1a: LeBrain Zames|Psychic|p2a: Chansey\n|-damage|p2a: Chansey|83/100 par\n|move|p2a: Chansey|Thunderbolt|p1a: LeBrain Zames\n|-damage|p1a: LeBrain Zames|81/100 par\n|\n|upkeep\n|turn|9\n|\n|t:|1784381787\n|cant|p1a: LeBrain Zames|par\n|cant|p2a: Chansey|par\n|\n|upkeep\n|turn|10\n|\n|t:|1784381794\n|cant|p1a: LeBrain Zames|par\n|cant|p2a: Chansey|par\n|\n|upkeep\n|turn|11\n|\n|t:|1784381798\n|move|p1a: LeBrain Zames|Psychic|p2a: Chansey\n|-crit|p2a: Chansey\n|-damage|p2a: Chansey|47/100 par\n|-unboost|p2a: Chansey|spa|1\n|-unboost|p2a: Chansey|spd|1\n|cant|p2a: Chansey|par\n|\n|upkeep\n|turn|12\n|\n|t:|1784381804\n|cant|p1a: LeBrain Zames|par\n|cant|p2a: Chansey|par\n|\n|upkeep\n|turn|13\n|\n|t:|1784381808\n|move|p1a: LeBrain Zames|Psychic|p2a: Chansey\n|-crit|p2a: Chansey\n|-damage|p2a: Chansey|14/100 par\n|move|p2a: Chansey|Soft-Boiled|p2a: Chansey\n|-heal|p2a: Chansey|64/100 par\n|\n|upkeep\n|turn|14\n|\n|t:|1784381815\n|move|p1a: LeBrain Zames|Psychic|p2a: Chansey\n|-damage|p2a: Chansey|37/100 par\n|move|p2a: Chansey|Soft-Boiled|p2a: Chansey\n|-heal|p2a: Chansey|87/100 par\n|\n|upkeep\n|turn|15\n|\n|t:|1784381823\n|move|p1a: LeBrain Zames|Psychic|p2a: Chansey\n|-crit|p2a: Chansey\n|-damage|p2a: Chansey|54/100 par\n|move|p2a: Chansey|Thunderbolt|p1a: LeBrain Zames\n|-damage|p1a: LeBrain Zames|67/100 par\n|\n|upkeep\n|turn|16\n|\n|t:|1784381830\n|move|p1a: LeBrain Zames|Psychic|p2a: Chansey\n|-damage|p2a: Chansey|27/100 par\n|-unboost|p2a: Chansey|spa|1\n|-unboost|p2a: Chansey|spd|1\n|move|p2a: Chansey|Soft-Boiled|p2a: Chansey\n|-heal|p2a: Chansey|77/100 par\n|\n|upkeep\n|turn|17\n|\n|t:|1784381842\n|cant|p1a: LeBrain Zames|par\n|cant|p2a: Chansey|par\n|\n|upkeep\n|turn|18\n|\n|t:|1784381848\n|switch|p2a: Starmie|Starmie|100/100\n|move|p1a: LeBrain Zames|Psychic|p2a: Starmie\n|-resisted|p2a: Starmie\n|-damage|p2a: Starmie|79/100\n|-unboost|p2a: Starmie|spa|1\n|-unboost|p2a: Starmie|spd|1\n|\n|upkeep\n|turn|19\n|\n|t:|1784381860\n|switch|p1a: Almighty Bull|Tauros|100/100\n|move|p2a: Starmie|Thunder Wave|p1a: Almighty Bull\n|-status|p1a: Almighty Bull|par\n|\n|upkeep\n|turn|20\n|\n|t:|1784381868\n|switch|p2a: Cloyster|Cloyster|100/100\n|switch|p1a: LeBrain Zames|Alakazam|67/100 par\n|\n|upkeep\n|turn|21\n|\n|t:|1784381875\n|switch|p2a: Chansey|Chansey|77/100 par\n|move|p1a: LeBrain Zames|Thunder Wave|p2a: Chansey\n|-fail|p2a: Chansey|par\n|\n|upkeep\n|turn|22\n|\n|t:|1784381881\n|move|p1a: LeBrain Zames|Recover|p1a: LeBrain Zames\n|-heal|p1a: LeBrain Zames|100/100 par\n|move|p2a: Chansey|Ice Beam|p1a: LeBrain Zames\n|-damage|p1a: LeBrain Zames|79/100 par\n|\n|upkeep\n|turn|23\n|\n|t:|1784381887\n|move|p1a: LeBrain Zames|Recover|p1a: LeBrain Zames\n|-heal|p1a: LeBrain Zames|100/100 par\n|move|p2a: Chansey|Soft-Boiled|p2a: Chansey\n|-heal|p2a: Chansey|100/100 par\n|\n|upkeep\n|turn|24\n|\n|t:|1784381893\n|switch|p1a: Almighty Bull|Tauros|100/100 par\n|move|p2a: Chansey|Ice Beam|p1a: Almighty Bull\n|-damage|p1a: Almighty Bull|73/100 par\n|\n|upkeep\n|turn|25\n|\n|t:|1784381899\n|switch|p2a: Cloyster|Cloyster|100/100\n|move|p1a: Almighty Bull|Body Slam|p2a: Cloyster\n|-crit|p2a: Cloyster\n|-damage|p2a: Cloyster|58/100\n|\n|upkeep\n|turn|26\n|\n|t:|1784381905\n|switch|p1a: Marostra|Cloyster|100/100\n|move|p2a: Cloyster|Blizzard|p1a: Marostra\n|-crit|p1a: Marostra\n|-resisted|p1a: Marostra\n|-damage|p1a: Marostra|79/100\n|\n|upkeep\n|turn|27\n|\n|t:|1784381911\n|move|p1a: Marostra|Clamp|p2a: Cloyster|[miss]\n|-miss|p1a: Marostra\n|move|p2a: Cloyster|Rest|p2a: Cloyster\n|-status|p2a: Cloyster|slp|[from] move: Rest\n|-heal|p2a: Cloyster|100/100 slp|[silent]\n|\n|upkeep\n|turn|28\n|\n|t:|1784381917\n|switch|p1a: Vines of Death|Victreebel|100/100\n|cant|p2a: Cloyster|slp\n|\n|upkeep\n|turn|29\n|\n|t:|1784381924\n|switch|p2a: Chansey|Chansey|100/100 par\n|move|p1a: Vines of Death|Razor Leaf|p2a: Chansey\n|-crit|p2a: Chansey\n|-damage|p2a: Chansey|83/100 par\n|\n|upkeep\n|turn|30\n|\n|t:|1784381929\n|move|p1a: Vines of Death|Wrap|p2a: Chansey\n|-damage|p2a: Chansey|78/100 par\n|cant|p2a: Chansey|partiallytrapped\n|\n|upkeep\n|turn|31\n|\n|t:|1784381935\n|switch|p2a: Cloyster|Cloyster|100/100 slp\n|move|p1a: Vines of Death|Wrap|p2a: Cloyster|[miss]\n|-miss|p1a: Vines of Death\n|\n|upkeep\n|turn|32\n|\n|t:|1784381945\n|switch|p2a: Chansey|Chansey|78/100 par\n|move|p1a: Vines of Death|Sleep Powder|p2a: Chansey\n|-fail|p2a: Chansey\n|\n|upkeep\n|turn|33\n|\n|t:|1784381954\n|move|p1a: Vines of Death|Wrap|p2a: Chansey|[miss]\n|-miss|p1a: Vines of Death\n|move|p2a: Chansey|Thunder Wave|p1a: Vines of Death\n|-status|p1a: Vines of Death|par\n|\n|upkeep\n|turn|34\n|\n|t:|1784381961\n|switch|p1a: LeBrain Zames|Alakazam|100/100 par\n|move|p2a: Chansey|Soft-Boiled|p2a: Chansey\n|-heal|p2a: Chansey|100/100 par\n|\n|upkeep\n|turn|35\n|\n|t:|1784381969\n|cant|p1a: LeBrain Zames|par\n|move|p2a: Chansey|Ice Beam|p1a: LeBrain Zames\n|-damage|p1a: LeBrain Zames|82/100 par\n|\n|upkeep\n|turn|36\n|\n|t:|1784381976\n|move|p1a: LeBrain Zames|Seismic Toss|p2a: Chansey\n|-damage|p2a: Chansey|86/100 par\n|move|p2a: Chansey|Thunderbolt|p1a: LeBrain Zames\n|-damage|p1a: LeBrain Zames|62/100 par\n|\n|upkeep\n|turn|37\n|\n|t:|1784381984\n|cant|p1a: LeBrain Zames|par\n|move|p2a: Chansey|Thunderbolt|p1a: LeBrain Zames\n|-crit|p1a: LeBrain Zames\n|-damage|p1a: LeBrain Zames|24/100 par\n|\n|upkeep\n|turn|38\n|\n|t:|1784381989\n|switch|p2a: Rhydon|Rhydon|100/100\n|move|p1a: LeBrain Zames|Recover|p1a: LeBrain Zames\n|-heal|p1a: LeBrain Zames|74/100 par\n|\n|upkeep\n|turn|39\n|\n|t:|1784382003\n|switch|p1a: Marostra|Cloyster|79/100\n|move|p2a: Rhydon|Earthquake|p1a: Marostra\n|-damage|p1a: Marostra|49/100\n|\n|upkeep\n|turn|40\n|\n|t:|1784382010\n|switch|p2a: Cloyster|Cloyster|100/100 slp\n|move|p1a: Marostra|Clamp|p2a: Cloyster\n|-resisted|p2a: Cloyster\n|-damage|p2a: Cloyster|94/100 slp\n|\n|upkeep\n|turn|41\n|\n|t:|1784382016\n|-curestatus|p2a: Cloyster|slp|[msg]\n|move|p1a: Marostra|Clamp|p2a: Cloyster|[from] Clamp\n|-damage|p2a: Cloyster|87/100\n|\n|upkeep\n|turn|42\n|\n|t:|1784382022\n|switch|p2a: Chansey|Chansey|86/100 par\n|move|p1a: Marostra|Clamp|p2a: Chansey\n|-crit|p2a: Chansey\n|-damage|p2a: Chansey|77/100 par\n|\n|upkeep\n|turn|43\n|\n|t:|1784382028\n|switch|p2a: Cloyster|Cloyster|87/100\n|move|p1a: Marostra|Clamp|p2a: Cloyster\n|-resisted|p2a: Cloyster\n|-damage|p2a: Cloyster|81/100\n|\n|upkeep\n|turn|44\n|\n|t:|1784382036\n|move|p1a: Marostra|Clamp|p2a: Cloyster|[from] Clamp\n|-damage|p2a: Cloyster|75/100\n|\n|upkeep\n|turn|45\n|\n|t:|1784382040\n|switch|p2a: Starmie|Starmie|79/100\n|move|p1a: Marostra|Clamp|p2a: Starmie\n|-resisted|p2a: Starmie\n|-damage|p2a: Starmie|73/100\n|\n|upkeep\n|turn|46\n|\n|t:|1784382056\n|switch|p2a: Cloyster|Cloyster|75/100\n|switch|p1a: Vines of Death|Victreebel|100/100 par\n|\n|upkeep\n|turn|47\n|\n|t:|1784382068\n|switch|p2a: Chansey|Chansey|77/100 par\n|move|p1a: Vines of Death|Razor Leaf|p2a: Chansey\n|-crit|p2a: Chansey\n|-damage|p2a: Chansey|59/100 par\n|\n|upkeep\n|turn|48\n|\n|t:|1784382074\n|move|p1a: Vines of Death|Wrap|p2a: Chansey\n|-damage|p2a: Chansey|55/100 par\n|cant|p2a: Chansey|partiallytrapped\n|\n|upkeep\n|turn|49\n|\n|t:|1784382089\n|switch|p1a: Almighty Bull|Tauros|73/100 par\n|switch|p2a: Starmie|Starmie|73/100\n|\n|upkeep\n|turn|50\n|\n|t:|1784382098\n|switch|p1a: LeBrain Zames|Alakazam|74/100 par\n|move|p2a: Starmie|Surf|p1a: LeBrain Zames\n|-damage|p1a: LeBrain Zames|43/100 par\n|\n|upkeep\n|turn|51\n|\n|t:|1784382106\n|switch|p2a: Chansey|Chansey|55/100 par\n|switch|p1a: Vines of Death|Victreebel|100/100 par\n|\n|upkeep\n|turn|52\n|\n|t:|1784382111\n|cant|p1a: Vines of Death|par\n|move|p2a: Chansey|Soft-Boiled|p2a: Chansey\n|-heal|p2a: Chansey|100/100 par\n|\n|upkeep\n|turn|53\n|\n|t:|1784382117\n|move|p1a: Vines of Death|Wrap|p2a: Chansey\n|-damage|p2a: Chansey|96/100 par\n|cant|p2a: Chansey|partiallytrapped\n|\n|upkeep\n|turn|54\n|\n|t:|1784382124\n|switch|p2a: Cloyster|Cloyster|75/100\n|move|p1a: Vines of Death|Wrap|p2a: Cloyster\n|-damage|p2a: Cloyster|72/100\n|\n|upkeep\n|turn|55\n|\n|t:|1784382133\n|switch|p2a: Starmie|Starmie|73/100\n|cant|p1a: Vines of Death|par\n|\n|upkeep\n|turn|56\n|\n|t:|1784382140\n|switch|p2a: Chansey|Chansey|96/100 par\n|move|p1a: Vines of Death|Razor Leaf|p2a: Chansey\n|-crit|p2a: Chansey\n|-damage|p2a: Chansey|79/100 par\n|\n|upkeep\n|turn|57\n|\n|t:|1784382146\n|move|p1a: Vines of Death|Wrap|p2a: Chansey\n|-damage|p2a: Chansey|73/100 par\n|cant|p2a: Chansey|partiallytrapped\n|\n|upkeep\n|turn|58\n|\n|t:|1784382151\n|switch|p2a: Cloyster|Cloyster|72/100\n|move|p1a: Vines of Death|Wrap|p2a: Cloyster\n|-damage|p2a: Cloyster|69/100\n|\n|upkeep\n|turn|59\n|\n|t:|1784382157\n|switch|p2a: Rhydon|Rhydon|100/100\n|move|p1a: Vines of Death|Wrap|p2a: Rhydon\n|-resisted|p2a: Rhydon\n|-damage|p2a: Rhydon|99/100\n|\n|upkeep\n|turn|60\n|\n|t:|1784382166\n|switch|p2a: Starmie|Starmie|73/100\n|move|p1a: Vines of Death|Wrap|p2a: Starmie\n|-damage|p2a: Starmie|69/100\n|\n|upkeep\n|turn|61\n|\n|t:|1784382171\n|switch|p2a: Chansey|Chansey|73/100 par\n|move|p1a: Vines of Death|Wrap|p2a: Chansey\n|-damage|p2a: Chansey|69/100 par\n|\n|upkeep\n|turn|62\n|\n|t:|1784382178\n|switch|p2a: Cloyster|Cloyster|69/100\n|move|p1a: Vines of Death|Wrap|p2a: Cloyster\n|-damage|p2a: Cloyster|66/100\n|\n|upkeep\n|turn|63\n|\n|t:|1784382184\n|switch|p2a: Chansey|Chansey|69/100 par\n|move|p1a: Vines of Death|Wrap|p2a: Chansey|[miss]\n|-miss|p1a: Vines of Death\n|\n|upkeep\n|turn|64\n|\n|t:|1784382188\n|move|p1a: Vines of Death|Wrap|p2a: Chansey\n|-damage|p2a: Chansey|64/100 par\n|cant|p2a: Chansey|partiallytrapped\n|\n|upkeep\n|turn|65\n|\n|t:|1784382195\n|switch|p2a: Cloyster|Cloyster|66/100\n|move|p1a: Vines of Death|Wrap|p2a: Cloyster\n|-damage|p2a: Cloyster|63/100\n|\n|upkeep\n|turn|66\n|\n|t:|1784382203\n|switch|p2a: Rhydon|Rhydon|99/100\n|cant|p1a: Vines of Death|par\n|\n|upkeep\n|turn|67\n|\n|t:|1784382208\n|switch|p2a: Chansey|Chansey|64/100 par\n|move|p1a: Vines of Death|Razor Leaf|p2a: Chansey\n|-crit|p2a: Chansey\n|-damage|p2a: Chansey|48/100 par\n|\n|upkeep\n|turn|68\n|\n|t:|1784382214\n|move|p1a: Vines of Death|Wrap|p2a: Chansey\n|-damage|p2a: Chansey|43/100 par\n|cant|p2a: Chansey|partiallytrapped\n|\n|upkeep\n|turn|69\n|\n|t:|1784382223\n|switch|p2a: Cloyster|Cloyster|63/100\n|move|p1a: Vines of Death|Wrap|p2a: Cloyster\n|-damage|p2a: Cloyster|61/100\n|\n|upkeep\n|turn|70\n|\n|t:|1784382230\n|switch|p2a: Rhydon|Rhydon|99/100\n|cant|p1a: Vines of Death|par\n|\n|upkeep\n|turn|71\n|\n|t:|1784382235\n|switch|p2a: Chansey|Chansey|43/100 par\n|move|p1a: Vines of Death|Razor Leaf|p2a: Chansey\n|-crit|p2a: Chansey\n|-damage|p2a: Chansey|24/100 par\n|\n|upkeep\n|turn|72\n|\n|t:|1784382242\n|switch|p2a: Cloyster|Cloyster|61/100\n|move|p1a: Vines of Death|Wrap|p2a: Cloyster\n|-damage|p2a: Cloyster|58/100\n|\n|upkeep\n|turn|73\n|\n|t:|1784382251\n|move|p1a: Vines of Death|Wrap|p2a: Cloyster|[from] Wrap\n|-damage|p2a: Cloyster|55/100\n|\n|upkeep\n|turn|74\n|inactive|Ulti Bastion has 270 seconds left.\n|inactive|Ulti Bastion has 240 seconds left.\n|\n|t:|1784382330\n|move|p1a: Vines of Death|Wrap|p2a: Cloyster|[from] Wrap\n|-damage|p2a: Cloyster|52/100\n|\n|upkeep\n|turn|75\n|inactive|Ulti Bastion has 210 seconds left.\n|\n|t:|1784382364\n|switch|p1a: Marostra|Cloyster|49/100\n|move|p2a: Cloyster|Clamp|p1a: Marostra|[miss]\n|-miss|p2a: Cloyster\n|\n|upkeep\n|turn|76\n|inactive|Ulti Bastion has 210 seconds left.\n|\n|t:|1784382370\n|move|p2a: Cloyster|Clamp|p1a: Marostra|[miss]\n|-miss|p2a: Cloyster\n|move|p1a: Marostra|Clamp|p2a: Cloyster\n|-resisted|p2a: Cloyster\n|-damage|p2a: Cloyster|44/100\n|\n|upkeep\n|turn|77\n|\n|t:|1784382376\n|switch|p2a: Starmie|Starmie|69/100\n|move|p1a: Marostra|Clamp|p2a: Starmie|[miss]\n|-miss|p1a: Marostra\n|\n|upkeep\n|turn|78\n|\n|t:|1784382383\n|switch|p1a: Vines of Death|Victreebel|100/100 par\n|move|p2a: Starmie|Recover|p2a: Starmie\n|-heal|p2a: Starmie|100/100\n|\n|upkeep\n|turn|79\n|\n|t:|1784382397\n|switch|p2a: Chansey|Chansey|24/100 par\n|move|p1a: Vines of Death|Razor Leaf|p2a: Chansey\n|-crit|p2a: Chansey\n|-damage|p2a: Chansey|6/100 par\n|\n|upkeep\n|turn|80\n|\n|t:|1784382404\n|move|p1a: Vines of Death|Razor Leaf|p2a: Chansey\n|-crit|p2a: Chansey\n|-damage|p2a: Chansey|0 fnt\n|faint|p2a: Chansey\n|\n|t:|1784382409\n|switch|p2a: Cloyster|Cloyster|44/100\n|turn|81\n|inactive|Ulti Bastion has 240 seconds left.\n|\n|t:|1784382438\n|switch|p1a: Almighty Bull|Tauros|73/100 par\n|move|p2a: Cloyster|Blizzard|p1a: Almighty Bull\n|-damage|p1a: Almighty Bull|27/100 par\n|\n|upkeep\n|turn|82\n|\n|t:|1784382450\n|switch|p1a: Marostra|Cloyster|49/100\n|move|p2a: Cloyster|Clamp|p1a: Marostra\n|-resisted|p1a: Marostra\n|-damage|p1a: Marostra|42/100\n|\n|upkeep\n|turn|83\n|\n|t:|1784382460\n|switch|p1a: A Padeira|Chansey|100/100\n|move|p2a: Cloyster|Clamp|p1a: A Padeira|[miss]\n|-miss|p2a: Cloyster\n|\n|upkeep\n|turn|84\n|\n|t:|1784382479\n|move|p2a: Cloyster|Clamp|p1a: A Padeira\n|-crit|p1a: A Padeira\n|-damage|p1a: A Padeira|91/100\n|cant|p1a: A Padeira|partiallytrapped\n|\n|upkeep\n|turn|85\n|\n|t:|1784382484\n|move|p2a: Cloyster|Clamp|p1a: A Padeira|[from] Clamp\n|-damage|p1a: A Padeira|82/100\n|\n|upkeep\n|turn|86\n|\n|t:|1784382509\n|move|p2a: Cloyster|Clamp|p1a: A Padeira|[miss]\n|-miss|p2a: Cloyster\n|move|p1a: A Padeira|Thunderbolt|p2a: Cloyster\n|-supereffective|p2a: Cloyster\n|-damage|p2a: Cloyster|0 fnt\n|faint|p2a: Cloyster\n|\n|t:|1784382517\n|switch|p2a: Starmie|Starmie|100/100\n|turn|87\n|\n|t:|1784382528\n|move|p2a: Starmie|Surf|p1a: A Padeira\n|-damage|p1a: A Padeira|67/100\n|move|p1a: A Padeira|Thunder Wave|p2a: Starmie\n|-status|p2a: Starmie|par\n|\n|upkeep\n|turn|88\n|\n|t:|1784382536\n|switch|p1a: Vines of Death|Victreebel|100/100 par\n|cant|p2a: Starmie|par\n|\n|upkeep\n|turn|89\n|\n|t:|1784382541\n|move|p2a: Starmie|Surf|p1a: Vines of Death\n|-resisted|p1a: Vines of Death\n|-damage|p1a: Vines of Death|85/100 par\n|move|p1a: Vines of Death|Razor Leaf|p2a: Starmie\n|-crit|p2a: Starmie\n|-supereffective|p2a: Starmie\n|-damage|p2a: Starmie|22/100 par\n|\n|upkeep\n|turn|90\n|\n|t:|1784382549\n|move|p2a: Starmie|Surf|p1a: Vines of Death\n|-resisted|p1a: Vines of Death\n|-damage|p1a: Vines of Death|69/100 par\n|move|p1a: Vines of Death|Razor Leaf|p2a: Starmie\n|-crit|p2a: Starmie\n|-supereffective|p2a: Starmie\n|-damage|p2a: Starmie|0 fnt\n|faint|p2a: Starmie\n|\n|t:|1784382574\n|switch|p2a: Tauros|Tauros|100/100\n|turn|91\n|inactive|Ulti Bastion has 240 seconds left.\n|\n|t:|1784382612\n|switch|p1a: Almighty Bull|Tauros|27/100 par\n|move|p2a: Tauros|Body Slam|p1a: Almighty Bull\n|-crit|p1a: Almighty Bull\n|-damage|p1a: Almighty Bull|0 fnt\n|faint|p1a: Almighty Bull\n|\n|t:|1784382624\n|switch|p1a: A Padeira|Chansey|67/100\n|turn|92\n|\n|t:|1784382633\n|switch|p1a: The Bronco|Rhydon|100/100\n|move|p2a: Tauros|Hyper Beam|p1a: The Bronco\n|-resisted|p1a: The Bronco\n|-damage|p1a: The Bronco|81/100\n|-mustrecharge|p2a: Tauros\n|\n|upkeep\n|turn|93\n|\n|t:|1784382638\n|cant|p2a: Tauros|recharge\n|move|p1a: The Bronco|Earthquake|p2a: Tauros\n|-damage|p2a: Tauros|57/100\n|\n|upkeep\n|turn|94\n|\n|t:|1784382649\n|move|p2a: Tauros|Earthquake|p1a: The Bronco\n|-supereffective|p1a: The Bronco\n|-damage|p1a: The Bronco|45/100\n|move|p1a: The Bronco|Earthquake|p2a: Tauros\n|-damage|p2a: Tauros|19/100\n|\n|upkeep\n|turn|95\n|\n|t:|1784382679\n|move|p2a: Tauros|Earthquake|p1a: The Bronco\n|-supereffective|p1a: The Bronco\n|-damage|p1a: The Bronco|9/100\n|move|p1a: The Bronco|Earthquake|p2a: Tauros\n|-damage|p2a: Tauros|0 fnt\n|faint|p2a: Tauros\n|\n|t:|1784382686\n|switch|p2a: Rhydon|Rhydon|99/100\n|turn|96\n|\n|t:|1784382689\n|move|p1a: The Bronco|Earthquake|p2a: Rhydon\n|-supereffective|p2a: Rhydon\n|-damage|p2a: Rhydon|40/100\n|move|p2a: Rhydon|Earthquake|p1a: The Bronco\n|-crit|p1a: The Bronco\n|-supereffective|p1a: The Bronco\n|-damage|p1a: The Bronco|0 fnt\n|faint|p1a: The Bronco\n|\n|t:|1784382692\n|switch|p1a: A Padeira|Chansey|67/100\n|turn|97\n|\n|t:|1784382698\n|move|p1a: A Padeira|Ice Beam|p2a: Rhydon\n|-supereffective|p2a: Rhydon\n|-damage|p2a: Rhydon|0 fnt\n|faint|p2a: Rhydon\n|\n|win|Ulti Bastion\n|c|☆oligen1|gg wp\n|c|☆Ulti Bastion|Gg \n","uploadtime":1784382698,"views":"105","formatid":"gen1ou","rating":null,"private":0,"password":null}