{"id":"smogtours-gen1ou-909872","format":"[Gen 1] OU","players":["nicole7735","Girls See Ghosts"],"log":"|inactive|Battle timer is ON: inactive players will automatically lose when time's up.\n|t:|1771207473\n|gametype|singles\n|player|p1|nicole7735|#splxviiscooters|\n|player|p2|Girls See Ghosts|#splxviisharks|\n|gen|1\n|tier|[Gen 1] OU\n|rule|Desync Clause Mod: Desyncs changed to move failure.\n|rule|Sleep Clause Mod: Limit one foe put to sleep\n|rule|Freeze Clause Mod: Limit one foe frozen\n|rule|Species Clause: Limit one of each Pokémon\n|rule|OHKO Clause: OHKO moves are banned\n|rule|Evasion Moves Clause: Evasion moves are banned\n|rule|Endless Battle Clause: Forcing endless battles is banned\n|rule|HP Percentage Mod: HP is shown in percentages\n|\n|t:|1771207473\n|teamsize|p1|6\n|teamsize|p2|6\n|start\n|switch|p1a: Starmie|Starmie|100/100\n|switch|p2a: Gengar|Gengar|100/100\n|turn|1\n|c|☆Girls See Ghosts|glhf\n|c|☆nicole7735|hf\n|inactive|nicole7735 has 270 seconds left.\n|inactive|Girls See Ghosts has 270 seconds left.\n|rated|Smogon Premier League\n|\n|t:|1771207519\n|switch|p2a: Chansey|Chansey|100/100\n|move|p1a: Starmie|Psychic|p2a: Chansey\n|-damage|p2a: Chansey|85/100\n|\n|upkeep\n|turn|2\n|\n|t:|1771207524\n|move|p1a: Starmie|Blizzard|p2a: Chansey|[miss]\n|-miss|p1a: Starmie\n|move|p2a: Chansey|Ice Beam|p1a: Starmie\n|-resisted|p1a: Starmie\n|-damage|p1a: Starmie|89/100\n|\n|upkeep\n|turn|3\n|\n|t:|1771207531\n|move|p1a: Starmie|Blizzard|p2a: Chansey\n|-damage|p2a: Chansey|72/100\n|move|p2a: Chansey|Ice Beam|p1a: Starmie\n|-resisted|p1a: Starmie\n|-damage|p1a: Starmie|78/100\n|-status|p1a: Starmie|frz\n|\n|upkeep\n|turn|4\n|\n|t:|1771207556\n|switch|p1a: Chansey|Chansey|100/100\n|switch|p2a: Gengar|Gengar|100/100\n|\n|upkeep\n|turn|5\n|\n|t:|1771207565\n|switch|p1a: Exeggutor|Exeggutor|100/100\n|move|p2a: Gengar|Hypnosis|p1a: Exeggutor\n|-status|p1a: Exeggutor|slp|[from] move: Hypnosis\n|\n|upkeep\n|turn|6\n|inactive|nicole7735 has 270 seconds left.\n|\n|t:|1771207591\n|switch|p1a: Chansey|Chansey|100/100\n|move|p2a: Gengar|Night Shade|p1a: Chansey\n|-damage|p1a: Chansey|86/100\n|\n|upkeep\n|turn|7\n|inactive|Girls See Ghosts has 270 seconds left.\n|\n|t:|1771207612\n|move|p2a: Gengar|Night Shade|p1a: Chansey\n|-damage|p1a: Chansey|72/100\n|move|p1a: Chansey|Thunder Wave|p2a: Gengar\n|-status|p2a: Gengar|par\n|\n|upkeep\n|turn|8\n|\n|t:|1771207621\n|switch|p1a: Starmie|Starmie|78/100 frz\n|move|p2a: Gengar|Night Shade|p1a: Starmie\n|-damage|p1a: Starmie|47/100 frz\n|\n|upkeep\n|turn|9\n|\n|t:|1771207636\n|switch|p1a: Chansey|Chansey|72/100\n|move|p2a: Gengar|Night Shade|p1a: Chansey\n|-damage|p1a: Chansey|58/100\n|\n|upkeep\n|turn|10\n|\n|t:|1771207642\n|move|p1a: Chansey|Soft-Boiled|p1a: Chansey\n|-heal|p1a: Chansey|100/100\n|move|p2a: Gengar|Thunderbolt|p1a: Chansey\n|-damage|p1a: Chansey|88/100\n|\n|upkeep\n|turn|11\n|\n|t:|1771207650\n|switch|p2a: Chansey|Chansey|72/100\n|move|p1a: Chansey|Ice Beam|p2a: Chansey\n|-damage|p2a: Chansey|63/100\n|\n|upkeep\n|turn|12\n|\n|t:|1771207656\n|move|p1a: Chansey|Thunder Wave|p2a: Chansey\n|-status|p2a: Chansey|par\n|move|p2a: Chansey|Thunder Wave|p1a: Chansey\n|-status|p1a: Chansey|par\n|\n|upkeep\n|turn|13\n|\n|t:|1771207679\n|switch|p1a: Snorlax|Snorlax|100/100\n|move|p2a: Chansey|Soft-Boiled|p2a: Chansey\n|-heal|p2a: Chansey|100/100 par\n|\n|upkeep\n|turn|14\n|inactive|Girls See Ghosts has 270 seconds left.\n|\n|t:|1771207721\n|switch|p2a: Gengar|Gengar|100/100 par\n|move|p1a: Snorlax|Body Slam|p2a: Gengar\n|-immune|p2a: Gengar\n|\n|upkeep\n|turn|15\n|\n|t:|1771207729\n|move|p1a: Snorlax|Body Slam|p2a: Gengar\n|-immune|p2a: Gengar\n|move|p2a: Gengar|Thunderbolt|p1a: Snorlax\n|-damage|p1a: Snorlax|78/100\n|\n|upkeep\n|turn|16\n|inactive|Girls See Ghosts has 270 seconds left.\n|\n|t:|1771207758\n|switch|p1a: Exeggutor|Exeggutor|100/100 slp\n|move|p2a: Gengar|Thunderbolt|p1a: Exeggutor\n|-resisted|p1a: Exeggutor\n|-damage|p1a: Exeggutor|91/100 slp\n|\n|upkeep\n|turn|17\n|\n|t:|1771207764\n|switch|p2a: Tauros|Tauros|100/100\n|cant|p1a: Exeggutor|slp\n|\n|upkeep\n|turn|18\n|\n|t:|1771207770\n|switch|p1a: Starmie|Starmie|47/100 frz\n|move|p2a: Tauros|Body Slam|p1a: Starmie\n|-damage|p1a: Starmie|11/100 frz\n|\n|upkeep\n|turn|19\n|inactive|Girls See Ghosts has 270 seconds left.\n|\n|t:|1771207776\n|cant|p1a: Starmie|frz\n|move|p2a: Tauros|Body Slam|p1a: Starmie\n|-damage|p1a: Starmie|0 fnt\n|faint|p1a: Starmie\n|\n|t:|1771207779\n|switch|p1a: Tauros|Tauros|100/100\n|turn|20\n|inactive|Girls See Ghosts has 270 seconds left.\n|\n|t:|1771207812\n|move|p1a: Tauros|Body Slam|p2a: Tauros\n|-damage|p2a: Tauros|69/100\n|move|p2a: Tauros|Body Slam|p1a: Tauros\n|-damage|p1a: Tauros|72/100\n|\n|upkeep\n|turn|21\n|\n|t:|1771207818\n|move|p2a: Tauros|Body Slam|p1a: Tauros\n|-damage|p1a: Tauros|42/100\n|move|p1a: Tauros|Blizzard|p2a: Tauros\n|-damage|p2a: Tauros|43/100\n|\n|upkeep\n|turn|22\n|inactive|nicole7735 has 270 seconds left.\n|inactive|Girls See Ghosts has 240 seconds left.\n|inactive|nicole7735 has 240 seconds left.\n|inactive|Girls See Ghosts has 210 seconds left.\n|inactive|nicole7735 has 210 seconds left.\n|inactive|Girls See Ghosts has 180 seconds left.\n|\n|t:|1771207924\n|switch|p1a: Snorlax|Snorlax|78/100\n|switch|p2a: Zapdos|Zapdos|100/100\n|\n|upkeep\n|turn|23\n|inactive|Girls See Ghosts has 180 seconds left.\n|\n|t:|1771207942\n|switch|p1a: Tauros|Tauros|42/100\n|move|p2a: Zapdos|Thunderbolt|p1a: Tauros\n|-crit|p1a: Tauros\n|-damage|p1a: Tauros|0 fnt\n|faint|p1a: Tauros\n|inactive|nicole7735 has 180 seconds left.\n|inactive|nicole7735 has 150 seconds left.\n|inactive|nicole7735 has 120 seconds left.\n|\n|t:|1771208029\n|switch|p1a: Snorlax|Snorlax|78/100\n|turn|24\n|inactive|Girls See Ghosts has 180 seconds left.\n|\n|t:|1771208039\n|switch|p2a: Gengar|Gengar|100/100 par\n|move|p1a: Snorlax|Body Slam|p2a: Gengar\n|-immune|p2a: Gengar\n|\n|upkeep\n|turn|25\n|inactive|nicole7735 has 120 seconds left.\n|\n|t:|1771208055\n|switch|p1a: Chansey|Chansey|88/100 par\n|move|p2a: Gengar|Thunderbolt|p1a: Chansey\n|-damage|p1a: Chansey|77/100 par\n|\n|upkeep\n|turn|26\n|inactive|nicole7735 has 120 seconds left.\n|\n|t:|1771208067\n|switch|p2a: Snorlax|Snorlax|100/100\n|move|p1a: Chansey|Soft-Boiled|p1a: Chansey\n|-heal|p1a: Chansey|100/100 par\n|\n|upkeep\n|turn|27\n|\n|t:|1771208075\n|move|p2a: Snorlax|Earthquake|p1a: Chansey\n|-damage|p1a: Chansey|69/100 par\n|move|p1a: Chansey|Thunder Wave|p2a: Snorlax\n|-status|p2a: Snorlax|par\n|\n|upkeep\n|turn|28\n|\n|t:|1771208082\n|switch|p1a: Snorlax|Snorlax|78/100\n|move|p2a: Snorlax|Body Slam|p1a: Snorlax\n|-damage|p1a: Snorlax|50/100\n|\n|upkeep\n|turn|29\n|inactive|nicole7735 has 120 seconds left.\n|inactive|nicole7735 has 90 seconds left.\n|\n|t:|1771208166\n|switch|p2a: Gengar|Gengar|100/100 par\n|move|p1a: Snorlax|Reflect|p1a: Snorlax\n|-start|p1a: Snorlax|Reflect\n|\n|upkeep\n|turn|30\n|\n|t:|1771208183\n|move|p1a: Snorlax|Rest|p1a: Snorlax\n|-status|p1a: Snorlax|slp|[from] move: Rest\n|-heal|p1a: Snorlax|100/100 slp|[silent]\n|cant|p2a: Gengar|par\n|\n|upkeep\n|turn|31\n|\n|t:|1771208191\n|cant|p1a: Snorlax|slp\n|cant|p2a: Gengar|par\n|\n|upkeep\n|turn|32\n|\n|t:|1771208196\n|-curestatus|p1a: Snorlax|slp|[msg]\n|cant|p2a: Gengar|par\n|\n|upkeep\n|turn|33\n|\n|t:|1771208201\n|switch|p1a: Chansey|Chansey|69/100 par\n|move|p2a: Gengar|Thunderbolt|p1a: Chansey\n|-damage|p1a: Chansey|57/100 par\n|\n|upkeep\n|turn|34\n|\n|t:|1771208205\n|switch|p2a: Snorlax|Snorlax|100/100 par\n|move|p1a: Chansey|Soft-Boiled|p1a: Chansey\n|-heal|p1a: Chansey|100/100 par\n|\n|upkeep\n|turn|35\n|\n|t:|1771208209\n|switch|p1a: Snorlax|Snorlax|100/100\n|cant|p2a: Snorlax|par\n|\n|upkeep\n|turn|36\n|inactive|Girls See Ghosts has 240 seconds left.\n|inactive|nicole7735 has 120 seconds left.\n|\n|t:|1771208231\n|switch|p2a: Gengar|Gengar|100/100 par\n|move|p1a: Snorlax|Body Slam|p2a: Gengar\n|-immune|p2a: Gengar\n|\n|upkeep\n|turn|37\n|\n|t:|1771208242\n|switch|p1a: Chansey|Chansey|100/100 par\n|move|p2a: Gengar|Thunderbolt|p1a: Chansey\n|-damage|p1a: Chansey|87/100 par\n|\n|upkeep\n|turn|38\n|\n|t:|1771208256\n|switch|p2a: Snorlax|Snorlax|100/100 par\n|switch|p1a: Exeggutor|Exeggutor|91/100 slp\n|\n|upkeep\n|turn|39\n|\n|t:|1771208262\n|switch|p1a: Snorlax|Snorlax|100/100\n|switch|p2a: Tauros|Tauros|43/100\n|\n|upkeep\n|turn|40\n|\n|t:|1771208272\n|switch|p2a: Gengar|Gengar|100/100 par\n|switch|p1a: Alakazam|Alakazam|100/100\n|\n|upkeep\n|turn|41\n|\n|t:|1771208277\n|switch|p2a: Chansey|Chansey|100/100 par\n|move|p1a: Alakazam|Psychic|p2a: Chansey\n|-damage|p2a: Chansey|81/100 par\n|-unboost|p2a: Chansey|spa|1\n|-unboost|p2a: Chansey|spd|1\n|\n|upkeep\n|turn|42\n|inactive|nicole7735 has 150 seconds left.\n|\n|t:|1771208292\n|move|p1a: Alakazam|Psychic|p2a: Chansey\n|-crit|p2a: Chansey\n|-damage|p2a: Chansey|45/100 par\n|-unboost|p2a: Chansey|spa|1\n|-unboost|p2a: Chansey|spd|1\n|move|p2a: Chansey|Soft-Boiled|p2a: Chansey\n|-heal|p2a: Chansey|95/100 par\n|\n|upkeep\n|turn|43\n|\n|t:|1771208303\n|move|p1a: Alakazam|Psychic|p2a: Chansey\n|-damage|p2a: Chansey|62/100 par\n|cant|p2a: Chansey|par\n|\n|upkeep\n|turn|44\n|\n|t:|1771208315\n|switch|p2a: Exeggutor|Exeggutor|100/100\n|move|p1a: Alakazam|Psychic|p2a: Exeggutor\n|-resisted|p2a: Exeggutor\n|-damage|p2a: Exeggutor|86/100\n|-unboost|p2a: Exeggutor|spa|1\n|-unboost|p2a: Exeggutor|spd|1\n|\n|upkeep\n|turn|45\n|inactive|nicole7735 has 150 seconds left.\n|inactive|Girls See Ghosts has 270 seconds left.\n|inactive|nicole7735 has 120 seconds left.\n|\n|t:|1771208369\n|switch|p1a: Exeggutor|Exeggutor|91/100 slp\n|switch|p2a: Chansey|Chansey|62/100 par\n|\n|upkeep\n|turn|46\n|\n|t:|1771208383\n|switch|p1a: Chansey|Chansey|87/100 par\n|move|p2a: Chansey|Soft-Boiled|p2a: Chansey\n|-heal|p2a: Chansey|100/100 par\n|\n|upkeep\n|turn|47\n|inactive|nicole7735 has 120 seconds left.\n|\n|t:|1771208390\n|move|p1a: Chansey|Ice Beam|p2a: Chansey\n|-damage|p2a: Chansey|91/100 par\n|move|p2a: Chansey|Ice Beam|p1a: Chansey\n|-crit|p1a: Chansey\n|-damage|p1a: Chansey|68/100 par\n|\n|upkeep\n|turn|48\n|\n|t:|1771208394\n|switch|p2a: Snorlax|Snorlax|100/100 par\n|move|p1a: Chansey|Soft-Boiled|p1a: Chansey\n|-heal|p1a: Chansey|100/100 par\n|\n|upkeep\n|turn|49\n|\n|t:|1771208399\n|switch|p1a: Snorlax|Snorlax|100/100\n|move|p2a: Snorlax|Earthquake|p1a: Snorlax\n|-damage|p1a: Snorlax|81/100\n|\n|upkeep\n|turn|50\n|\n|t:|1771208404\n|switch|p1a: Alakazam|Alakazam|100/100\n|switch|p2a: Gengar|Gengar|100/100 par\n|\n|upkeep\n|turn|51\n|\n|t:|1771208409\n|switch|p2a: Chansey|Chansey|91/100 par\n|move|p1a: Alakazam|Psychic|p2a: Chansey\n|-damage|p2a: Chansey|71/100 par\n|-unboost|p2a: Chansey|spa|1\n|-unboost|p2a: Chansey|spd|1\n|\n|upkeep\n|turn|52\n|\n|t:|1771208414\n|move|p1a: Alakazam|Psychic|p2a: Chansey\n|-damage|p2a: Chansey|41/100 par\n|cant|p2a: Chansey|par\n|\n|upkeep\n|turn|53\n|\n|t:|1771208421\n|move|p1a: Alakazam|Psychic|p2a: Chansey\n|-damage|p2a: Chansey|11/100 par\n|cant|p2a: Chansey|par\n|\n|upkeep\n|turn|54\n|inactive|nicole7735 has 180 seconds left.\n|\n|t:|1771208437\n|move|p1a: Alakazam|Seismic Toss|p2a: Chansey\n|-damage|p2a: Chansey|0 fnt\n|faint|p2a: Chansey\n|\n|t:|1771208442\n|switch|p2a: Zapdos|Zapdos|100/100\n|turn|55\n|inactive|nicole7735 has 180 seconds left.\n|\n|t:|1771208466\n|move|p1a: Alakazam|Thunder Wave|p2a: Zapdos\n|-status|p2a: Zapdos|par\n|move|p2a: Zapdos|Thunder Wave|p1a: Alakazam\n|-status|p1a: Alakazam|par\n|\n|upkeep\n|turn|56\n|inactive|nicole7735 has 150 seconds left.\n|inactive|Girls See Ghosts has 270 seconds left.\n|\n|t:|1771208517\n|cant|p1a: Alakazam|par\n|move|p2a: Zapdos|Drill Peck|p1a: Alakazam\n|-damage|p1a: Alakazam|57/100 par\n|\n|upkeep\n|turn|57\n|\n|t:|1771208526\n|move|p1a: Alakazam|Recover|p1a: Alakazam\n|-heal|p1a: Alakazam|100/100 par\n|move|p2a: Zapdos|Drill Peck|p1a: Alakazam\n|-damage|p1a: Alakazam|54/100 par\n|\n|upkeep\n|turn|58\n|\n|t:|1771208531\n|move|p1a: Alakazam|Recover|p1a: Alakazam\n|-heal|p1a: Alakazam|100/100 par\n|cant|p2a: Zapdos|par\n|\n|upkeep\n|turn|59\n|\n|t:|1771208537\n|cant|p1a: Alakazam|par\n|move|p2a: Zapdos|Drill Peck|p1a: Alakazam\n|-crit|p1a: Alakazam\n|-damage|p1a: Alakazam|20/100 par\n|\n|upkeep\n|turn|60\n|\n|t:|1771208541\n|move|p1a: Alakazam|Recover|p1a: Alakazam\n|-heal|p1a: Alakazam|70/100 par\n|move|p2a: Zapdos|Agility|p2a: Zapdos\n|-boost|p2a: Zapdos|spe|2\n|\n|upkeep\n|turn|61\n|inactive|nicole7735 has 150 seconds left.\n|inactive|nicole7735 has 120 seconds left.\n|\n|t:|1771208591\n|switch|p1a: Exeggutor|Exeggutor|91/100 slp\n|move|p2a: Zapdos|Drill Peck|p1a: Exeggutor\n|-supereffective|p1a: Exeggutor\n|-damage|p1a: Exeggutor|37/100 slp\n|\n|upkeep\n|turn|62\n|\n|t:|1771208597\n|move|p2a: Zapdos|Drill Peck|p1a: Exeggutor\n|-supereffective|p1a: Exeggutor\n|-damage|p1a: Exeggutor|0 fnt\n|faint|p1a: Exeggutor\n|\n|t:|1771208599\n|switch|p1a: Snorlax|Snorlax|81/100\n|turn|63\n|\n|t:|1771208613\n|switch|p2a: Gengar|Gengar|100/100 par\n|move|p1a: Snorlax|Body Slam|p2a: Gengar\n|-immune|p2a: Gengar\n|\n|upkeep\n|turn|64\n|inactive|nicole7735 has 150 seconds left.\n|inactive|Girls See Ghosts has 270 seconds left.\n|\n|t:|1771208652\n|switch|p1a: Chansey|Chansey|100/100 par\n|switch|p2a: Snorlax|Snorlax|100/100 par\n|\n|upkeep\n|turn|65\n|\n|t:|1771208658\n|switch|p1a: Snorlax|Snorlax|81/100\n|cant|p2a: Snorlax|par\n|\n|upkeep\n|turn|66\n|\n|t:|1771208667\n|move|p1a: Snorlax|Self-Destruct|p2a: Snorlax\n|-damage|p2a: Snorlax|23/100 par\n|faint|p1a: Snorlax\n|inactive|nicole7735 has 120 seconds left.\n|\n|t:|1771208705\n|switch|p1a: Alakazam|Alakazam|70/100 par\n|turn|67\n|\n|t:|1771208713\n|switch|p2a: Exeggutor|Exeggutor|86/100\n|move|p1a: Alakazam|Psychic|p2a: Exeggutor\n|-resisted|p2a: Exeggutor\n|-damage|p2a: Exeggutor|71/100\n|\n|upkeep\n|turn|68\n|inactive|nicole7735 has 120 seconds left.\n|\n|t:|1771208736\n|move|p2a: Exeggutor|Explosion|p1a: Alakazam\n|-damage|p1a: Alakazam|0 fnt\n|faint|p1a: Alakazam\n|faint|p2a: Exeggutor\n|\n|t:|1771208740\n|switch|p2a: Gengar|Gengar|100/100 par\n|switch|p1a: Chansey|Chansey|100/100 par\n|turn|69\n|\n|t:|1771208745\n|move|p2a: Gengar|Explosion|p1a: Chansey\n|-damage|p1a: Chansey|17/100 par\n|faint|p2a: Gengar\n|\n|t:|1771208749\n|switch|p2a: Tauros|Tauros|43/100\n|turn|70\n|c|☆Girls See Ghosts|gg\n|\n|t:|1771208753\n|move|p2a: Tauros|Body Slam|p1a: Chansey\n|-damage|p1a: Chansey|0 fnt\n|faint|p1a: Chansey\n|\n|win|Girls See Ghosts\n|c|☆nicole7735|gg\n|player|p1|\n","uploadtime":1771208753,"views":"1097","formatid":"gen1ou","rating":null,"private":0,"password":null}