{"id":"smogtours-gen1ou-950089","format":"[Gen 1] OU","players":["Soda Krys","TG2513"],"log":"|inactive|Battle timer is ON: inactive players will automatically lose when time's up.\n|t:|1782418209\n|gametype|singles\n|player|p1|Soda Krys|lass-gen1rb|\n|player|p2|TG2513|brycenman|\n|gen|1\n|tier|[Gen 1] OU\n|rule|Desync Clause Mod: Desyncs changed to move failure.\n|rule|HP Percentage Mod: HP is shown in percentages\n|rule|Endless Battle Clause: Forcing endless battles is banned\n|rule|Sleep Clause Mod: Limit one foe put to sleep\n|rule|Freeze Clause Mod: Limit one foe frozen\n|rule|Species Clause: Limit one of each Pokémon\n|rule|OHKO Clause: OHKO moves are banned\n|rule|Evasion Moves Clause: Evasion moves are banned\n|\n|t:|1782418209\n|teamsize|p1|6\n|teamsize|p2|6\n|start\n|switch|p1a: Alakazam|Alakazam|100/100\n|switch|p2a: Jynx|Jynx|100/100\n|turn|1\n|inactive|Soda Krys also wants the timer to be on.\n|c|☆TG2513|HF\n|\n|t:|1782418216\n|move|p1a: Alakazam|Thunder Wave|p2a: Jynx\n|-status|p2a: Jynx|par\n|move|p2a: Jynx|Lovely Kiss|p1a: Alakazam\n|-status|p1a: Alakazam|slp|[from] move: Lovely Kiss\n|\n|upkeep\n|turn|2\n|\n|t:|1782418218\n|switch|p1a: Chansey|Chansey|100/100\n|move|p2a: Jynx|Blizzard|p1a: Chansey\n|-crit|p1a: Chansey\n|-damage|p1a: Chansey|65/100\n|\n|upkeep\n|turn|3\n|\n|t:|1782418220\n|move|p1a: Chansey|Seismic Toss|p2a: Jynx\n|-damage|p2a: Jynx|70/100 par\n|cant|p2a: Jynx|par\n|\n|upkeep\n|turn|4\n|\n|t:|1782418223\n|move|p1a: Chansey|Soft-Boiled|p1a: Chansey\n|-heal|p1a: Chansey|100/100\n|move|p2a: Jynx|Blizzard|p1a: Chansey\n|-damage|p1a: Chansey|81/100\n|\n|upkeep\n|turn|5\n|\n|t:|1782418226\n|move|p1a: Chansey|Seismic Toss|p2a: Jynx\n|-damage|p2a: Jynx|40/100 par\n|cant|p2a: Jynx|par\n|\n|upkeep\n|turn|6\n|\n|t:|1782418231\n|switch|p1a: Tauros|Tauros|100/100\n|cant|p2a: Jynx|par\n|\n|upkeep\n|turn|7\n|\n|t:|1782418241\n|switch|p2a: Snorlax|Snorlax|100/100\n|move|p1a: Tauros|Body Slam|p2a: Snorlax\n|-crit|p2a: Snorlax\n|-damage|p2a: Snorlax|52/100\n|\n|upkeep\n|turn|8\n|\n|t:|1782418244\n|move|p1a: Tauros|Body Slam|p2a: Snorlax\n|-damage|p2a: Snorlax|28/100\n|move|p2a: Snorlax|Body Slam|p1a: Tauros\n|-damage|p1a: Tauros|68/100\n|\n|upkeep\n|turn|9\n|\n|t:|1782418252\n|switch|p2a: Exeggutor|Exeggutor|100/100\n|move|p1a: Tauros|Hyper Beam|p2a: Exeggutor\n|-damage|p2a: Exeggutor|47/100\n|-mustrecharge|p1a: Tauros\n|\n|upkeep\n|turn|10\n|c|☆TG2513|5 big booms!\n|\n|t:|1782418264\n|cant|p1a: Tauros|recharge\n|move|p2a: Exeggutor|Explosion|p1a: Tauros\n|-damage|p1a: Tauros|0 fnt\n|faint|p1a: Tauros\n|faint|p2a: Exeggutor\n|\n|t:|1782418274\n|switch|p1a: Chansey|Chansey|81/100\n|switch|p2a: Chansey|Chansey|100/100\n|turn|11\n|\n|t:|1782418281\n|switch|p2a: Jynx|Jynx|40/100 par\n|move|p1a: Chansey|Seismic Toss|p2a: Jynx\n|-damage|p2a: Jynx|10/100 par\n|\n|upkeep\n|turn|12\n|\n|t:|1782418290\n|move|p1a: Chansey|Seismic Toss|p2a: Jynx\n|-damage|p2a: Jynx|0 fnt\n|faint|p2a: Jynx\n|\n|t:|1782418292\n|switch|p2a: Chansey|Chansey|100/100\n|turn|13\n|\n|t:|1782418293\n|move|p1a: Chansey|Sing|p2a: Chansey\n|-status|p2a: Chansey|slp|[from] move: Sing\n|cant|p2a: Chansey|slp\n|\n|upkeep\n|turn|14\n|\n|t:|1782418297\n|switch|p1a: Snorlax|Snorlax|100/100\n|cant|p2a: Chansey|slp\n|\n|upkeep\n|turn|15\n|\n|t:|1782418300\n|switch|p2a: Porygon|Porygon|100/100\n|move|p1a: Snorlax|Body Slam|p2a: Porygon\n|-damage|p2a: Porygon|63/100\n|\n|upkeep\n|turn|16\n|\n|t:|1782418303\n|switch|p1a: Jolteon|Jolteon|100/100\n|move|p2a: Porygon|Recover|p2a: Porygon\n|-heal|p2a: Porygon|100/100\n|\n|upkeep\n|turn|17\n|\n|t:|1782418310\n|switch|p2a: Snorlax|Snorlax|28/100\n|move|p1a: Jolteon|Thunder Wave|p2a: Snorlax\n|-status|p2a: Snorlax|par\n|\n|upkeep\n|turn|18\n|\n|t:|1782418314\n|move|p1a: Jolteon|Thunderbolt|p2a: Snorlax\n|-damage|p2a: Snorlax|0 fnt\n|faint|p2a: Snorlax\n|\n|t:|1782418318\n|switch|p2a: Tauros|Tauros|100/100\n|turn|19\n|\n|t:|1782418320\n|move|p1a: Jolteon|Thunder Wave|p2a: Tauros\n|-status|p2a: Tauros|par\n|move|p2a: Tauros|Earthquake|p1a: Jolteon\n|-supereffective|p1a: Jolteon\n|-damage|p1a: Jolteon|40/100\n|\n|upkeep\n|turn|20\n|\n|t:|1782418323\n|switch|p1a: Snorlax|Snorlax|100/100\n|cant|p2a: Tauros|par\n|\n|upkeep\n|turn|21\n|\n|t:|1782418328\n|move|p1a: Snorlax|Body Slam|p2a: Tauros\n|-damage|p2a: Tauros|67/100 par\n|cant|p2a: Tauros|par\n|\n|upkeep\n|turn|22\n|\n|t:|1782418330\n|switch|p2a: Porygon|Porygon|100/100\n|move|p1a: Snorlax|Body Slam|p2a: Porygon\n|-damage|p2a: Porygon|61/100\n|\n|upkeep\n|turn|23\n|\n|t:|1782418333\n|move|p2a: Porygon|Recover|p2a: Porygon\n|-heal|p2a: Porygon|100/100\n|move|p1a: Snorlax|Body Slam|p2a: Porygon\n|-damage|p2a: Porygon|61/100\n|\n|upkeep\n|turn|24\n|\n|t:|1782418335\n|switch|p1a: Jolteon|Jolteon|40/100\n|move|p2a: Porygon|Recover|p2a: Porygon\n|-heal|p2a: Porygon|100/100\n|\n|upkeep\n|turn|25\n|\n|t:|1782418339\n|switch|p2a: Tauros|Tauros|67/100 par\n|move|p1a: Jolteon|Thunderbolt|p2a: Tauros\n|-damage|p2a: Tauros|22/100 par\n|\n|upkeep\n|turn|26\n|\n|t:|1782418341\n|move|p1a: Jolteon|Thunderbolt|p2a: Tauros\n|-damage|p2a: Tauros|0 fnt\n|faint|p2a: Tauros\n|\n|t:|1782418344\n|switch|p2a: Chansey|Chansey|100/100 slp\n|turn|27\n|\n|t:|1782418347\n|move|p1a: Jolteon|Double Kick|p2a: Chansey\n|-supereffective|p2a: Chansey\n|-damage|p2a: Chansey|86/100 slp\n|-damage|p2a: Chansey|71/100 slp\n|-hitcount|p2a: Chansey|2\n|-curestatus|p2a: Chansey|slp|[msg]\n|\n|upkeep\n|turn|28\n|\n|t:|1782418352\n|switch|p1a: Chansey|Chansey|81/100\n|move|p2a: Chansey|Ice Beam|p1a: Chansey\n|-damage|p1a: Chansey|70/100\n|\n|upkeep\n|turn|29\n|\n|t:|1782418354\n|move|p1a: Chansey|Sing|p2a: Chansey|[miss]\n|-miss|p1a: Chansey\n|move|p2a: Chansey|Ice Beam|p1a: Chansey\n|-crit|p1a: Chansey\n|-damage|p1a: Chansey|49/100\n|\n|upkeep\n|turn|30\n|\n|t:|1782418356\n|move|p2a: Chansey|Ice Beam|p1a: Chansey\n|-damage|p1a: Chansey|39/100\n|-status|p1a: Chansey|frz\n|cant|p1a: Chansey|frz\n|\n|upkeep\n|turn|31\n|\n|t:|1782418363\n|switch|p1a: Snorlax|Snorlax|100/100\n|move|p2a: Chansey|Soft-Boiled|p2a: Chansey\n|-heal|p2a: Chansey|100/100\n|\n|upkeep\n|turn|32\n|\n|t:|1782418367\n|move|p2a: Chansey|Thunder Wave|p1a: Snorlax\n|-status|p1a: Snorlax|par\n|move|p1a: Snorlax|Self-Destruct|p2a: Chansey\n|-damage|p2a: Chansey|0 fnt\n|faint|p2a: Chansey\n|faint|p1a: Snorlax\n|\n|t:|1782418373\n|switch|p2a: Porygon|Porygon|100/100\n|switch|p1a: Exeggutor|Exeggutor|100/100\n|turn|33\n|\n|t:|1782418376\n|move|p1a: Exeggutor|Sleep Powder|p2a: Porygon\n|-status|p2a: Porygon|slp|[from] move: Sleep Powder\n|cant|p2a: Porygon|slp\n|\n|upkeep\n|turn|34\n|\n|t:|1782418378\n|move|p1a: Exeggutor|Psychic|p2a: Porygon\n|-crit|p2a: Porygon\n|-damage|p2a: Porygon|12/100 slp\n|cant|p2a: Porygon|slp\n|\n|upkeep\n|turn|35\n|\n|t:|1782418380\n|move|p1a: Exeggutor|Psychic|p2a: Porygon\n|-damage|p2a: Porygon|0 fnt\n|faint|p2a: Porygon\n|\n|win|Soda Krys\n|c|☆TG2513|GG\n|c|☆Soda Krys|6-7\n|c|☆Soda Krys|YOOOOOOOOOOOOOOO\n|c|☆TG2513|yoooooooo\n","uploadtime":1782418380,"views":"58","formatid":"gen1ou","rating":null,"private":0,"password":null}