{"id":"smogtours-gen1ou-956823","format":"[Gen 1] OU","players":["Amaranth","oakdeon"],"log":"|inactive|Battle timer is ON: inactive players will automatically lose when time's up.\n|t:|1784371125\n|gametype|singles\n|player|p1|Amaranth|#amaranth|\n|player|p2|oakdeon|#adpl|\n|gen|1\n|tier|[Gen 1] OU\n|rule|Desync Clause Mod: Desyncs resolve to link battle behavior from the acting player's perspective.\n|rule|HP Percentage Mod: HP is shown in percentages\n|rule|Endless Battle Clause: Forcing endless battles is banned\n|rule|Sleep Clause Mod: Limit one foe put to sleep\n|rule|Freeze Clause Mod: Limit one foe frozen\n|rule|Species Clause: Limit one of each Pokémon\n|rule|OHKO Clause: OHKO moves are banned\n|rule|Evasion Moves Clause: Evasion moves are banned\n|\n|t:|1784371125\n|teamsize|p1|6\n|teamsize|p2|6\n|start\n|switch|p1a: Starmie|Starmie|100/100\n|switch|p2a: Starmie|Starmie|100/100\n|turn|1\n|c|☆oakdeon|hf\n|c|☆Amaranth|glhf\n|inactive|oakdeon has 270 seconds left.\n|inactive|oakdeon has 240 seconds left.\n|\n|t:|1784371202\n|switch|p2a: Chansey|Chansey|100/100\n|move|p1a: Starmie|Blizzard|p2a: Chansey\n|-damage|p2a: Chansey|87/100\n|\n|upkeep\n|turn|2\n|\n|t:|1784371205\n|move|p1a: Starmie|Blizzard|p2a: Chansey\n|-damage|p2a: Chansey|75/100\n|-status|p2a: Chansey|frz\n|cant|p2a: Chansey|frz\n|\n|upkeep\n|turn|3\n|\n|t:|1784371216\n|move|p1a: Starmie|Thunderbolt|p2a: Chansey\n|-crit|p2a: Chansey\n|-damage|p2a: Chansey|53/100 frz\n|cant|p2a: Chansey|frz\n|\n|upkeep\n|turn|4\n|\n|t:|1784371229\n|switch|p2a: Exeggutor|Exeggutor|100/100\n|move|p1a: Starmie|Blizzard|p2a: Exeggutor\n|-supereffective|p2a: Exeggutor\n|-damage|p2a: Exeggutor|60/100\n|\n|upkeep\n|turn|5\n|inactive|oakdeon disconnected and has 300 seconds to reconnect!\n|player|p2|\n|inactive|Amaranth has 270 seconds left.\n|inactive|oakdeon has 270 seconds to reconnect!\n|inactive|oakdeon reconnected and has 280 seconds left.\n|player|p2|oakdeon|#adpl|\n|\n|t:|1784371297\n|move|p1a: Starmie|Thunder Wave|p2a: Exeggutor\n|-status|p2a: Exeggutor|par\n|move|p2a: Exeggutor|Sleep Powder|p1a: Starmie\n|-status|p1a: Starmie|slp|[from] move: Sleep Powder\n|\n|upkeep\n|turn|6\n|inactive|Amaranth has 270 seconds left.\n|inactive|oakdeon has 270 seconds left.\n|\n|t:|1784371321\n|switch|p1a: Snorlax|Snorlax|100/100\n|switch|p2a: Snorlax|Snorlax|100/100\n|\n|upkeep\n|turn|7\n|\n|t:|1784371331\n|move|p1a: Snorlax|Reflect|p1a: Snorlax\n|-start|p1a: Snorlax|Reflect\n|move|p2a: Snorlax|Reflect|p2a: Snorlax\n|-start|p2a: Snorlax|Reflect\n|\n|upkeep\n|turn|8\n|\n|t:|1784371333\n|move|p1a: Snorlax|Body Slam|p2a: Snorlax\n|-damage|p2a: Snorlax|88/100\n|move|p2a: Snorlax|Body Slam|p1a: Snorlax\n|-crit|p1a: Snorlax\n|-damage|p1a: Snorlax|47/100\n|\n|upkeep\n|turn|9\n|\n|t:|1784371340\n|switch|p2a: Zapdos|Zapdos|100/100\n|move|p1a: Snorlax|Body Slam|p2a: Zapdos\n|-damage|p2a: Zapdos|71/100\n|\n|upkeep\n|turn|10\n|\n|t:|1784371343\n|switch|p1a: Rhydon|Rhydon|100/100\n|move|p2a: Zapdos|Thunderbolt|p1a: Rhydon\n|-immune|p1a: Rhydon\n|\n|upkeep\n|turn|11\n|\n|t:|1784371357\n|switch|p2a: Starmie|Starmie|100/100\n|move|p1a: Rhydon|Body Slam|p2a: Starmie\n|-damage|p2a: Starmie|74/100\n|\n|upkeep\n|turn|12\n|\n|t:|1784371370\n|switch|p1a: Starmie|Starmie|100/100 slp\n|move|p2a: Starmie|Blizzard|p1a: Starmie\n|-crit|p1a: Starmie\n|-resisted|p1a: Starmie\n|-damage|p1a: Starmie|72/100 slp\n|\n|upkeep\n|turn|13\n|\n|t:|1784371383\n|switch|p1a: Chansey|Chansey|100/100\n|move|p2a: Starmie|Thunderbolt|p1a: Chansey\n|-damage|p1a: Chansey|90/100\n|\n|upkeep\n|turn|14\n|\n|t:|1784371398\n|move|p2a: Starmie|Thunder Wave|p1a: Chansey\n|-status|p1a: Chansey|par\n|move|p1a: Chansey|Sing|p2a: Starmie\n|-status|p2a: Starmie|slp|[from] move: Sing\n|\n|upkeep\n|turn|15\n|\n|t:|1784371420\n|cant|p2a: Starmie|slp\n|move|p1a: Chansey|Thunder Wave|p2a: Starmie\n|-fail|p2a: Starmie\n|\n|upkeep\n|turn|16\n|\n|t:|1784371441\n|switch|p2a: Exeggutor|Exeggutor|60/100 par\n|switch|p1a: Tauros|Tauros|100/100\n|\n|upkeep\n|turn|17\n|\n|t:|1784371454\n|switch|p1a: Chansey|Chansey|90/100 par\n|cant|p2a: Exeggutor|par\n|\n|upkeep\n|turn|18\n|\n|t:|1784371462\n|move|p2a: Exeggutor|Psychic|p1a: Chansey\n|-damage|p1a: Chansey|72/100 par\n|move|p1a: Chansey|Ice Beam|p2a: Exeggutor\n|-supereffective|p2a: Exeggutor\n|-damage|p2a: Exeggutor|24/100 par\n|\n|upkeep\n|turn|19\n|\n|t:|1784371483\n|switch|p1a: Snorlax|Snorlax|47/100\n|move|p2a: Exeggutor|Rest|p2a: Exeggutor\n|-status|p2a: Exeggutor|slp|[from] move: Rest\n|-heal|p2a: Exeggutor|100/100 slp|[silent]\n|\n|upkeep\n|turn|20\n|\n|t:|1784371488\n|switch|p2a: Chansey|Chansey|53/100 frz\n|move|p1a: Snorlax|Body Slam|p2a: Chansey\n|-damage|p2a: Chansey|9/100 frz\n|\n|upkeep\n|turn|21\n|\n|t:|1784371492\n|cant|p2a: Chansey|frz\n|move|p1a: Snorlax|Reflect|p1a: Snorlax\n|-start|p1a: Snorlax|Reflect\n|\n|upkeep\n|turn|22\n|\n|t:|1784371499\n|cant|p2a: Chansey|frz\n|move|p1a: Snorlax|Body Slam|p2a: Chansey\n|-damage|p2a: Chansey|0 fnt\n|faint|p2a: Chansey\n|\n|t:|1784371515\n|switch|p2a: Zapdos|Zapdos|71/100\n|turn|23\n|\n|t:|1784371539\n|switch|p2a: Snorlax|Snorlax|88/100\n|move|p1a: Snorlax|Body Slam|p2a: Snorlax\n|-damage|p2a: Snorlax|62/100\n|\n|upkeep\n|turn|24\n|\n|t:|1784371543\n|move|p2a: Snorlax|Reflect|p2a: Snorlax\n|-start|p2a: Snorlax|Reflect\n|move|p1a: Snorlax|Body Slam|p2a: Snorlax\n|-damage|p2a: Snorlax|49/100\n|\n|upkeep\n|turn|25\n|\n|t:|1784371552\n|move|p2a: Snorlax|Body Slam|p1a: Snorlax\n|-damage|p1a: Snorlax|34/100\n|move|p1a: Snorlax|Rest|p1a: Snorlax\n|-status|p1a: Snorlax|slp|[from] move: Rest\n|-heal|p1a: Snorlax|100/100 slp|[silent]\n|\n|upkeep\n|turn|26\n|\n|t:|1784371554\n|cant|p1a: Snorlax|slp\n|move|p2a: Snorlax|Rest|p2a: Snorlax\n|-status|p2a: Snorlax|slp|[from] move: Rest\n|-heal|p2a: Snorlax|100/100 slp|[silent]\n|\n|upkeep\n|turn|27\n|\n|t:|1784371556\n|-curestatus|p1a: Snorlax|slp|[msg]\n|cant|p2a: Snorlax|slp\n|\n|upkeep\n|turn|28\n|\n|t:|1784371558\n|-curestatus|p2a: Snorlax|slp|[msg]\n|move|p1a: Snorlax|Body Slam|p2a: Snorlax\n|-damage|p2a: Snorlax|87/100\n|\n|upkeep\n|turn|29\n|\n|t:|1784371569\n|move|p1a: Snorlax|Body Slam|p2a: Snorlax\n|-damage|p2a: Snorlax|74/100\n|move|p2a: Snorlax|Earthquake|p1a: Snorlax\n|-damage|p1a: Snorlax|90/100\n|\n|upkeep\n|turn|30\n|\n|t:|1784371572\n|move|p1a: Snorlax|Ice Beam|p2a: Snorlax\n|-damage|p2a: Snorlax|60/100\n|move|p2a: Snorlax|Earthquake|p1a: Snorlax\n|-damage|p1a: Snorlax|81/100\n|\n|upkeep\n|turn|31\n|\n|t:|1784371579\n|move|p2a: Snorlax|Body Slam|p1a: Snorlax\n|-damage|p1a: Snorlax|68/100\n|move|p1a: Snorlax|Rest|p1a: Snorlax\n|-status|p1a: Snorlax|slp|[from] move: Rest\n|-heal|p1a: Snorlax|100/100 slp|[silent]\n|\n|upkeep\n|turn|32\n|\n|t:|1784371586\n|move|p2a: Snorlax|Rest|p2a: Snorlax\n|-status|p2a: Snorlax|slp|[from] move: Rest\n|-heal|p2a: Snorlax|100/100 slp|[silent]\n|cant|p1a: Snorlax|slp\n|\n|upkeep\n|turn|33\n|\n|t:|1784371588\n|-curestatus|p1a: Snorlax|slp|[msg]\n|cant|p2a: Snorlax|slp\n|\n|upkeep\n|turn|34\n|\n|t:|1784371591\n|-curestatus|p2a: Snorlax|slp|[msg]\n|move|p1a: Snorlax|Reflect|p1a: Snorlax\n|-fail|p1a: Snorlax\n|\n|upkeep\n|turn|35\n|\n|t:|1784371595\n|move|p1a: Snorlax|Ice Beam|p2a: Snorlax\n|-damage|p2a: Snorlax|87/100\n|move|p2a: Snorlax|Body Slam|p1a: Snorlax\n|-crit|p1a: Snorlax\n|-damage|p1a: Snorlax|47/100\n|\n|upkeep\n|turn|36\n|\n|t:|1784371599\n|switch|p2a: Exeggutor|Exeggutor|100/100 slp\n|move|p1a: Snorlax|Body Slam|p2a: Exeggutor\n|-damage|p2a: Exeggutor|69/100 slp\n|\n|upkeep\n|turn|37\n|\n|t:|1784371601\n|cant|p2a: Exeggutor|slp\n|move|p1a: Snorlax|Body Slam|p2a: Exeggutor\n|-damage|p2a: Exeggutor|37/100 slp\n|\n|upkeep\n|turn|38\n|\n|t:|1784371605\n|-curestatus|p2a: Exeggutor|slp|[msg]\n|move|p1a: Snorlax|Body Slam|p2a: Exeggutor\n|-damage|p2a: Exeggutor|7/100\n|\n|upkeep\n|turn|39\n|\n|t:|1784371611\n|move|p2a: Exeggutor|Psychic|p1a: Snorlax\n|-damage|p1a: Snorlax|17/100\n|move|p1a: Snorlax|Body Slam|p2a: Exeggutor\n|-damage|p2a: Exeggutor|0 fnt\n|faint|p2a: Exeggutor\n|\n|t:|1784371615\n|switch|p2a: Tauros|Tauros|100/100\n|turn|40\n|\n|t:|1784371637\n|switch|p1a: Starmie|Starmie|72/100 slp\n|move|p2a: Tauros|Blizzard|p1a: Starmie\n|-resisted|p1a: Starmie\n|-damage|p1a: Starmie|60/100 slp\n|\n|upkeep\n|turn|41\n|\n|t:|1784371639\n|cant|p1a: Starmie|slp\n|move|p2a: Tauros|Body Slam|p1a: Starmie\n|-damage|p1a: Starmie|25/100 slp\n|\n|upkeep\n|turn|42\n|\n|t:|1784371640\n|cant|p1a: Starmie|slp\n|move|p2a: Tauros|Body Slam|p1a: Starmie\n|-damage|p1a: Starmie|0 fnt\n|faint|p1a: Starmie\n|\n|t:|1784371657\n|switch|p1a: Exeggutor|Exeggutor|100/100\n|turn|43\n|\n|t:|1784371669\n|switch|p2a: Zapdos|Zapdos|71/100\n|move|p1a: Exeggutor|Stun Spore|p2a: Zapdos\n|-status|p2a: Zapdos|par\n|\n|upkeep\n|turn|44\n|\n|t:|1784371686\n|switch|p1a: Chansey|Chansey|72/100 par\n|move|p2a: Zapdos|Drill Peck|p1a: Chansey\n|-damage|p1a: Chansey|39/100 par\n|\n|upkeep\n|turn|45\n|\n|t:|1784371708\n|switch|p1a: Rhydon|Rhydon|100/100\n|move|p2a: Zapdos|Drill Peck|p1a: Rhydon\n|-resisted|p1a: Rhydon\n|-damage|p1a: Rhydon|91/100\n|\n|upkeep\n|turn|46\n|\n|t:|1784371720\n|move|p1a: Rhydon|Earthquake|p2a: Zapdos\n|-immune|p2a: Zapdos\n|cant|p2a: Zapdos|par\n|\n|upkeep\n|turn|47\n|\n|t:|1784371728\n|move|p1a: Rhydon|Substitute|p1a: Rhydon\n|-start|p1a: Rhydon|Substitute\n|-damage|p1a: Rhydon|66/100\n|move|p2a: Zapdos|Drill Peck|p1a: Rhydon\n|-resisted|p1a: Rhydon\n|-activate|p1a: Rhydon|Substitute|[damage]\n|\n|upkeep\n|turn|48\n|\n|t:|1784371732\n|switch|p2a: Snorlax|Snorlax|87/100\n|move|p1a: Rhydon|Body Slam|p2a: Snorlax\n|-damage|p2a: Snorlax|67/100\n|\n|upkeep\n|turn|49\n|\n|t:|1784371735\n|move|p1a: Rhydon|Earthquake|p2a: Snorlax\n|-damage|p2a: Snorlax|29/100\n|move|p2a: Snorlax|Reflect|p2a: Snorlax\n|-start|p2a: Snorlax|Reflect\n|\n|upkeep\n|turn|50\n|\n|t:|1784371751\n|switch|p1a: Exeggutor|Exeggutor|100/100\n|move|p2a: Snorlax|Rest|p2a: Snorlax\n|-status|p2a: Snorlax|slp|[from] move: Rest\n|-heal|p2a: Snorlax|100/100 slp|[silent]\n|\n|upkeep\n|turn|51\n|\n|t:|1784371755\n|switch|p2a: Zapdos|Zapdos|71/100 par\n|move|p1a: Exeggutor|Psychic|p2a: Zapdos\n|-damage|p2a: Zapdos|45/100 par\n|\n|upkeep\n|turn|52\n|\n|t:|1784371776\n|switch|p1a: Rhydon|Rhydon|66/100\n|switch|p2a: Tauros|Tauros|100/100\n|\n|upkeep\n|turn|53\n|\n|t:|1784371789\n|switch|p1a: Snorlax|Snorlax|17/100\n|move|p2a: Tauros|Blizzard|p1a: Snorlax\n|-damage|p1a: Snorlax|0 fnt\n|faint|p1a: Snorlax\n|inactive|Amaranth has 270 seconds left.\n|\n|t:|1784371816\n|switch|p1a: Exeggutor|Exeggutor|100/100\n|turn|54\n|inactive|oakdeon has 270 seconds left.\n|inactive|oakdeon has 240 seconds left.\n|\n|t:|1784371876\n|switch|p2a: Zapdos|Zapdos|45/100 par\n|move|p1a: Exeggutor|Psychic|p2a: Zapdos\n|-damage|p2a: Zapdos|18/100 par\n|-unboost|p2a: Zapdos|spa|1\n|-unboost|p2a: Zapdos|spd|1\n|\n|upkeep\n|turn|55\n|\n|t:|1784371880\n|switch|p1a: Rhydon|Rhydon|66/100\n|move|p2a: Zapdos|Drill Peck|p1a: Rhydon\n|-resisted|p1a: Rhydon\n|-damage|p1a: Rhydon|57/100\n|\n|upkeep\n|turn|56\n|inactive|oakdeon has 240 seconds left.\n|\n|t:|1784371900\n|switch|p2a: Tauros|Tauros|100/100\n|move|p1a: Rhydon|Substitute|p1a: Rhydon\n|-start|p1a: Rhydon|Substitute\n|-damage|p1a: Rhydon|32/100\n|\n|upkeep\n|turn|57\n|\n|t:|1784371904\n|move|p2a: Tauros|Blizzard|p1a: Rhydon\n|-supereffective|p1a: Rhydon\n|-end|p1a: Rhydon|Substitute\n|move|p1a: Rhydon|Earthquake|p2a: Tauros\n|-damage|p2a: Tauros|61/100\n|\n|upkeep\n|turn|58\n|inactive|oakdeon has 240 seconds left.\n|\n|t:|1784371924\n|switch|p1a: Chansey|Chansey|39/100 par\n|move|p2a: Tauros|Blizzard|p1a: Chansey\n|-damage|p1a: Chansey|28/100 par\n|\n|upkeep\n|turn|59\n|inactive|oakdeon has 240 seconds left.\n|inactive|oakdeon has 210 seconds left.\n|\n|t:|1784371975\n|switch|p2a: Snorlax|Snorlax|100/100 slp\n|move|p1a: Chansey|Ice Beam|p2a: Snorlax\n|-crit|p2a: Snorlax\n|-damage|p2a: Snorlax|63/100 slp\n|\n|upkeep\n|turn|60\n|\n|t:|1784371983\n|switch|p1a: Exeggutor|Exeggutor|100/100\n|cant|p2a: Snorlax|slp\n|\n|upkeep\n|turn|61\n|\n|t:|1784371989\n|switch|p2a: Zapdos|Zapdos|18/100 par\n|move|p1a: Exeggutor|Psychic|p2a: Zapdos\n|-damage|p2a: Zapdos|0 fnt\n|faint|p2a: Zapdos\n|\n|t:|1784371991\n|switch|p2a: Starmie|Starmie|74/100 slp\n|turn|62\n|\n|t:|1784372003\n|cant|p2a: Starmie|slp\n|move|p1a: Exeggutor|Mega Drain|p2a: Starmie\n|-supereffective|p2a: Starmie\n|-damage|p2a: Starmie|40/100 slp\n|\n|upkeep\n|turn|63\n|\n|t:|1784372007\n|-curestatus|p2a: Starmie|slp|[msg]\n|move|p1a: Exeggutor|Mega Drain|p2a: Starmie\n|-supereffective|p2a: Starmie\n|-damage|p2a: Starmie|5/100\n|\n|upkeep\n|turn|64\n|\n|t:|1784372014\n|switch|p1a: Chansey|Chansey|28/100 par\n|move|p2a: Starmie|Blizzard|p1a: Chansey\n|-damage|p1a: Chansey|17/100 par\n|\n|upkeep\n|turn|65\n|inactive|oakdeon has 240 seconds left.\n|\n|t:|1784372050\n|move|p2a: Starmie|Thunderbolt|p1a: Chansey\n|-crit|p1a: Chansey\n|-damage|p1a: Chansey|0 fnt\n|faint|p1a: Chansey\n|inactive|Amaranth has 270 seconds left.\n|\n|t:|1784372093\n|switch|p1a: Tauros|Tauros|100/100\n|turn|66\n|\n|t:|1784372107\n|move|p2a: Starmie|Thunder Wave|p1a: Tauros\n|-status|p1a: Tauros|par\n|cant|p1a: Tauros|par\n|\n|upkeep\n|turn|67\n|inactive|Amaranth has 270 seconds left.\n|\n|t:|1784372117\n|move|p2a: Starmie|Recover|p2a: Starmie\n|-heal|p2a: Starmie|55/100\n|move|p1a: Tauros|Hyper Beam|p2a: Starmie\n|-damage|p2a: Starmie|0 fnt\n|faint|p2a: Starmie\n|c|☆oakdeon|well play\n|\n|t:|1784372128\n|switch|p2a: Snorlax|Snorlax|63/100 slp\n|turn|68\n|\n|t:|1784372132\n|switch|p1a: Rhydon|Rhydon|32/100\n|-curestatus|p2a: Snorlax|slp|[msg]\n|\n|upkeep\n|turn|69\n|\n|t:|1784372135\n|move|p1a: Rhydon|Earthquake|p2a: Snorlax\n|-damage|p2a: Snorlax|25/100\n|move|p2a: Snorlax|Earthquake|p1a: Rhydon\n|-supereffective|p1a: Rhydon\n|-damage|p1a: Rhydon|0 fnt\n|faint|p1a: Rhydon\n|\n|t:|1784372138\n|switch|p1a: Exeggutor|Exeggutor|100/100\n|turn|70\n|\n|t:|1784372144\n|move|p1a: Exeggutor|Psychic|p2a: Snorlax\n|-damage|p2a: Snorlax|0 fnt\n|faint|p2a: Snorlax\n|\n|t:|1784372145\n|switch|p2a: Tauros|Tauros|61/100\n|turn|71\n|\n|t:|1784372151\n|move|p2a: Tauros|Hyper Beam|p1a: Exeggutor\n|-crit|p1a: Exeggutor\n|-damage|p1a: Exeggutor|0 fnt\n|faint|p1a: Exeggutor\n|\n|t:|1784372153\n|switch|p1a: Tauros|Tauros|100/100 par\n|turn|72\n|c|☆oakdeon|oh\n|\n|t:|1784372160\n|move|p2a: Tauros|Body Slam|p1a: Tauros\n|-damage|p1a: Tauros|70/100 par\n|move|p1a: Tauros|Body Slam|p2a: Tauros\n|-damage|p2a: Tauros|33/100\n|\n|upkeep\n|turn|73\n|inactive|oakdeon has 270 seconds left.\n|c|☆oakdeon|hum\n|inactive|oakdeon has 240 seconds left.\n|inactive|oakdeon has 210 seconds left.\n|\n|t:|1784372243\n|move|p2a: Tauros|Body Slam|p1a: Tauros\n|-damage|p1a: Tauros|43/100 par\n|move|p1a: Tauros|Hyper Beam|p2a: Tauros\n|-damage|p2a: Tauros|0 fnt\n|faint|p2a: Tauros\n|\n|win|Amaranth\n|c|☆oakdeon|ggs\n|c|☆Amaranth|ggs\n","uploadtime":1784372243,"views":"153","formatid":"gen1ou","rating":null,"private":0,"password":null}