{"id":"smogtours-gen1ou-959356","format":"[Gen 1] OU","players":["LNumbers","squirtlonyourpuffs"],"log":"|inactive|Battle timer is ON: inactive players will automatically lose when time's up.\n|t:|1785093361\n|gametype|singles\n|player|p1|LNumbers|#rbywc2026|\n|player|p2|squirtlonyourpuffs|youngster-gen4dp|\n|gen|1\n|tier|[Gen 1] OU\n|rule|Desync Clause Mod: Desyncs resolve to link battle behavior from the acting player's perspective.\n|rule|HP Percentage Mod: HP is shown in percentages\n|rule|Endless Battle Clause: Forcing endless battles is banned\n|rule|Sleep Clause Mod: Limit one foe put to sleep\n|rule|Freeze Clause Mod: Limit one foe frozen\n|rule|Species Clause: Limit one of each Pokémon\n|rule|OHKO Clause: OHKO moves are banned\n|rule|Evasion Moves Clause: Evasion moves are banned\n|\n|t:|1785093361\n|teamsize|p1|6\n|teamsize|p2|6\n|start\n|switch|p1a: Tauros|Tauros|100/100\n|switch|p2a: Gengar|Gengar|100/100\n|turn|1\n|c|☆LNumbers|hf\n|inactive|LNumbers has 270 seconds left.\n|\n|t:|1785093392\n|switch|p2a: Cloyster|Cloyster|100/100\n|move|p1a: Tauros|Earthquake|p2a: Cloyster\n|-damage|p2a: Cloyster|83/100\n|\n|upkeep\n|turn|2\n|inactive|LNumbers has 270 seconds left.\n|inactive|squirtlonyourpuffs disconnected and has 300 seconds to reconnect!\n|player|p2|\n|\n|t:|1785093450\n|switch|p1a: Lapras|Lapras|100/100\n|move|p2a: Cloyster|Blizzard|p1a: Lapras\n|-resisted|p1a: Lapras\n|-damage|p1a: Lapras|93/100\n|\n|upkeep\n|turn|3\n|inactive|squirtlonyourpuffs reconnected and has 300 seconds left.\n|player|p2|squirtlonyourpuffs|youngster-gen4dp|\n|inactive|LNumbers has 240 seconds left.\n|\n|t:|1785093474\n|move|p2a: Cloyster|Clamp|p1a: Lapras\n|-resisted|p1a: Lapras\n|-damage|p1a: Lapras|89/100\n|cant|p1a: Lapras|partiallytrapped\n|\n|upkeep\n|turn|4\n|inactive|LNumbers has 240 seconds left.\n|inactive|LNumbers has 210 seconds left.\n|inactive|LNumbers has 180 seconds left.\n|inactive|squirtlonyourpuffs has 270 seconds left.\n|inactive|LNumbers has 150 seconds left.\n|\n|t:|1785093576\n|switch|p1a: Starmie|Starmie|100/100\n|move|p2a: Cloyster|Clamp|p1a: Starmie\n|-resisted|p1a: Starmie\n|-damage|p1a: Starmie|94/100\n|\n|upkeep\n|turn|5\n|inactive|LNumbers has 150 seconds left.\n|\n|t:|1785093585\n|switch|p1a: Lapras|Lapras|89/100\n|switch|p2a: Gengar|Gengar|100/100\n|\n|upkeep\n|turn|6\n|inactive|LNumbers has 150 seconds left.\n|inactive|LNumbers has 120 seconds left.\n|\n|t:|1785093645\n|switch|p1a: Starmie|Starmie|94/100\n|move|p2a: Gengar|Hypnosis|p1a: Starmie\n|-status|p1a: Starmie|slp|[from] move: Hypnosis\n|\n|upkeep\n|turn|7\n|\n|t:|1785093653\n|switch|p1a: Exeggutor|Exeggutor|100/100\n|move|p2a: Gengar|Night Shade|p1a: Exeggutor\n|-damage|p1a: Exeggutor|75/100\n|\n|upkeep\n|turn|8\n|inactive|squirtlonyourpuffs has 270 seconds left.\n|inactive|LNumbers has 90 seconds left.\n|\n|t:|1785093693\n|move|p2a: Gengar|Night Shade|p1a: Exeggutor\n|-damage|p1a: Exeggutor|50/100\n|move|p1a: Exeggutor|Sleep Powder|p2a: Gengar\n|-status|p2a: Gengar|slp|[from] move: Sleep Powder\n|\n|upkeep\n|turn|9\n|\n|t:|1785093704\n|switch|p2a: Chansey|Chansey|100/100\n|move|p1a: Exeggutor|Stun Spore|p2a: Chansey|[miss]\n|-miss|p1a: Exeggutor\n|\n|upkeep\n|turn|10\n|\n|t:|1785093710\n|switch|p1a: Chansey|Chansey|100/100\n|move|p2a: Chansey|Thunder Wave|p1a: Chansey\n|-status|p1a: Chansey|par\n|\n|upkeep\n|turn|11\n|\n|t:|1785093724\n|move|p2a: Chansey|Ice Beam|p1a: Chansey\n|-damage|p1a: Chansey|89/100 par\n|move|p1a: Chansey|Thunder Wave|p2a: Chansey\n|-status|p2a: Chansey|par\n|\n|upkeep\n|turn|12\n|\n|t:|1785093736\n|move|p1a: Chansey|Reflect|p1a: Chansey\n|-start|p1a: Chansey|Reflect\n|move|p2a: Chansey|Thunder Wave|p1a: Chansey\n|-fail|p1a: Chansey|par\n|\n|upkeep\n|turn|13\n|inactive|squirtlonyourpuffs has 270 seconds left.\n|\n|t:|1785093742\n|move|p1a: Chansey|Seismic Toss|p2a: Chansey\n|-damage|p2a: Chansey|86/100 par\n|cant|p2a: Chansey|par\n|\n|upkeep\n|turn|14\n|\n|t:|1785093747\n|move|p2a: Chansey|Ice Beam|p1a: Chansey\n|-damage|p1a: Chansey|79/100 par\n|move|p1a: Chansey|Seismic Toss|p2a: Chansey\n|-damage|p2a: Chansey|72/100 par\n|\n|upkeep\n|turn|15\n|\n|t:|1785093751\n|move|p1a: Chansey|Seismic Toss|p2a: Chansey\n|-damage|p2a: Chansey|58/100 par\n|move|p2a: Chansey|Soft-Boiled|p2a: Chansey\n|-heal|p2a: Chansey|100/100 par\n|\n|upkeep\n|turn|16\n|inactive|squirtlonyourpuffs has 270 seconds left.\n|\n|t:|1785093805\n|cant|p2a: Chansey|par\n|cant|p1a: Chansey|par\n|\n|upkeep\n|turn|17\n|\n|t:|1785093814\n|move|p2a: Chansey|Ice Beam|p1a: Chansey\n|-damage|p1a: Chansey|68/100 par\n|move|p1a: Chansey|Soft-Boiled|p1a: Chansey\n|-heal|p1a: Chansey|100/100 par\n|\n|upkeep\n|turn|18\n|\n|t:|1785093817\n|move|p1a: Chansey|Seismic Toss|p2a: Chansey\n|-damage|p2a: Chansey|86/100 par\n|move|p2a: Chansey|Thunder Wave|p1a: Chansey\n|-fail|p1a: Chansey|par\n|\n|upkeep\n|turn|19\n|\n|t:|1785093820\n|move|p2a: Chansey|Ice Beam|p1a: Chansey\n|-damage|p1a: Chansey|90/100 par\n|move|p1a: Chansey|Seismic Toss|p2a: Chansey\n|-damage|p2a: Chansey|72/100 par\n|\n|upkeep\n|turn|20\n|\n|t:|1785093838\n|switch|p1a: Snorlax|Snorlax|100/100\n|cant|p2a: Chansey|par\n|\n|upkeep\n|turn|21\n|\n|t:|1785093851\n|switch|p2a: Cloyster|Cloyster|83/100\n|move|p1a: Snorlax|Body Slam|p2a: Cloyster\n|-damage|p2a: Cloyster|60/100\n|\n|upkeep\n|turn|22\n|\n|t:|1785093861\n|switch|p1a: Lapras|Lapras|89/100\n|move|p2a: Cloyster|Clamp|p1a: Lapras\n|-resisted|p1a: Lapras\n|-damage|p1a: Lapras|85/100\n|\n|upkeep\n|turn|23\n|\n|t:|1785093882\n|switch|p2a: Chansey|Chansey|72/100 par\n|\n|upkeep\n|turn|24\n|inactive|LNumbers has 150 seconds left.\n|\n|t:|1785093898\n|switch|p1a: Snorlax|Snorlax|100/100\n|cant|p2a: Chansey|par\n|\n|upkeep\n|turn|25\n|\n|t:|1785093901\n|move|p1a: Snorlax|Body Slam|p2a: Chansey\n|-damage|p2a: Chansey|30/100 par\n|move|p2a: Chansey|Thunder Wave|p1a: Snorlax\n|-status|p1a: Snorlax|par\n|\n|upkeep\n|turn|26\n|\n|t:|1785093905\n|cant|p2a: Chansey|par\n|cant|p1a: Snorlax|par\n|\n|upkeep\n|turn|27\n|\n|t:|1785093911\n|switch|p2a: Rhydon|Rhydon|100/100\n|move|p1a: Snorlax|Body Slam|p2a: Rhydon\n|-resisted|p2a: Rhydon\n|-damage|p2a: Rhydon|89/100\n|-status|p2a: Rhydon|par\n|\n|upkeep\n|turn|28\n|inactive|LNumbers has 180 seconds left.\n|\n|t:|1785093940\n|switch|p1a: Exeggutor|Exeggutor|50/100\n|cant|p2a: Rhydon|par\n|\n|upkeep\n|turn|29\n|\n|t:|1785093956\n|switch|p2a: Alakazam|Alakazam|100/100\n|move|p1a: Exeggutor|Psychic|p2a: Alakazam\n|-crit|p2a: Alakazam\n|-resisted|p2a: Alakazam\n|-damage|p2a: Alakazam|69/100\n|\n|upkeep\n|turn|30\n|\n|t:|1785093973\n|switch|p2a: Gengar|Gengar|100/100 slp\n|switch|p1a: Chansey|Chansey|90/100 par\n|\n|upkeep\n|turn|31\n|inactive|LNumbers has 150 seconds left.\n|\n|t:|1785093999\n|switch|p2a: Rhydon|Rhydon|89/100 par\n|switch|p1a: Tauros|Tauros|100/100\n|\n|upkeep\n|turn|32\n|inactive|LNumbers has 150 seconds left.\n|\n|t:|1785094014\n|switch|p2a: Cloyster|Cloyster|60/100\n|move|p1a: Tauros|Earthquake|p2a: Cloyster\n|-damage|p2a: Cloyster|44/100\n|\n|upkeep\n|turn|33\n|inactive|LNumbers has 150 seconds left.\n|inactive|LNumbers has 120 seconds left.\n|\n|t:|1785094072\n|move|p1a: Tauros|Body Slam|p2a: Cloyster\n|-crit|p2a: Cloyster\n|-damage|p2a: Cloyster|0 fnt\n|faint|p2a: Cloyster\n|\n|t:|1785094084\n|switch|p2a: Tauros|Tauros|100/100\n|turn|34\n|\n|t:|1785094094\n|move|p2a: Tauros|Body Slam|p1a: Tauros\n|-damage|p1a: Tauros|74/100\n|move|p1a: Tauros|Body Slam|p2a: Tauros\n|-damage|p2a: Tauros|70/100\n|\n|upkeep\n|turn|35\n|\n|t:|1785094097\n|move|p2a: Tauros|Body Slam|p1a: Tauros\n|-crit|p1a: Tauros\n|-damage|p1a: Tauros|18/100\n|move|p1a: Tauros|Body Slam|p2a: Tauros\n|-crit|p2a: Tauros\n|-damage|p2a: Tauros|9/100\n|\n|upkeep\n|turn|36\n|inactive|LNumbers has 120 seconds left.\n|inactive|LNumbers has 90 seconds left.\n|inactive|LNumbers has 60 seconds left.\n|inactive|LNumbers has 30 seconds left.\n|\n|t:|1785094206\n|switch|p1a: Snorlax|Snorlax|100/100 par\n|move|p2a: Tauros|Body Slam|p1a: Snorlax\n|-damage|p1a: Snorlax|77/100 par\n|\n|upkeep\n|turn|37\n|inactive|LNumbers has 30 seconds left.\n|\n|t:|1785094221\n|switch|p2a: Rhydon|Rhydon|89/100 par\n|move|p1a: Snorlax|Earthquake|p2a: Rhydon\n|-supereffective|p2a: Rhydon\n|-damage|p2a: Rhydon|53/100 par\n|\n|upkeep\n|turn|38\n|inactive|LNumbers has 30 seconds left.\n|\n|t:|1785094232\n|switch|p1a: Exeggutor|Exeggutor|50/100\n|move|p2a: Rhydon|Earthquake|p1a: Exeggutor\n|-resisted|p1a: Exeggutor\n|-damage|p1a: Exeggutor|31/100\n|\n|upkeep\n|turn|39\n|inactive|LNumbers has 30 seconds left.\n|\n|t:|1785094254\n|switch|p2a: Alakazam|Alakazam|69/100\n|move|p1a: Exeggutor|Psychic|p2a: Alakazam\n|-resisted|p2a: Alakazam\n|-damage|p2a: Alakazam|52/100\n|\n|upkeep\n|turn|40\n|\n|t:|1785094263\n|move|p2a: Alakazam|Psychic|p1a: Exeggutor\n|-crit|p1a: Exeggutor\n|-resisted|p1a: Exeggutor\n|-damage|p1a: Exeggutor|2/100\n|move|p1a: Exeggutor|Stun Spore|p2a: Alakazam\n|-status|p2a: Alakazam|par\n|\n|upkeep\n|turn|41\n|inactive|LNumbers has 30 seconds left.\n|inactive|LNumbers has 20 seconds left.\n|\n|t:|1785094292\n|move|p1a: Exeggutor|Explosion|p2a: Alakazam\n|-crit|p2a: Alakazam\n|-damage|p2a: Alakazam|0 fnt\n|faint|p2a: Alakazam\n|faint|p1a: Exeggutor\n|inactive|LNumbers has 25 seconds left this turn.\n|inactive|LNumbers has 20 seconds left.\n|inactive|LNumbers has 15 seconds left.\n|\n|t:|1785094304\n|switch|p1a: Snorlax|Snorlax|77/100 par\n|switch|p2a: Tauros|Tauros|9/100\n|turn|42\n|inactive|LNumbers has 25 seconds left this turn.\n|\n|t:|1785094310\n|switch|p2a: Rhydon|Rhydon|53/100 par\n|move|p1a: Snorlax|Earthquake|p2a: Rhydon\n|-supereffective|p2a: Rhydon\n|-damage|p2a: Rhydon|16/100 par\n|\n|upkeep\n|turn|43\n|inactive|LNumbers has 30 seconds left.\n|\n|t:|1785094316\n|move|p2a: Rhydon|Earthquake|p1a: Snorlax\n|-crit|p1a: Snorlax\n|-damage|p1a: Snorlax|5/100 par\n|move|p1a: Snorlax|Earthquake|p2a: Rhydon\n|-supereffective|p2a: Rhydon\n|-damage|p2a: Rhydon|0 fnt\n|faint|p2a: Rhydon\n|\n|t:|1785094334\n|switch|p2a: Chansey|Chansey|30/100 par\n|turn|44\n|\n|t:|1785094338\n|move|p2a: Chansey|Soft-Boiled|p2a: Chansey\n|-heal|p2a: Chansey|80/100 par\n|cant|p1a: Snorlax|par\n|\n|upkeep\n|turn|45\n|\n|t:|1785094344\n|switch|p1a: Chansey|Chansey|90/100 par\n|move|p2a: Chansey|Ice Beam|p1a: Chansey\n|-damage|p1a: Chansey|79/100 par\n|\n|upkeep\n|turn|46\n|\n|t:|1785094353\n|move|p1a: Chansey|Seismic Toss|p2a: Chansey\n|-damage|p2a: Chansey|66/100 par\n|cant|p2a: Chansey|par\n|\n|upkeep\n|turn|47\n|inactive|LNumbers has 60 seconds left.\n|\n|t:|1785094360\n|move|p1a: Chansey|Reflect|p1a: Chansey\n|-start|p1a: Chansey|Reflect\n|cant|p2a: Chansey|par\n|\n|upkeep\n|turn|48\n|\n|t:|1785094365\n|move|p2a: Chansey|Soft-Boiled|p2a: Chansey\n|-heal|p2a: Chansey|100/100 par\n|move|p1a: Chansey|Thunder Wave|p2a: Chansey\n|-fail|p2a: Chansey|par\n|\n|upkeep\n|turn|49\n|\n|t:|1785094371\n|move|p1a: Chansey|Soft-Boiled|p1a: Chansey\n|-heal|p1a: Chansey|100/100 par\n|move|p2a: Chansey|Sing|p1a: Chansey|[miss]\n|-miss|p2a: Chansey\n|\n|upkeep\n|turn|50\n|\n|t:|1785094377\n|move|p2a: Chansey|Thunder Wave|p1a: Chansey\n|-fail|p1a: Chansey|par\n|cant|p1a: Chansey|par\n|\n|upkeep\n|turn|51\n|\n|t:|1785094381\n|move|p1a: Chansey|Thunder Wave|p2a: Chansey\n|-fail|p2a: Chansey|par\n|move|p2a: Chansey|Sing|p1a: Chansey\n|-fail|p1a: Chansey\n|\n|upkeep\n|turn|52\n|\n|t:|1785094384\n|switch|p2a: Tauros|Tauros|9/100\n|cant|p1a: Chansey|par\n|\n|upkeep\n|turn|53\n|\n|t:|1785094388\n|move|p2a: Tauros|Rest|p2a: Tauros\n|-status|p2a: Tauros|slp|[from] move: Rest\n|-heal|p2a: Tauros|100/100 slp|[silent]\n|move|p1a: Chansey|Seismic Toss|p2a: Tauros\n|-damage|p2a: Tauros|72/100 slp\n|\n|upkeep\n|turn|54\n|\n|t:|1785094392\n|switch|p1a: Lapras|Lapras|85/100\n|cant|p2a: Tauros|slp\n|\n|upkeep\n|turn|55\n|\n|t:|1785094404\n|switch|p2a: Chansey|Chansey|100/100 par\n|move|p1a: Lapras|Blizzard|p2a: Chansey\n|-damage|p2a: Chansey|81/100 par\n|\n|upkeep\n|turn|56\n|\n|t:|1785094417\n|switch|p1a: Chansey|Chansey|100/100 par\n|move|p2a: Chansey|Soft-Boiled|p2a: Chansey\n|-heal|p2a: Chansey|100/100 par\n|\n|upkeep\n|turn|57\n|\n|t:|1785094421\n|cant|p2a: Chansey|par\n|move|p1a: Chansey|Seismic Toss|p2a: Chansey\n|-damage|p2a: Chansey|86/100 par\n|\n|upkeep\n|turn|58\n|\n|t:|1785094423\n|switch|p2a: Tauros|Tauros|72/100 slp\n|move|p1a: Chansey|Seismic Toss|p2a: Tauros\n|-damage|p2a: Tauros|44/100 slp\n|\n|upkeep\n|turn|59\n|\n|t:|1785094429\n|-curestatus|p2a: Tauros|slp|[msg]\n|move|p1a: Chansey|Thunder Wave|p2a: Tauros\n|-status|p2a: Tauros|par\n|\n|upkeep\n|turn|60\n|inactive|LNumbers has 150 seconds left.\n|\n|t:|1785094457\n|cant|p2a: Tauros|par\n|move|p1a: Chansey|Seismic Toss|p2a: Tauros\n|-damage|p2a: Tauros|16/100 par\n|\n|upkeep\n|turn|61\n|\n|t:|1785094466\n|switch|p1a: Lapras|Lapras|85/100\n|move|p2a: Tauros|Rest|p2a: Tauros\n|-status|p2a: Tauros|slp|[from] move: Rest\n|-heal|p2a: Tauros|100/100 slp|[silent]\n|\n|upkeep\n|turn|62\n|\n|t:|1785094470\n|switch|p2a: Chansey|Chansey|86/100 par\n|move|p1a: Lapras|Blizzard|p2a: Chansey\n|-crit|p2a: Chansey\n|-damage|p2a: Chansey|50/100 par\n|\n|upkeep\n|turn|63\n|\n|t:|1785094483\n|switch|p1a: Tauros|Tauros|18/100\n|cant|p2a: Chansey|par\n|\n|upkeep\n|turn|64\n|inactive|LNumbers has 150 seconds left.\n|\n|t:|1785094499\n|switch|p2a: Gengar|Gengar|100/100 slp\n|move|p1a: Tauros|Hyper Beam|p2a: Gengar\n|-immune|p2a: Gengar\n|\n|upkeep\n|turn|65\n|\n|t:|1785094503\n|cant|p2a: Gengar|slp\n|move|p1a: Tauros|Earthquake|p2a: Gengar\n|-supereffective|p2a: Gengar\n|-damage|p2a: Gengar|29/100 slp\n|\n|upkeep\n|turn|66\n|\n|t:|1785094505\n|move|p1a: Tauros|Earthquake|p2a: Gengar\n|-supereffective|p2a: Gengar\n|-damage|p2a: Gengar|0 fnt\n|faint|p2a: Gengar\n|\n|t:|1785094507\n|switch|p2a: Tauros|Tauros|100/100 slp\n|turn|67\n|inactive|LNumbers has 180 seconds left.\n|\n|t:|1785094516\n|cant|p2a: Tauros|slp\n|move|p1a: Tauros|Body Slam|p2a: Tauros\n|-damage|p2a: Tauros|73/100 slp\n|\n|upkeep\n|turn|68\n|\n|t:|1785094517\n|move|p1a: Tauros|Body Slam|p2a: Tauros\n|-damage|p2a: Tauros|44/100 slp\n|-curestatus|p2a: Tauros|slp|[msg]\n|\n|upkeep\n|turn|69\n|\n|t:|1785094529\n|switch|p1a: Snorlax|Snorlax|5/100 par\n|move|p2a: Tauros|Body Slam|p1a: Snorlax\n|-damage|p1a: Snorlax|0 fnt\n|faint|p1a: Snorlax\n|\n|t:|1785094531\n|switch|p1a: Lapras|Lapras|85/100\n|turn|70\n|inactive|squirtlonyourpuffs has 270 seconds left.\n|\n|t:|1785094568\n|move|p2a: Tauros|Hyper Beam|p1a: Lapras\n|-damage|p1a: Lapras|40/100\n|-mustrecharge|p2a: Tauros\n|move|p1a: Lapras|Blizzard|p2a: Tauros\n|-damage|p2a: Tauros|0 fnt\n|faint|p2a: Tauros\n|-message|squirtlonyourpuffs forfeited.\n|\n|win|LNumbers\n|player|p2|\n|c|☆LNumbers|ggs\n|c|☆LNumbers|/log LNumbers made the replay of this battle unlisted.\n","uploadtime":1785094572,"views":"105","formatid":"gen1ou","rating":null,"private":2,"password":null}