{"id":"smogtours-gen1ou-957966","format":"[Gen 1] OU","players":["WallahiOrSomething","Deezcastforms"],"log":"|inactive|Battle timer is ON: inactive players will automatically lose when time's up.\n|t:|1784595420\n|gametype|singles\n|player|p1|WallahiOrSomething|#beeorsomething|\n|player|p2|Deezcastforms|#adpl8|\n|gen|1\n|tier|[Gen 1] OU\n|rule|Desync Clause Mod: Desyncs resolve to link battle behavior from the acting player's perspective.\n|rule|HP Percentage Mod: HP is shown in percentages\n|rule|Endless Battle Clause: Forcing endless battles is banned\n|rule|Sleep Clause Mod: Limit one foe put to sleep\n|rule|Freeze Clause Mod: Limit one foe frozen\n|rule|Species Clause: Limit one of each Pokémon\n|rule|OHKO Clause: OHKO moves are banned\n|rule|Evasion Moves Clause: Evasion moves are banned\n|\n|t:|1784595420\n|teamsize|p1|6\n|teamsize|p2|6\n|start\n|switch|p1a: Shazam|Alakazam|100/100\n|switch|p2a: Jynx|Jynx|100/100\n|turn|1\n|c|☆WallahiOrSomething|glhf\n|c|☆Deezcastforms|hf\n|\n|t:|1784595434\n|move|p1a: Shazam|Thunder Wave|p2a: Jynx\n|-status|p2a: Jynx|par\n|move|p2a: Jynx|Lovely Kiss|p1a: Shazam|[miss]\n|-miss|p2a: Jynx\n|\n|upkeep\n|turn|2\n|\n|t:|1784595439\n|move|p1a: Shazam|Seismic Toss|p2a: Jynx\n|-damage|p2a: Jynx|70/100 par\n|move|p2a: Jynx|Lovely Kiss|p1a: Shazam|[miss]\n|-miss|p2a: Jynx\n|\n|upkeep\n|turn|3\n|\n|t:|1784595444\n|move|p1a: Shazam|Seismic Toss|p2a: Jynx\n|-damage|p2a: Jynx|40/100 par\n|move|p2a: Jynx|Lovely Kiss|p1a: Shazam|[miss]\n|-miss|p2a: Jynx\n|\n|upkeep\n|turn|4\n|\n|t:|1784595467\n|move|p1a: Shazam|Psychic|p2a: Jynx\n|-resisted|p2a: Jynx\n|-damage|p2a: Jynx|22/100 par\n|-unboost|p2a: Jynx|spa|1\n|-unboost|p2a: Jynx|spd|1\n|move|p2a: Jynx|Lovely Kiss|p1a: Shazam\n|-status|p1a: Shazam|slp|[from] move: Lovely Kiss\n|\n|upkeep\n|turn|5\n|\n|t:|1784595482\n|switch|p1a: Me On Weekends|Snorlax|100/100\n|switch|p2a: Tauros|Tauros|100/100\n|\n|upkeep\n|turn|6\n|\n|t:|1784595490\n|switch|p2a: Snorlax|Snorlax|100/100\n|move|p1a: Me On Weekends|Earthquake|p2a: Snorlax\n|-damage|p2a: Snorlax|80/100\n|\n|upkeep\n|turn|7\n|\n|t:|1784595494\n|move|p2a: Snorlax|Reflect|p2a: Snorlax\n|-start|p2a: Snorlax|Reflect\n|move|p1a: Me On Weekends|Body Slam|p2a: Snorlax\n|-damage|p2a: Snorlax|66/100\n|\n|upkeep\n|turn|8\n|\n|t:|1784595523\n|move|p1a: Me On Weekends|Body Slam|p2a: Snorlax\n|-damage|p2a: Snorlax|53/100\n|move|p2a: Snorlax|Rest|p2a: Snorlax\n|-status|p2a: Snorlax|slp|[from] move: Rest\n|-heal|p2a: Snorlax|100/100 slp|[silent]\n|\n|upkeep\n|turn|9\n|\n|t:|1784595528\n|switch|p1a: Eggy|Exeggutor|100/100\n|cant|p2a: Snorlax|slp\n|\n|upkeep\n|turn|10\n|\n|t:|1784595535\n|move|p1a: Eggy|Psychic|p2a: Snorlax\n|-damage|p2a: Snorlax|71/100 slp\n|-unboost|p2a: Snorlax|spa|1\n|-unboost|p2a: Snorlax|spd|1\n|-curestatus|p2a: Snorlax|slp|[msg]\n|\n|upkeep\n|turn|11\n|\n|t:|1784595562\n|switch|p2a: Exeggutor|Exeggutor|100/100\n|move|p1a: Eggy|Sleep Powder|p2a: Exeggutor\n|-status|p2a: Exeggutor|slp|[from] move: Sleep Powder\n|\n|upkeep\n|turn|12\n|\n|t:|1784595572\n|switch|p1a: Raging Bull|Tauros|100/100\n|switch|p2a: Chansey|Chansey|100/100\n|\n|upkeep\n|turn|13\n|\n|t:|1784595581\n|switch|p1a: Shazam|Alakazam|100/100 slp\n|move|p2a: Chansey|Thunder Wave|p1a: Shazam\n|-fail|p1a: Shazam\n|\n|upkeep\n|turn|14\n|\n|t:|1784595588\n|switch|p1a: Eggy|Exeggutor|100/100\n|move|p2a: Chansey|Thunder Wave|p1a: Eggy\n|-status|p1a: Eggy|par\n|\n|upkeep\n|turn|15\n|\n|t:|1784595597\n|switch|p2a: Jynx|Jynx|22/100 par\n|move|p1a: Eggy|Stun Spore|p2a: Jynx\n|-fail|p2a: Jynx|par\n|\n|upkeep\n|turn|16\n|\n|t:|1784595606\n|switch|p1a: Shazam|Alakazam|100/100 slp\n|cant|p2a: Jynx|par\n|\n|upkeep\n|turn|17\n|\n|t:|1784595613\n|cant|p1a: Shazam|slp\n|move|p2a: Jynx|Blizzard|p1a: Shazam\n|-damage|p1a: Shazam|64/100 slp\n|\n|upkeep\n|turn|18\n|\n|t:|1784595620\n|switch|p1a: Me On Weekends|Snorlax|100/100\n|move|p2a: Jynx|Blizzard|p1a: Me On Weekends\n|-damage|p1a: Me On Weekends|69/100\n|\n|upkeep\n|turn|19\n|inactive|Deezcastforms has 270 seconds left.\n|inactive|Deezcastforms has 240 seconds left.\n|\n|t:|1784595680\n|switch|p2a: Snorlax|Snorlax|71/100\n|move|p1a: Me On Weekends|Body Slam|p2a: Snorlax\n|-damage|p2a: Snorlax|45/100\n|\n|upkeep\n|turn|20\n|\n|t:|1784595689\n|switch|p1a: My Precious|Golem|100/100\n|move|p2a: Snorlax|Reflect|p2a: Snorlax\n|-start|p2a: Snorlax|Reflect\n|\n|upkeep\n|turn|21\n|inactive|Deezcastforms has 240 seconds left.\n|inactive|WallahiOrSomething has 270 seconds left.\n|\n|t:|1784595719\n|move|p1a: My Precious|Earthquake|p2a: Snorlax\n|-damage|p2a: Snorlax|30/100\n|move|p2a: Snorlax|Body Slam|p1a: My Precious\n|-resisted|p1a: My Precious\n|-damage|p1a: My Precious|88/100\n|\n|upkeep\n|turn|22\n|inactive|WallahiOrSomething has 270 seconds left.\n|\n|t:|1784595753\n|switch|p1a: Patrick|Starmie|100/100\n|move|p2a: Snorlax|Rest|p2a: Snorlax\n|-status|p2a: Snorlax|slp|[from] move: Rest\n|-heal|p2a: Snorlax|100/100 slp|[silent]\n|\n|upkeep\n|turn|23\n|\n|t:|1784595760\n|move|p1a: Patrick|Psychic|p2a: Snorlax\n|-damage|p2a: Snorlax|73/100 slp\n|-unboost|p2a: Snorlax|spa|1\n|-unboost|p2a: Snorlax|spd|1\n|cant|p2a: Snorlax|slp\n|\n|upkeep\n|turn|24\n|\n|t:|1784595774\n|switch|p2a: Chansey|Chansey|100/100\n|move|p1a: Patrick|Blizzard|p2a: Chansey\n|-damage|p2a: Chansey|88/100\n|-status|p2a: Chansey|frz\n|\n|upkeep\n|turn|25\n|inactive|WallahiOrSomething has 270 seconds left.\n|inactive|Deezcastforms has 240 seconds left.\n|\n|t:|1784595819\n|move|p1a: Patrick|Psychic|p2a: Chansey\n|-damage|p2a: Chansey|73/100 frz\n|-unboost|p2a: Chansey|spa|1\n|-unboost|p2a: Chansey|spd|1\n|cant|p2a: Chansey|frz\n|\n|upkeep\n|turn|26\n|\n|t:|1784595829\n|move|p1a: Patrick|Psychic|p2a: Chansey\n|-damage|p2a: Chansey|51/100 frz\n|-unboost|p2a: Chansey|spa|1\n|-unboost|p2a: Chansey|spd|1\n|cant|p2a: Chansey|frz\n|\n|upkeep\n|turn|27\n|\n|t:|1784595835\n|switch|p2a: Starmie|Starmie|100/100\n|move|p1a: Patrick|Psychic|p2a: Starmie\n|-resisted|p2a: Starmie\n|-damage|p2a: Starmie|85/100\n|\n|upkeep\n|turn|28\n|inactive|Deezcastforms has 240 seconds left.\n|\n|t:|1784595848\n|move|p1a: Patrick|Thunder Wave|p2a: Starmie\n|-status|p2a: Starmie|par\n|move|p2a: Starmie|Thunder Wave|p1a: Patrick\n|-status|p1a: Patrick|par\n|\n|upkeep\n|turn|29\n|inactive|Deezcastforms has 240 seconds left.\n|\n|t:|1784595872\n|switch|p1a: Me On Weekends|Snorlax|69/100\n|switch|p2a: Jynx|Jynx|22/100 par\n|\n|upkeep\n|turn|30\n|\n|t:|1784595879\n|switch|p2a: Chansey|Chansey|51/100 frz\n|move|p1a: Me On Weekends|Body Slam|p2a: Chansey\n|-damage|p2a: Chansey|10/100 frz\n|\n|upkeep\n|turn|31\n|\n|t:|1784595884\n|cant|p2a: Chansey|frz\n|move|p1a: Me On Weekends|Earthquake|p2a: Chansey\n|-damage|p2a: Chansey|0 fnt\n|faint|p2a: Chansey\n|\n|t:|1784595891\n|switch|p2a: Snorlax|Snorlax|73/100 slp\n|turn|32\n|\n|t:|1784595895\n|-curestatus|p2a: Snorlax|slp|[msg]\n|move|p1a: Me On Weekends|Self-Destruct|p2a: Snorlax\n|-damage|p2a: Snorlax|0 fnt\n|faint|p2a: Snorlax\n|faint|p1a: Me On Weekends\n|\n|t:|1784595909\n|switch|p1a: Raging Bull|Tauros|100/100\n|switch|p2a: Starmie|Starmie|85/100 par\n|turn|33\n|\n|t:|1784595919\n|move|p1a: Raging Bull|Thunderbolt|p2a: Starmie\n|-supereffective|p2a: Starmie\n|-damage|p2a: Starmie|51/100 par\n|move|p2a: Starmie|Surf|p1a: Raging Bull\n|-crit|p1a: Raging Bull\n|-damage|p1a: Raging Bull|23/100\n|\n|upkeep\n|turn|34\n|\n|t:|1784595934\n|switch|p2a: Exeggutor|Exeggutor|100/100 slp\n|move|p1a: Raging Bull|Body Slam|p2a: Exeggutor\n|-crit|p2a: Exeggutor\n|-damage|p2a: Exeggutor|46/100 slp\n|\n|upkeep\n|turn|35\n|\n|t:|1784595961\n|move|p1a: Raging Bull|Body Slam|p2a: Exeggutor\n|-crit|p2a: Exeggutor\n|-damage|p2a: Exeggutor|0 fnt\n|faint|p2a: Exeggutor\n|\n|t:|1784595964\n|switch|p2a: Tauros|Tauros|100/100\n|turn|36\n|inactive|Deezcastforms has 240 seconds left.\n|\n|t:|1784595993\n|switch|p1a: Shazam|Alakazam|64/100 slp\n|move|p2a: Tauros|Body Slam|p1a: Shazam\n|-crit|p1a: Shazam\n|-damage|p1a: Shazam|0 fnt\n|faint|p1a: Shazam\n|\n|t:|1784595998\n|switch|p1a: Eggy|Exeggutor|100/100 par\n|turn|37\n|\n|t:|1784596005\n|switch|p2a: Starmie|Starmie|51/100 par\n|move|p1a: Eggy|Explosion|p2a: Starmie\n|-damage|p2a: Starmie|0 fnt\n|faint|p2a: Starmie\n|faint|p1a: Eggy\n|inactive|Deezcastforms has 240 seconds left.\n|inactive|Deezcastforms has 210 seconds left.\n|\n|t:|1784596052\n|switch|p2a: Tauros|Tauros|100/100\n|switch|p1a: Patrick|Starmie|100/100 par\n|turn|38\n|inactive|Deezcastforms has 210 seconds left.\n|inactive|Deezcastforms has 180 seconds left.\n|\n|t:|1784596114\n|switch|p2a: Jynx|Jynx|22/100 par\n|move|p1a: Patrick|Thunder Wave|p2a: Jynx\n|-fail|p2a: Jynx|par\n|\n|upkeep\n|turn|39\n|inactive|Deezcastforms has 150 seconds left.\n|\n|t:|1784596150\n|move|p1a: Patrick|Psychic|p2a: Jynx\n|-resisted|p2a: Jynx\n|-damage|p2a: Jynx|5/100 par\n|-unboost|p2a: Jynx|spa|1\n|-unboost|p2a: Jynx|spd|1\n|move|p2a: Jynx|Psychic|p1a: Patrick\n|-resisted|p1a: Patrick\n|-damage|p1a: Patrick|91/100 par\n|-unboost|p1a: Patrick|spa|1\n|-unboost|p1a: Patrick|spd|1\n|\n|upkeep\n|turn|40\n|inactive|Deezcastforms has 120 seconds left.\n|\n|t:|1784596184\n|move|p1a: Patrick|Psychic|p2a: Jynx\n|-resisted|p2a: Jynx\n|-damage|p2a: Jynx|0 fnt\n|faint|p2a: Jynx\n|\n|t:|1784596186\n|switch|p2a: Tauros|Tauros|100/100\n|turn|41\n|inactive|Deezcastforms has 120 seconds left.\n|inactive|Deezcastforms has 90 seconds left.\n|\n|t:|1784596228\n|move|p2a: Tauros|Hyper Beam|p1a: Patrick\n|-damage|p1a: Patrick|29/100 par\n|-mustrecharge|p2a: Tauros\n|move|p1a: Patrick|Thunder Wave|p2a: Tauros\n|-status|p2a: Tauros|par\n|\n|upkeep\n|turn|42\n|\n|t:|1784596237\n|switch|p1a: My Precious|Golem|88/100\n|cant|p2a: Tauros|recharge\n|\n|upkeep\n|turn|43\n|\n|t:|1784596241\n|move|p1a: My Precious|Explosion|p2a: Tauros\n|-damage|p2a: Tauros|18/100 par\n|faint|p1a: My Precious\n|\n|t:|1784596242\n|switch|p1a: Raging Bull|Tauros|23/100\n|turn|44\n|\n|t:|1784596244\n|move|p1a: Raging Bull|Body Slam|p2a: Tauros\n|-crit|p2a: Tauros\n|-damage|p2a: Tauros|0 fnt\n|faint|p2a: Tauros\n|\n|win|WallahiOrSomething\n|c|☆WallahiOrSomething|jee jee\n|c|☆Deezcastforms|gg\n|player|p1|\n","uploadtime":1784596244,"views":"72","formatid":"gen1ou","rating":null,"private":0,"password":null}