{"id":"smogtours-gen1ou-824066","format":"[Gen 1] OU","players":["Amaranth","I ❤️ SZA"],"log":"|inactive|Battle timer is ON: inactive players will automatically lose when time's up.\n|t:|1741533414\n|gametype|singles\n|player|p1|Amaranth|#amaranth|\n|player|p2|I ❤️ SZA|#scl3machines|\n|teamsize|p1|6\n|teamsize|p2|6\n|gen|1\n|tier|[Gen 1] OU\n|rule|Desync Clause Mod: Desyncs changed to move failure.\n|rule|Sleep Clause Mod: Limit one foe put to sleep\n|rule|Freeze Clause Mod: Limit one foe frozen\n|rule|Species Clause: Limit one of each Pokémon\n|rule|OHKO Clause: OHKO moves are banned\n|rule|Evasion Moves Clause: Evasion moves are banned\n|rule|Endless Battle Clause: Forcing endless battles is banned\n|rule|HP Percentage Mod: HP is shown in percentages\n|\n|t:|1741533414\n|start\n|switch|p1a: Zapdos|Zapdos|100/100\n|switch|p2a: Starmie|Starmie|100/100\n|turn|1\n|c|☆I ❤️ SZA|Hf\n|rated|Smogon Premier League\n|c|☆Amaranth|glhf\n|\n|t:|1741533433\n|move|p2a: Starmie|Thunder Wave|p1a: Zapdos\n|-status|p1a: Zapdos|par\n|cant|p1a: Zapdos|par\n|\n|upkeep\n|turn|2\n|\n|t:|1741533439\n|switch|p2a: Chansey|Chansey|100/100\n|move|p1a: Zapdos|Thunder Wave|p2a: Chansey\n|-status|p2a: Chansey|par\n|\n|upkeep\n|turn|3\n|\n|t:|1741533443\n|cant|p1a: Zapdos|par\n|cant|p2a: Chansey|par\n|\n|upkeep\n|turn|4\n|\n|t:|1741533446\n|cant|p1a: Zapdos|par\n|move|p2a: Chansey|Ice Beam|p1a: Zapdos\n|-supereffective|p1a: Zapdos\n|-damage|p1a: Zapdos|66/100 par\n|\n|upkeep\n|turn|5\n|\n|t:|1741533447\n|cant|p1a: Zapdos|par\n|move|p2a: Chansey|Ice Beam|p1a: Zapdos\n|-crit|p1a: Zapdos\n|-supereffective|p1a: Zapdos\n|-damage|p1a: Zapdos|4/100 par\n|\n|upkeep\n|turn|6\n|\n|t:|1741533448\n|cant|p1a: Zapdos|par\n|move|p2a: Chansey|Ice Beam|p1a: Zapdos\n|-supereffective|p1a: Zapdos\n|-damage|p1a: Zapdos|0 fnt\n|faint|p1a: Zapdos\n|c|☆Amaranth|well this is going to be a tricky one\n|\n|t:|1741533476\n|switch|p1a: Snorlax|Snorlax|100/100\n|turn|7\n|inactive|I ❤️ SZA has 270 seconds left.\n|inactive|I ❤️ SZA has 240 seconds left.\n|\n|t:|1741533538\n|switch|p2a: Exeggutor|Exeggutor|100/100\n|move|p1a: Snorlax|Body Slam|p2a: Exeggutor\n|-damage|p2a: Exeggutor|69/100\n|\n|upkeep\n|turn|8\n|\n|t:|1741533553\n|switch|p1a: Exeggutor|Exeggutor|100/100\n|move|p2a: Exeggutor|Sleep Powder|p1a: Exeggutor\n|-status|p1a: Exeggutor|slp|[from] move: Sleep Powder\n|\n|upkeep\n|turn|9\n|\n|t:|1741533560\n|switch|p1a: Alakazam|Alakazam|100/100\n|move|p2a: Exeggutor|Psychic|p1a: Alakazam\n|-resisted|p1a: Alakazam\n|-damage|p1a: Alakazam|84/100\n|\n|upkeep\n|turn|10\n|\n|t:|1741533568\n|switch|p1a: Snorlax|Snorlax|100/100\n|move|p2a: Exeggutor|Stun Spore|p1a: Snorlax\n|-status|p1a: Snorlax|par\n|\n|upkeep\n|turn|11\n|inactive|I ❤️ SZA has 240 seconds left.\n|inactive|I ❤️ SZA has 210 seconds left.\n|inactive|I ❤️ SZA has 180 seconds left.\n|inactive|I ❤️ SZA has 150 seconds left.\n|\n|t:|1741533708\n|move|p2a: Exeggutor|Psychic|p1a: Snorlax\n|-damage|p1a: Snorlax|67/100 par\n|-unboost|p1a: Snorlax|spa|1\n|-unboost|p1a: Snorlax|spd|1\n|move|p1a: Snorlax|Body Slam|p2a: Exeggutor\n|-damage|p2a: Exeggutor|40/100\n|\n|upkeep\n|turn|12\n|\n|t:|1741533715\n|switch|p1a: Starmie|Starmie|100/100\n|move|p2a: Exeggutor|Psychic|p1a: Starmie\n|-resisted|p1a: Starmie\n|-damage|p1a: Starmie|83/100\n|-unboost|p1a: Starmie|spa|1\n|-unboost|p1a: Starmie|spd|1\n|\n|upkeep\n|turn|13\n|inactive|I ❤️ SZA has 120 seconds left.\n|\n|t:|1741533754\n|move|p1a: Starmie|Blizzard|p2a: Exeggutor\n|-supereffective|p2a: Exeggutor\n|-damage|p2a: Exeggutor|12/100\n|-status|p2a: Exeggutor|frz\n|cant|p2a: Exeggutor|frz\n|\n|upkeep\n|turn|14\n|\n|t:|1741533771\n|switch|p2a: Chansey|Chansey|100/100 par\n|move|p1a: Starmie|Thunder Wave|p2a: Chansey\n|-fail|p2a: Chansey|par\n|\n|upkeep\n|turn|15\n|inactive|I ❤️ SZA has 120 seconds left.\n|\n|t:|1741533784\n|switch|p1a: Alakazam|Alakazam|84/100\n|move|p2a: Chansey|Ice Beam|p1a: Alakazam\n|-damage|p1a: Alakazam|64/100\n|\n|upkeep\n|turn|16\n|\n|t:|1741533792\n|move|p1a: Alakazam|Psychic|p2a: Chansey\n|-damage|p2a: Chansey|82/100 par\n|-unboost|p2a: Chansey|spa|1\n|-unboost|p2a: Chansey|spd|1\n|move|p2a: Chansey|Ice Beam|p1a: Alakazam\n|-damage|p1a: Alakazam|50/100\n|-status|p1a: Alakazam|frz\n|\n|upkeep\n|turn|17\n|inactive|I ❤️ SZA has 120 seconds left.\n|\n|t:|1741533810\n|switch|p1a: Snorlax|Snorlax|67/100 par\n|switch|p2a: Cloyster|Cloyster|100/100\n|\n|upkeep\n|turn|18\n|\n|t:|1741533815\n|switch|p1a: Starmie|Starmie|83/100\n|move|p2a: Cloyster|Clamp|p1a: Starmie\n|-crit|p1a: Starmie\n|-resisted|p1a: Starmie\n|-damage|p1a: Starmie|72/100\n|\n|upkeep\n|turn|19\n|\n|t:|1741533821\n|cant|p1a: Starmie|partiallytrapped\n|move|p2a: Cloyster|Clamp|p1a: Starmie|[from]Clamp\n|-damage|p1a: Starmie|62/100\n|\n|upkeep\n|turn|20\n|\n|t:|1741533825\n|switch|p2a: Chansey|Chansey|82/100 par\n|cant|p1a: Starmie|partiallytrapped\n|\n|upkeep\n|turn|21\n|\n|t:|1741533840\n|switch|p1a: Snorlax|Snorlax|67/100 par\n|move|p2a: Chansey|Ice Beam|p1a: Snorlax\n|-crit|p1a: Snorlax\n|-damage|p1a: Snorlax|28/100 par\n|\n|upkeep\n|turn|22\n|inactive|I ❤️ SZA has 120 seconds left.\n|\n|t:|1741533893\n|switch|p2a: Exeggutor|Exeggutor|12/100 frz\n|move|p1a: Snorlax|Self-Destruct|p2a: Exeggutor\n|-damage|p2a: Exeggutor|0 fnt\n|faint|p2a: Exeggutor\n|faint|p1a: Snorlax\n|inactive|I ❤️ SZA has 90 seconds left.\n|\n|t:|1741533922\n|switch|p2a: Tauros|Tauros|100/100\n|switch|p1a: Starmie|Starmie|62/100\n|turn|23\n|inactive|I ❤️ SZA has 90 seconds left.\n|\n|t:|1741533939\n|switch|p1a: Tauros|Tauros|100/100\n|switch|p2a: Chansey|Chansey|82/100 par\n|\n|upkeep\n|turn|24\n|inactive|I ❤️ SZA has 90 seconds left.\n|\n|t:|1741533953\n|switch|p2a: Cloyster|Cloyster|100/100\n|move|p1a: Tauros|Body Slam|p2a: Cloyster\n|-crit|p2a: Cloyster\n|-damage|p2a: Cloyster|58/100\n|\n|upkeep\n|turn|25\n|inactive|I ❤️ SZA has 90 seconds left.\n|\n|t:|1741533968\n|switch|p1a: Alakazam|Alakazam|50/100 frz\n|move|p2a: Cloyster|Blizzard|p1a: Alakazam\n|-damage|p1a: Alakazam|19/100 frz\n|\n|upkeep\n|turn|26\n|\n|t:|1741533975\n|switch|p1a: Starmie|Starmie|62/100\n|move|p2a: Cloyster|Blizzard|p1a: Starmie\n|-resisted|p1a: Starmie\n|-damage|p1a: Starmie|42/100\n|-message|Freeze Clause activated.\n|\n|upkeep\n|turn|27\n|\n|t:|1741533982\n|switch|p2a: Chansey|Chansey|82/100 par\n|move|p1a: Starmie|Recover|p1a: Starmie\n|-heal|p1a: Starmie|92/100\n|\n|upkeep\n|turn|28\n|\n|t:|1741533988\n|switch|p1a: Alakazam|Alakazam|19/100 frz\n|cant|p2a: Chansey|par\n|\n|upkeep\n|turn|29\n|\n|t:|1741533994\n|switch|p1a: Tauros|Tauros|100/100\n|move|p2a: Chansey|Ice Beam|p1a: Tauros\n|-damage|p1a: Tauros|73/100\n|\n|upkeep\n|turn|30\n|inactive|I ❤️ SZA has 120 seconds left.\n|\n|t:|1741534017\n|switch|p2a: Cloyster|Cloyster|58/100\n|move|p1a: Tauros|Body Slam|p2a: Cloyster\n|-damage|p2a: Cloyster|35/100\n|\n|upkeep\n|turn|31\n|\n|t:|1741534025\n|move|p1a: Tauros|Hyper Beam|p2a: Cloyster|[miss]\n|-miss|p1a: Tauros\n|move|p2a: Cloyster|Blizzard|p1a: Tauros\n|-damage|p1a: Tauros|29/100\n|\n|upkeep\n|turn|32\n|\n|t:|1741534029\n|move|p1a: Tauros|Hyper Beam|p2a: Cloyster\n|-crit|p2a: Cloyster\n|-damage|p2a: Cloyster|0 fnt\n|faint|p2a: Cloyster\n|\n|t:|1741534032\n|switch|p2a: Tauros|Tauros|100/100\n|turn|33\n|\n|t:|1741534060\n|switch|p1a: Alakazam|Alakazam|19/100 frz\n|move|p2a: Tauros|Body Slam|p1a: Alakazam\n|-crit|p1a: Alakazam\n|-damage|p1a: Alakazam|0 fnt\n|faint|p1a: Alakazam\n|\n|t:|1741534062\n|switch|p1a: Starmie|Starmie|92/100\n|turn|34\n|\n|t:|1741534070\n|switch|p2a: Starmie|Starmie|100/100\n|move|p1a: Starmie|Thunder Wave|p2a: Starmie\n|-status|p2a: Starmie|par\n|\n|upkeep\n|turn|35\n|\n|t:|1741534074\n|switch|p1a: Exeggutor|Exeggutor|100/100 slp\n|move|p2a: Starmie|Thunder Wave|p1a: Exeggutor\n|-fail|p1a: Exeggutor\n|\n|upkeep\n|turn|36\n|\n|t:|1741534076\n|cant|p1a: Exeggutor|slp\n|cant|p2a: Starmie|par\n|\n|upkeep\n|turn|37\n|\n|t:|1741534079\n|cant|p1a: Exeggutor|slp\n|move|p2a: Starmie|Blizzard|p1a: Exeggutor\n|-supereffective|p1a: Exeggutor\n|-damage|p1a: Exeggutor|60/100 slp\n|\n|upkeep\n|turn|38\n|\n|t:|1741534082\n|-curestatus|p1a: Exeggutor|slp|[msg]\n|cant|p2a: Starmie|par\n|\n|upkeep\n|turn|39\n|\n|t:|1741534092\n|move|p1a: Exeggutor|Explosion|p2a: Starmie\n|-damage|p2a: Starmie|10/100 par\n|faint|p1a: Exeggutor\n|\n|t:|1741534102\n|switch|p1a: Tauros|Tauros|29/100\n|turn|40\n|\n|t:|1741534104\n|move|p1a: Tauros|Body Slam|p2a: Starmie\n|-damage|p2a: Starmie|0 fnt\n|faint|p2a: Starmie\n|\n|t:|1741534112\n|switch|p2a: Snorlax|Snorlax|100/100\n|turn|41\n|inactive|Amaranth has 270 seconds left.\n|\n|t:|1741534153\n|switch|p1a: Starmie|Starmie|92/100\n|move|p2a: Snorlax|Body Slam|p1a: Starmie\n|-damage|p1a: Starmie|56/100\n|\n|upkeep\n|turn|42\n|\n|t:|1741534160\n|move|p1a: Starmie|Psychic|p2a: Snorlax\n|-damage|p2a: Snorlax|76/100\n|-unboost|p2a: Snorlax|spa|1\n|-unboost|p2a: Snorlax|spd|1\n|move|p2a: Snorlax|Body Slam|p1a: Starmie\n|-damage|p1a: Starmie|18/100\n|\n|upkeep\n|turn|43\n|inactive|Amaranth has 270 seconds left.\n|\n|t:|1741534179\n|move|p1a: Starmie|Blizzard|p2a: Snorlax\n|-damage|p2a: Snorlax|37/100\n|move|p2a: Snorlax|Self-Destruct|p1a: Starmie\n|-damage|p1a: Starmie|0 fnt\n|faint|p1a: Starmie\n|faint|p2a: Snorlax\n|\n|t:|1741534191\n|switch|p1a: Tauros|Tauros|29/100\n|switch|p2a: Chansey|Chansey|82/100 par\n|turn|44\n|inactive|Amaranth has 270 seconds left.\n|\n|t:|1741534211\n|move|p1a: Tauros|Body Slam|p2a: Chansey\n|-damage|p2a: Chansey|45/100 par\n|move|p2a: Chansey|Thunder Wave|p1a: Tauros\n|-status|p1a: Tauros|par\n|\n|upkeep\n|turn|45\n|\n|t:|1741534216\n|move|p1a: Tauros|Hyper Beam|p2a: Chansey\n|-damage|p2a: Chansey|0 fnt\n|faint|p2a: Chansey\n|\n|t:|1741534217\n|switch|p2a: Tauros|Tauros|100/100\n|turn|46\n|\n|t:|1741534220\n|move|p2a: Tauros|Hyper Beam|p1a: Tauros\n|-damage|p1a: Tauros|0 fnt\n|faint|p1a: Tauros\n|\n|win|I ❤️ SZA\n|c|☆Amaranth|gg\n","uploadtime":1741534220,"views":"1826","formatid":"gen1ou","rating":null,"private":0,"password":null}