{"id":"smogtours-gen1ou-945246","format":"[Gen 1] OU","players":["SamuelBest","Mister Tim"],"log":"|inactive|Battle timer is ON: inactive players will automatically lose when time's up.\n|t:|1781125522\n|gametype|singles\n|player|p1|SamuelBest|ethan|\n|player|p2|Mister Tim|169|\n|gen|1\n|tier|[Gen 1] OU\n|rule|Desync Clause Mod: Desyncs changed to move failure.\n|rule|HP Percentage Mod: HP is shown in percentages\n|rule|Endless Battle Clause: Forcing endless battles is banned\n|rule|Sleep Clause Mod: Limit one foe put to sleep\n|rule|Freeze Clause Mod: Limit one foe frozen\n|rule|Species Clause: Limit one of each Pokémon\n|rule|OHKO Clause: OHKO moves are banned\n|rule|Evasion Moves Clause: Evasion moves are banned\n|\n|t:|1781125522\n|teamsize|p1|6\n|teamsize|p2|6\n|start\n|switch|p1a: Jynx|Jynx|100/100\n|switch|p2a: Alakazam|Alakazam|100/100\n|turn|1\n|c|☆SamuelBest|gl\n|\n|t:|1781125533\n|switch|p1a: Chansey|Chansey|100/100\n|move|p2a: Alakazam|Thunder Wave|p1a: Chansey\n|-status|p1a: Chansey|par\n|\n|upkeep\n|turn|2\n|\n|t:|1781125535\n|move|p2a: Alakazam|Psychic|p1a: Chansey\n|-damage|p1a: Chansey|83/100 par\n|-unboost|p1a: Chansey|spa|1\n|-unboost|p1a: Chansey|spd|1\n|move|p1a: Chansey|Sing|p2a: Alakazam|[miss]\n|-miss|p1a: Chansey\n|\n|upkeep\n|turn|3\n|c|☆Mister Tim|hf\n|\n|t:|1781125544\n|move|p2a: Alakazam|Psychic|p1a: Chansey\n|-damage|p1a: Chansey|56/100 par\n|move|p1a: Chansey|Sing|p2a: Alakazam|[miss]\n|-miss|p1a: Chansey\n|\n|upkeep\n|turn|4\n|\n|t:|1781125548\n|switch|p1a: Jynx|Jynx|100/100\n|move|p2a: Alakazam|Psychic|p1a: Jynx|[miss]\n|-miss|p2a: Alakazam\n|-hint|In Gen 1, moves with 100% accuracy can still miss 1/256 of the time.\n|\n|upkeep\n|turn|5\n|\n|t:|1781125554\n|move|p2a: Alakazam|Thunder Wave|p1a: Jynx\n|-status|p1a: Jynx|par\n|move|p1a: Jynx|Lovely Kiss|p2a: Alakazam\n|-status|p2a: Alakazam|slp|[from] move: Lovely Kiss\n|\n|upkeep\n|turn|6\n|\n|t:|1781125558\n|switch|p2a: Snorlax|Snorlax|100/100\n|cant|p1a: Jynx|par\n|\n|upkeep\n|turn|7\n|\n|t:|1781125561\n|switch|p1a: Snorlax|Snorlax|100/100\n|move|p2a: Snorlax|Body Slam|p1a: Snorlax\n|-crit|p1a: Snorlax\n|-damage|p1a: Snorlax|52/100\n|\n|upkeep\n|turn|8\n|\n|t:|1781125581\n|move|p2a: Snorlax|Body Slam|p1a: Snorlax\n|-damage|p1a: Snorlax|27/100\n|move|p1a: Snorlax|Reflect|p1a: Snorlax\n|-start|p1a: Snorlax|Reflect\n|\n|upkeep\n|turn|9\n|\n|t:|1781125591\n|switch|p2a: Starmie|Starmie|100/100\n|move|p1a: Snorlax|Rest|p1a: Snorlax\n|-status|p1a: Snorlax|slp|[from] move: Rest\n|-heal|p1a: Snorlax|100/100 slp|[silent]\n|\n|upkeep\n|turn|10\n|\n|t:|1781125595\n|move|p2a: Starmie|Psychic|p1a: Snorlax\n|-damage|p1a: Snorlax|75/100 slp\n|cant|p1a: Snorlax|slp\n|\n|upkeep\n|turn|11\n|\n|t:|1781125597\n|switch|p1a: Chansey|Chansey|56/100 par\n|move|p2a: Starmie|Psychic|p1a: Chansey\n|-crit|p1a: Chansey\n|-damage|p1a: Chansey|30/100 par\n|\n|upkeep\n|turn|12\n|\n|t:|1781125601\n|move|p2a: Starmie|Psychic|p1a: Chansey\n|-damage|p1a: Chansey|14/100 par\n|move|p1a: Chansey|Soft-Boiled|p1a: Chansey\n|-heal|p1a: Chansey|64/100 par\n|\n|upkeep\n|turn|13\n|\n|t:|1781125605\n|switch|p2a: Snorlax|Snorlax|100/100\n|move|p1a: Chansey|Thunder Wave|p2a: Snorlax\n|-status|p2a: Snorlax|par\n|\n|upkeep\n|turn|14\n|\n|t:|1781125609\n|switch|p1a: Snorlax|Snorlax|75/100 slp\n|cant|p2a: Snorlax|par\n|\n|upkeep\n|turn|15\n|\n|t:|1781125612\n|-curestatus|p1a: Snorlax|slp|[msg]\n|move|p2a: Snorlax|Body Slam|p1a: Snorlax\n|-damage|p1a: Snorlax|47/100\n|\n|upkeep\n|turn|16\n|\n|t:|1781125615\n|move|p1a: Snorlax|Reflect|p1a: Snorlax\n|-start|p1a: Snorlax|Reflect\n|cant|p2a: Snorlax|par\n|\n|upkeep\n|turn|17\n|\n|t:|1781125617\n|move|p1a: Snorlax|Body Slam|p2a: Snorlax\n|-damage|p2a: Snorlax|75/100 par\n|move|p2a: Snorlax|Reflect|p2a: Snorlax\n|-start|p2a: Snorlax|Reflect\n|\n|upkeep\n|turn|18\n|\n|t:|1781125623\n|move|p1a: Snorlax|Body Slam|p2a: Snorlax\n|-damage|p2a: Snorlax|61/100 par\n|move|p2a: Snorlax|Body Slam|p1a: Snorlax\n|-damage|p1a: Snorlax|33/100\n|\n|upkeep\n|turn|19\n|\n|t:|1781125629\n|switch|p1a: Starmie|Starmie|100/100\n|move|p2a: Snorlax|Rest|p2a: Snorlax\n|-status|p2a: Snorlax|slp|[from] move: Rest\n|-heal|p2a: Snorlax|100/100 slp|[silent]\n|\n|upkeep\n|turn|20\n|\n|t:|1781125633\n|move|p1a: Starmie|Surf|p2a: Snorlax\n|-damage|p2a: Snorlax|71/100 slp\n|cant|p2a: Snorlax|slp\n|\n|upkeep\n|turn|21\n|\n|t:|1781125636\n|switch|p2a: Chansey|Chansey|100/100\n|move|p1a: Starmie|Thunderbolt|p2a: Chansey\n|-damage|p2a: Chansey|90/100\n|\n|upkeep\n|turn|22\n|\n|t:|1781125653\n|switch|p1a: Chansey|Chansey|64/100 par\n|move|p2a: Chansey|Ice Beam|p1a: Chansey\n|-damage|p1a: Chansey|53/100 par\n|\n|upkeep\n|turn|23\n|\n|t:|1781125657\n|switch|p2a: Snorlax|Snorlax|71/100 slp\n|move|p1a: Chansey|Soft-Boiled|p1a: Chansey\n|-heal|p1a: Chansey|100/100 par\n|\n|upkeep\n|turn|24\n|\n|t:|1781125663\n|-curestatus|p2a: Snorlax|slp|[msg]\n|move|p1a: Chansey|Thunder Wave|p2a: Snorlax\n|-status|p2a: Snorlax|par\n|\n|upkeep\n|turn|25\n|\n|t:|1781125668\n|move|p1a: Chansey|Ice Beam|p2a: Snorlax\n|-damage|p2a: Snorlax|52/100 par\n|move|p2a: Snorlax|Body Slam|p1a: Chansey\n|-damage|p1a: Chansey|56/100 par\n|\n|upkeep\n|turn|26\n|\n|t:|1781125672\n|cant|p1a: Chansey|par\n|move|p2a: Snorlax|Body Slam|p1a: Chansey\n|-damage|p1a: Chansey|16/100 par\n|\n|upkeep\n|turn|27\n|\n|t:|1781125674\n|cant|p1a: Chansey|par\n|move|p2a: Snorlax|Body Slam|p1a: Chansey\n|-damage|p1a: Chansey|0 fnt\n|faint|p1a: Chansey\n|\n|t:|1781125676\n|switch|p1a: Snorlax|Snorlax|33/100\n|turn|28\n|\n|t:|1781125682\n|switch|p2a: Chansey|Chansey|90/100\n|move|p1a: Snorlax|Body Slam|p2a: Chansey\n|-damage|p2a: Chansey|46/100\n|\n|upkeep\n|turn|29\n|\n|t:|1781125686\n|move|p2a: Chansey|Soft-Boiled|p2a: Chansey\n|-heal|p2a: Chansey|96/100\n|move|p1a: Snorlax|Body Slam|p2a: Chansey\n|-damage|p2a: Chansey|52/100\n|\n|upkeep\n|turn|30\n|\n|t:|1781125689\n|move|p2a: Chansey|Soft-Boiled|p2a: Chansey\n|-heal|p2a: Chansey|100/100\n|move|p1a: Snorlax|Body Slam|p2a: Chansey\n|-damage|p2a: Chansey|60/100\n|\n|upkeep\n|turn|31\n|\n|t:|1781125692\n|move|p2a: Chansey|Soft-Boiled|p2a: Chansey\n|-heal|p2a: Chansey|100/100\n|move|p1a: Snorlax|Body Slam|p2a: Chansey\n|-damage|p2a: Chansey|61/100\n|\n|upkeep\n|turn|32\n|\n|t:|1781125696\n|move|p2a: Chansey|Soft-Boiled|p2a: Chansey\n|-heal|p2a: Chansey|100/100\n|move|p1a: Snorlax|Body Slam|p2a: Chansey\n|-damage|p2a: Chansey|57/100\n|\n|upkeep\n|turn|33\n|\n|t:|1781125700\n|move|p1a: Snorlax|Body Slam|p2a: Chansey\n|-damage|p2a: Chansey|16/100\n|move|p2a: Chansey|Counter|p1a: Snorlax\n|-damage|p1a: Snorlax|0 fnt\n|faint|p1a: Snorlax\n|\n|t:|1781125704\n|switch|p1a: Zapdos|Zapdos|100/100\n|turn|34\n|\n|t:|1781125723\n|move|p1a: Zapdos|Thunderbolt|p2a: Chansey\n|-damage|p2a: Chansey|0 fnt\n|faint|p2a: Chansey\n|\n|t:|1781125726\n|switch|p2a: Jolteon|Jolteon|100/100\n|turn|35\n|\n|t:|1781125744\n|switch|p1a: Jynx|Jynx|100/100 par\n|move|p2a: Jolteon|Thunderbolt|p1a: Jynx\n|-crit|p1a: Jynx\n|-damage|p1a: Jynx|31/100 par\n|\n|upkeep\n|turn|36\n|\n|t:|1781125749\n|move|p2a: Jolteon|Thunderbolt|p1a: Jynx\n|-damage|p1a: Jynx|0 fnt\n|faint|p1a: Jynx\n|\n|t:|1781125750\n|switch|p1a: Tauros|Tauros|100/100\n|turn|37\n|\n|t:|1781125770\n|switch|p2a: Alakazam|Alakazam|100/100 slp\n|move|p1a: Tauros|Body Slam|p2a: Alakazam\n|-damage|p2a: Alakazam|52/100 slp\n|\n|upkeep\n|turn|38\n|\n|t:|1781125777\n|cant|p2a: Alakazam|slp\n|move|p1a: Tauros|Body Slam|p2a: Alakazam\n|-damage|p2a: Alakazam|5/100 slp\n|\n|upkeep\n|turn|39\n|\n|t:|1781125779\n|cant|p2a: Alakazam|slp\n|move|p1a: Tauros|Body Slam|p2a: Alakazam\n|-crit|p2a: Alakazam\n|-damage|p2a: Alakazam|0 fnt\n|faint|p2a: Alakazam\n|\n|t:|1781125784\n|switch|p2a: Starmie|Starmie|100/100\n|turn|40\n|\n|t:|1781125786\n|switch|p1a: Zapdos|Zapdos|100/100\n|move|p2a: Starmie|Thunder Wave|p1a: Zapdos\n|-status|p1a: Zapdos|par\n|\n|upkeep\n|turn|41\n|\n|t:|1781125810\n|switch|p2a: Snorlax|Snorlax|52/100 par\n|move|p1a: Zapdos|Thunder Wave|p2a: Snorlax\n|-fail|p2a: Snorlax|par\n|\n|upkeep\n|turn|42\n|\n|t:|1781125815\n|cant|p1a: Zapdos|par\n|move|p2a: Snorlax|Rest|p2a: Snorlax\n|-hint|In Gen 1, recovery moves fail if (user's maximum HP - user's current HP + 1) is divisible by 256, unless the current hp is also divisible by 256.\n|-fail|p2a: Snorlax\n|\n|upkeep\n|turn|43\n|\n|t:|1781125826\n|move|p1a: Zapdos|Thunderbolt|p2a: Snorlax\n|-damage|p2a: Snorlax|20/100 par\n|move|p2a: Snorlax|Body Slam|p1a: Zapdos\n|-damage|p1a: Zapdos|70/100 par\n|\n|upkeep\n|turn|44\n|\n|t:|1781125832\n|move|p1a: Zapdos|Thunderbolt|p2a: Snorlax\n|-damage|p2a: Snorlax|0 fnt\n|faint|p2a: Snorlax\n|inactive|Mister Tim has 270 seconds left.\n|\n|t:|1781125888\n|switch|p2a: Tauros|Tauros|100/100\n|turn|45\n|\n|t:|1781125896\n|move|p2a: Tauros|Body Slam|p1a: Zapdos\n|-crit|p1a: Zapdos\n|-damage|p1a: Zapdos|13/100 par\n|move|p1a: Zapdos|Thunder Wave|p2a: Tauros\n|-status|p2a: Tauros|par\n|\n|upkeep\n|turn|46\n|\n|t:|1781125902\n|switch|p1a: Starmie|Starmie|100/100\n|cant|p2a: Tauros|par\n|\n|upkeep\n|turn|47\n|inactive|Mister Tim has 270 seconds left.\n|\n|t:|1781125909\n|move|p1a: Starmie|Surf|p2a: Tauros\n|-damage|p2a: Tauros|61/100 par\n|move|p2a: Tauros|Body Slam|p1a: Starmie\n|-crit|p1a: Starmie\n|-damage|p1a: Starmie|30/100\n|\n|upkeep\n|turn|48\n|\n|t:|1781125915\n|move|p1a: Starmie|Recover|p1a: Starmie\n|-heal|p1a: Starmie|79/100\n|move|p2a: Tauros|Body Slam|p1a: Starmie\n|-damage|p1a: Starmie|47/100\n|-status|p1a: Starmie|par\n|\n|upkeep\n|turn|49\n|inactive|Mister Tim has 270 seconds left.\n|\n|t:|1781125931\n|move|p1a: Starmie|Recover|p1a: Starmie\n|-heal|p1a: Starmie|97/100 par\n|move|p2a: Tauros|Body Slam|p1a: Starmie\n|-damage|p1a: Starmie|63/100 par\n|\n|upkeep\n|turn|50\n|\n|t:|1781125934\n|cant|p1a: Starmie|par\n|move|p2a: Tauros|Body Slam|p1a: Starmie\n|-damage|p1a: Starmie|30/100 par\n|\n|upkeep\n|turn|51\n|\n|t:|1781125936\n|cant|p1a: Starmie|par\n|move|p2a: Tauros|Body Slam|p1a: Starmie\n|-crit|p1a: Starmie\n|-damage|p1a: Starmie|0 fnt\n|faint|p1a: Starmie\n|\n|t:|1781125938\n|switch|p1a: Tauros|Tauros|100/100\n|turn|52\n|c|☆SamuelBest|ah well looks like it just wasn't meant to be\n|\n|t:|1781125943\n|move|p1a: Tauros|Hyper Beam|p2a: Tauros\n|-damage|p2a: Tauros|12/100 par\n|-mustrecharge|p1a: Tauros\n|move|p2a: Tauros|Hyper Beam|p1a: Tauros\n|-damage|p1a: Tauros|52/100\n|-mustrecharge|p2a: Tauros\n|\n|upkeep\n|turn|53\n|\n|t:|1781125948\n|cant|p1a: Tauros|recharge\n|cant|p2a: Tauros|recharge\n|\n|upkeep\n|turn|54\n|c|☆SamuelBest|ggs \n|\n|t:|1781125951\n|move|p1a: Tauros|Body Slam|p2a: Tauros\n|-crit|p2a: Tauros\n|-damage|p2a: Tauros|0 fnt\n|faint|p2a: Tauros\n|\n|t:|1781125955\n|switch|p2a: Starmie|Starmie|100/100\n|turn|55\n|\n|t:|1781125957\n|move|p2a: Starmie|Thunder Wave|p1a: Tauros\n|-status|p1a: Tauros|par\n|move|p1a: Tauros|Body Slam|p2a: Starmie\n|-damage|p2a: Starmie|68/100\n|\n|upkeep\n|turn|56\n|\n|t:|1781125961\n|move|p2a: Starmie|Surf|p1a: Tauros\n|-damage|p1a: Tauros|14/100 par\n|cant|p1a: Tauros|par\n|\n|upkeep\n|turn|57\n|\n|t:|1781125963\n|move|p2a: Starmie|Surf|p1a: Tauros\n|-damage|p1a: Tauros|0 fnt\n|faint|p1a: Tauros\n|\n|t:|1781125965\n|switch|p1a: Zapdos|Zapdos|13/100 par\n|turn|58\n|\n|t:|1781125967\n|move|p2a: Starmie|Surf|p1a: Zapdos\n|-damage|p1a: Zapdos|0 fnt\n|faint|p1a: Zapdos\n|\n|win|Mister Tim\n|c|☆Mister Tim|ggs\n|player|p1|\n|player|p1|SamuelBest|ethan|\n|player|p1|\n|player|p1|SamuelBest|ethan|\n","uploadtime":1781125967,"views":"119","formatid":"gen1ou","rating":null,"private":0,"password":null}