{"id":"smogtours-gen1ou-952831","format":"[Gen 1] OU","players":["stunner047","RoboKyII"],"log":"|inactive|Battle timer is ON: inactive players will automatically lose when time's up.\n|t:|1783152550\n|gametype|singles\n|player|p1|stunner047|#rbypliiidingdangdewgongs|\n|player|p2|RoboKyII|rosa-pokestar3|\n|gen|1\n|tier|[Gen 1] OU\n|rule|Desync Clause Mod: Desyncs changed to move failure.\n|rule|HP Percentage Mod: HP is shown in percentages\n|rule|Endless Battle Clause: Forcing endless battles is banned\n|rule|Sleep Clause Mod: Limit one foe put to sleep\n|rule|Freeze Clause Mod: Limit one foe frozen\n|rule|Species Clause: Limit one of each Pokémon\n|rule|OHKO Clause: OHKO moves are banned\n|rule|Evasion Moves Clause: Evasion moves are banned\n|\n|t:|1783152550\n|teamsize|p1|6\n|teamsize|p2|6\n|start\n|switch|p1a: Alakazam|Alakazam|100/100\n|switch|p2a: Alakazam|Alakazam|100/100\n|turn|1\n|c|☆stunner047|gl hf\n|c|☆RoboKyII|glhf\n|\n|t:|1783152571\n|switch|p1a: Chansey|Chansey|100/100\n|move|p2a: Alakazam|Thunder Wave|p1a: Chansey\n|-status|p1a: Chansey|par\n|\n|upkeep\n|turn|2\n|\n|t:|1783152575\n|move|p2a: Alakazam|Psychic|p1a: Chansey\n|-damage|p1a: Chansey|82/100 par\n|move|p1a: Chansey|Sing|p2a: Alakazam|[miss]\n|-miss|p1a: Chansey\n|\n|upkeep\n|turn|3\n|\n|t:|1783152578\n|move|p2a: Alakazam|Psychic|p1a: Chansey\n|-damage|p1a: Chansey|64/100 par\n|move|p1a: Chansey|Sing|p2a: Alakazam\n|-status|p2a: Alakazam|slp|[from] move: Sing\n|\n|upkeep\n|turn|4\n|\n|t:|1783152586\n|cant|p2a: Alakazam|slp\n|move|p1a: Chansey|Soft-Boiled|p1a: Chansey\n|-heal|p1a: Chansey|100/100 par\n|\n|upkeep\n|turn|5\n|\n|t:|1783152591\n|switch|p2a: Snorlax|Snorlax|100/100\n|switch|p1a: Snorlax|Snorlax|100/100\n|\n|upkeep\n|turn|6\n|\n|t:|1783152594\n|move|p1a: Snorlax|Reflect|p1a: Snorlax\n|-start|p1a: Snorlax|Reflect\n|move|p2a: Snorlax|Body Slam|p1a: Snorlax\n|-damage|p1a: Snorlax|87/100\n|\n|upkeep\n|turn|7\n|\n|t:|1783152598\n|move|p1a: Snorlax|Body Slam|p2a: Snorlax\n|-damage|p2a: Snorlax|76/100\n|move|p2a: Snorlax|Counter|p1a: Snorlax\n|-damage|p1a: Snorlax|38/100\n|\n|upkeep\n|turn|8\n|\n|t:|1783152601\n|move|p1a: Snorlax|Rest|p1a: Snorlax\n|-status|p1a: Snorlax|slp|[from] move: Rest\n|-heal|p1a: Snorlax|100/100 slp|[silent]\n|move|p2a: Snorlax|Self-Destruct|p1a: Snorlax\n|-crit|p1a: Snorlax\n|-damage|p1a: Snorlax|0 fnt\n|faint|p1a: Snorlax\n|faint|p2a: Snorlax\n|\n|t:|1783152617\n|switch|p1a: Alakazam|Alakazam|100/100\n|switch|p2a: Exeggutor|Exeggutor|100/100\n|turn|9\n|\n|t:|1783152623\n|move|p1a: Alakazam|Thunder Wave|p2a: Exeggutor\n|-status|p2a: Exeggutor|par\n|cant|p2a: Exeggutor|par\n|\n|upkeep\n|turn|10\n|\n|t:|1783152627\n|switch|p1a: Chansey|Chansey|100/100 par\n|cant|p2a: Exeggutor|par\n|\n|upkeep\n|turn|11\n|\n|t:|1783152634\n|move|p2a: Exeggutor|Psychic|p1a: Chansey\n|-damage|p1a: Chansey|83/100 par\n|-unboost|p1a: Chansey|spa|1\n|-unboost|p1a: Chansey|spd|1\n|move|p1a: Chansey|Ice Beam|p2a: Exeggutor\n|-supereffective|p2a: Exeggutor\n|-damage|p2a: Exeggutor|79/100 par\n|\n|upkeep\n|turn|12\n|\n|t:|1783152639\n|switch|p1a: Alakazam|Alakazam|100/100\n|move|p2a: Exeggutor|Double-Edge|p1a: Alakazam\n|-damage|p1a: Alakazam|60/100\n|-damage|p2a: Exeggutor|71/100 par|[from] Recoil|[of] p1a: Alakazam\n|\n|upkeep\n|turn|13\n|\n|t:|1783152643\n|move|p1a: Alakazam|Recover|p1a: Alakazam\n|-heal|p1a: Alakazam|100/100\n|move|p2a: Exeggutor|Sleep Powder|p1a: Alakazam\n|-status|p1a: Alakazam|slp|[from] move: Sleep Powder\n|\n|upkeep\n|turn|14\n|\n|t:|1783152650\n|cant|p1a: Alakazam|slp\n|move|p2a: Exeggutor|Double-Edge|p1a: Alakazam\n|-damage|p1a: Alakazam|63/100 slp\n|-damage|p2a: Exeggutor|64/100 par|[from] Recoil|[of] p1a: Alakazam\n|\n|upkeep\n|turn|15\n|\n|t:|1783152653\n|cant|p1a: Alakazam|slp\n|cant|p2a: Exeggutor|par\n|\n|upkeep\n|turn|16\n|\n|t:|1783152655\n|-curestatus|p1a: Alakazam|slp|[msg]\n|move|p2a: Exeggutor|Double-Edge|p1a: Alakazam\n|-damage|p1a: Alakazam|24/100\n|-damage|p2a: Exeggutor|56/100 par|[from] Recoil|[of] p1a: Alakazam\n|\n|upkeep\n|turn|17\n|\n|t:|1783152667\n|switch|p1a: Chansey|Chansey|83/100 par\n|cant|p2a: Exeggutor|par\n|\n|upkeep\n|turn|18\n|\n|t:|1783152678\n|move|p2a: Exeggutor|Explosion|p1a: Chansey\n|-damage|p1a: Chansey|0 fnt\n|faint|p1a: Chansey\n|faint|p2a: Exeggutor\n|\n|t:|1783152688\n|switch|p2a: Starmie|Starmie|100/100\n|switch|p1a: Alakazam|Alakazam|24/100\n|turn|19\n|\n|t:|1783152690\n|move|p1a: Alakazam|Thunder Wave|p2a: Starmie\n|-status|p2a: Starmie|par\n|move|p2a: Starmie|Surf|p1a: Alakazam\n|-damage|p1a: Alakazam|0 fnt\n|faint|p1a: Alakazam\n|\n|t:|1783152693\n|switch|p1a: Zapdos|Zapdos|100/100\n|turn|20\n|\n|t:|1783152699\n|switch|p2a: Alakazam|Alakazam|100/100 slp\n|move|p1a: Zapdos|Thunderbolt|p2a: Alakazam\n|-damage|p2a: Alakazam|68/100 slp\n|\n|upkeep\n|turn|21\n|\n|t:|1783152702\n|-curestatus|p2a: Alakazam|slp|[msg]\n|move|p1a: Zapdos|Drill Peck|p2a: Alakazam\n|-damage|p2a: Alakazam|26/100\n|\n|upkeep\n|turn|22\n|\n|t:|1783152707\n|switch|p1a: Lapras|Lapras|100/100\n|move|p2a: Alakazam|Thunder Wave|p1a: Lapras\n|-status|p1a: Lapras|par\n|\n|upkeep\n|turn|23\n|\n|t:|1783152711\n|move|p2a: Alakazam|Recover|p2a: Alakazam\n|-heal|p2a: Alakazam|76/100\n|cant|p1a: Lapras|par\n|\n|upkeep\n|turn|24\n|\n|t:|1783152718\n|switch|p2a: Starmie|Starmie|100/100 par\n|move|p1a: Lapras|Sing|p2a: Starmie|[miss]\n|-miss|p1a: Lapras\n|\n|upkeep\n|turn|25\n|\n|t:|1783152720\n|move|p2a: Starmie|Thunderbolt|p1a: Lapras\n|-supereffective|p1a: Lapras\n|-damage|p1a: Lapras|66/100 par\n|move|p1a: Lapras|Thunderbolt|p2a: Starmie\n|-crit|p2a: Starmie\n|-supereffective|p2a: Starmie\n|-damage|p2a: Starmie|17/100 par\n|\n|upkeep\n|turn|26\n|\n|t:|1783152728\n|cant|p2a: Starmie|par\n|move|p1a: Lapras|Thunderbolt|p2a: Starmie\n|-supereffective|p2a: Starmie\n|-damage|p2a: Starmie|0 fnt\n|faint|p2a: Starmie\n|\n|t:|1783152735\n|switch|p2a: Zapdos|Zapdos|100/100\n|turn|27\n|\n|t:|1783152739\n|move|p2a: Zapdos|Thunderbolt|p1a: Lapras\n|-supereffective|p1a: Lapras\n|-damage|p1a: Lapras|10/100 par\n|move|p1a: Lapras|Sing|p2a: Zapdos|[miss]\n|-miss|p1a: Lapras\n|\n|upkeep\n|turn|28\n|\n|t:|1783152741\n|move|p2a: Zapdos|Thunderbolt|p1a: Lapras\n|-supereffective|p1a: Lapras\n|-damage|p1a: Lapras|0 fnt\n|faint|p1a: Lapras\n|\n|t:|1783152749\n|switch|p1a: Tauros|Tauros|100/100\n|turn|29\n|\n|t:|1783152751\n|move|p1a: Tauros|Body Slam|p2a: Zapdos\n|-damage|p2a: Zapdos|70/100\n|move|p2a: Zapdos|Thunder Wave|p1a: Tauros\n|-status|p1a: Tauros|par\n|\n|upkeep\n|turn|30\n|\n|t:|1783152754\n|move|p2a: Zapdos|Thunderbolt|p1a: Tauros\n|-damage|p1a: Tauros|56/100 par\n|move|p1a: Tauros|Body Slam|p2a: Zapdos\n|-damage|p2a: Zapdos|43/100\n|-status|p2a: Zapdos|par\n|\n|upkeep\n|turn|31\n|\n|t:|1783152757\n|cant|p1a: Tauros|par\n|cant|p2a: Zapdos|par\n|\n|upkeep\n|turn|32\n|\n|t:|1783152759\n|move|p1a: Tauros|Hyper Beam|p2a: Zapdos\n|-crit|p2a: Zapdos\n|-damage|p2a: Zapdos|0 fnt\n|faint|p2a: Zapdos\n|inactive|RoboKyII has 270 seconds left.\n|\n|t:|1783152789\n|switch|p2a: Tauros|Tauros|100/100\n|turn|33\n|\n|t:|1783152793\n|move|p2a: Tauros|Body Slam|p1a: Tauros\n|-damage|p1a: Tauros|27/100 par\n|cant|p1a: Tauros|par\n|\n|upkeep\n|turn|34\n|\n|t:|1783152795\n|move|p2a: Tauros|Body Slam|p1a: Tauros\n|-damage|p1a: Tauros|0 fnt\n|faint|p1a: Tauros\n|\n|t:|1783152796\n|switch|p1a: Zapdos|Zapdos|100/100\n|turn|35\n|\n|t:|1783152800\n|move|p2a: Tauros|Body Slam|p1a: Zapdos\n|-damage|p1a: Zapdos|72/100\n|move|p1a: Zapdos|Thunder Wave|p2a: Tauros\n|-status|p2a: Tauros|par\n|\n|upkeep\n|turn|36\n|\n|t:|1783152804\n|move|p1a: Zapdos|Thunderbolt|p2a: Tauros\n|-damage|p2a: Tauros|53/100 par\n|move|p2a: Tauros|Blizzard|p1a: Zapdos\n|-crit|p1a: Zapdos\n|-supereffective|p1a: Zapdos\n|-damage|p1a: Zapdos|8/100\n|\n|upkeep\n|turn|37\n|\n|t:|1783152807\n|move|p1a: Zapdos|Agility|p1a: Zapdos\n|-boost|p1a: Zapdos|spe|2\n|move|p2a: Tauros|Body Slam|p1a: Zapdos\n|-damage|p1a: Zapdos|0 fnt\n|faint|p1a: Zapdos\n|\n|win|RoboKyII\n|c|☆RoboKyII|gg\n|c|☆stunner047|gg\n","uploadtime":1783152807,"views":"25","formatid":"gen1ou","rating":null,"private":2,"password":null}