{"id":"smogtours-gen1ou-821230","format":"[Gen 1] OU","players":["Amaranth","Serpi n_n"],"log":"|inactive|Battle timer is ON: inactive players will automatically lose when time's up.\n|t:|1740229188\n|gametype|singles\n|player|p1|Amaranth|#amaranth|\n|player|p2|Serpi n_n|#splxviraiders|\n|teamsize|p1|6\n|teamsize|p2|6\n|gen|1\n|tier|[Gen 1] OU\n|rule|Desync Clause Mod: Desyncs changed to move failure.\n|rule|Sleep Clause Mod: Limit one foe put to sleep\n|rule|Freeze Clause Mod: Limit one foe frozen\n|rule|Species Clause: Limit one of each Pokémon\n|rule|OHKO Clause: OHKO moves are banned\n|rule|Evasion Moves Clause: Evasion moves are banned\n|rule|Endless Battle Clause: Forcing endless battles is banned\n|rule|HP Percentage Mod: HP is shown in percentages\n|\n|t:|1740229188\n|start\n|switch|p1a: Gengar|Gengar|100/100\n|switch|p2a: Gengar|Gengar|100/100\n|turn|1\n|c|☆Serpi n_n|hf\n|c|☆Amaranth|glhf\n|inactive|Serpi n_n has 270 seconds left.\n|\n|t:|1740229232\n|switch|p2a: Starmie|Starmie|100/100\n|move|p1a: Gengar|Psychic|p2a: Starmie\n|-resisted|p2a: Starmie\n|-damage|p2a: Starmie|88/100\n|\n|upkeep\n|turn|2\n|inactive|Serpi n_n has 270 seconds left.\n|\n|t:|1740229266\n|switch|p1a: Starmie|Starmie|100/100\n|move|p2a: Starmie|Psychic|p1a: Starmie\n|-crit|p1a: Starmie\n|-resisted|p1a: Starmie\n|-damage|p1a: Starmie|70/100\n|\n|upkeep\n|turn|3\n|inactive|Serpi n_n has 270 seconds left.\n|\n|t:|1740229291\n|move|p2a: Starmie|Thunder Wave|p1a: Starmie\n|-status|p1a: Starmie|par\n|move|p1a: Starmie|Thunderbolt|p2a: Starmie\n|-supereffective|p2a: Starmie\n|-damage|p2a: Starmie|46/100\n|\n|upkeep\n|turn|4\n|inactive|Serpi n_n has 270 seconds left.\n|\n|t:|1740229308\n|move|p2a: Starmie|Recover|p2a: Starmie\n|-heal|p2a: Starmie|96/100\n|move|p1a: Starmie|Thunder Wave|p2a: Starmie\n|-status|p2a: Starmie|par\n|\n|upkeep\n|turn|5\n|inactive|Serpi n_n has 270 seconds left.\n|\n|t:|1740229318\n|switch|p2a: Gengar|Gengar|100/100\n|cant|p1a: Starmie|par\n|\n|upkeep\n|turn|6\n|inactive|Serpi n_n has 270 seconds left.\n|\n|t:|1740229330\n|switch|p1a: Exeggutor|Exeggutor|100/100\n|move|p2a: Gengar|Hypnosis|p1a: Exeggutor|[miss]\n|-miss|p2a: Gengar\n|\n|upkeep\n|turn|7\n|inactive|Serpi n_n has 270 seconds left.\n|\n|t:|1740229359\n|move|p2a: Gengar|Hypnosis|p1a: Exeggutor\n|-status|p1a: Exeggutor|slp|[from] move: Hypnosis\n|cant|p1a: Exeggutor|slp\n|\n|upkeep\n|turn|8\n|inactive|Serpi n_n has 270 seconds left.\n|\n|t:|1740229377\n|switch|p1a: Gengar|Gengar|100/100\n|move|p2a: Gengar|Night Shade|p1a: Gengar\n|-damage|p1a: Gengar|70/100\n|\n|upkeep\n|turn|9\n|inactive|Serpi n_n has 270 seconds left.\n|\n|t:|1740229387\n|switch|p2a: Starmie|Starmie|96/100 par\n|move|p1a: Gengar|Hypnosis|p2a: Starmie|[miss]\n|-miss|p1a: Gengar\n|\n|upkeep\n|turn|10\n|inactive|Serpi n_n has 270 seconds left.\n|\n|t:|1740229406\n|move|p1a: Gengar|Thunderbolt|p2a: Starmie\n|-supereffective|p2a: Starmie\n|-damage|p2a: Starmie|38/100 par\n|cant|p2a: Starmie|par\n|\n|upkeep\n|turn|11\n|inactive|Serpi n_n has 270 seconds left.\n|\n|t:|1740229440\n|switch|p2a: Gengar|Gengar|100/100\n|move|p1a: Gengar|Thunderbolt|p2a: Gengar\n|-damage|p2a: Gengar|77/100\n|\n|upkeep\n|turn|12\n|inactive|Serpi n_n has 240 seconds left.\n|\n|t:|1740229456\n|switch|p2a: Exeggutor|Exeggutor|100/100\n|move|p1a: Gengar|Psychic|p2a: Exeggutor\n|-crit|p2a: Exeggutor\n|-resisted|p2a: Exeggutor\n|-damage|p2a: Exeggutor|84/100\n|\n|upkeep\n|turn|13\n|inactive|Serpi n_n has 240 seconds left.\n|\n|t:|1740229466\n|move|p1a: Gengar|Hypnosis|p2a: Exeggutor|[miss]\n|-miss|p1a: Gengar\n|move|p2a: Exeggutor|Stun Spore|p1a: Gengar\n|-status|p1a: Gengar|par\n|\n|upkeep\n|turn|14\n|inactive|Serpi n_n has 240 seconds left.\n|inactive|Amaranth has 270 seconds left.\n|inactive|Serpi n_n has 210 seconds left.\n|\n|t:|1740229530\n|switch|p2a: Starmie|Starmie|38/100 par\n|switch|p1a: Starmie|Starmie|70/100 par\n|\n|upkeep\n|turn|15\n|\n|t:|1740229551\n|switch|p2a: Gengar|Gengar|77/100\n|move|p1a: Starmie|Thunderbolt|p2a: Gengar\n|-damage|p2a: Gengar|59/100\n|\n|upkeep\n|turn|16\n|inactive|Serpi n_n has 180 seconds left.\n|\n|t:|1740229568\n|switch|p1a: Rhydon|Rhydon|100/100\n|move|p2a: Gengar|Thunderbolt|p1a: Rhydon\n|-immune|p1a: Rhydon\n|\n|upkeep\n|turn|17\n|inactive|Serpi n_n has 180 seconds left.\n|\n|t:|1740229597\n|switch|p2a: Exeggutor|Exeggutor|84/100\n|move|p1a: Rhydon|Earthquake|p2a: Exeggutor\n|-resisted|p2a: Exeggutor\n|-damage|p2a: Exeggutor|66/100\n|\n|upkeep\n|turn|18\n|inactive|Amaranth has 270 seconds left.\n|\n|t:|1740229614\n|switch|p1a: Exeggutor|Exeggutor|100/100 slp\n|move|p2a: Exeggutor|Psychic|p1a: Exeggutor\n|-resisted|p1a: Exeggutor\n|-damage|p1a: Exeggutor|87/100 slp\n|-unboost|p1a: Exeggutor|spa|1\n|-unboost|p1a: Exeggutor|spd|1\n|\n|upkeep\n|turn|19\n|\n|t:|1740229633\n|switch|p1a: Starmie|Starmie|70/100 par\n|move|p2a: Exeggutor|Psychic|p1a: Starmie\n|-resisted|p1a: Starmie\n|-damage|p1a: Starmie|51/100 par\n|-unboost|p1a: Starmie|spa|1\n|-unboost|p1a: Starmie|spd|1\n|\n|upkeep\n|turn|20\n|\n|t:|1740229643\n|switch|p1a: Exeggutor|Exeggutor|87/100 slp\n|move|p2a: Exeggutor|Psychic|p1a: Exeggutor\n|-resisted|p1a: Exeggutor\n|-damage|p1a: Exeggutor|74/100 slp\n|-unboost|p1a: Exeggutor|spa|1\n|-unboost|p1a: Exeggutor|spd|1\n|\n|upkeep\n|turn|21\n|\n|t:|1740229665\n|move|p2a: Exeggutor|Psychic|p1a: Exeggutor\n|-resisted|p1a: Exeggutor\n|-damage|p1a: Exeggutor|53/100 slp\n|cant|p1a: Exeggutor|slp\n|\n|upkeep\n|turn|22\n|\n|t:|1740229668\n|move|p2a: Exeggutor|Psychic|p1a: Exeggutor\n|-resisted|p1a: Exeggutor\n|-damage|p1a: Exeggutor|33/100 slp\n|cant|p1a: Exeggutor|slp\n|\n|upkeep\n|turn|23\n|\n|t:|1740229672\n|switch|p1a: Starmie|Starmie|51/100 par\n|move|p2a: Exeggutor|Psychic|p1a: Starmie\n|-resisted|p1a: Starmie\n|-damage|p1a: Starmie|31/100 par\n|\n|upkeep\n|turn|24\n|inactive|Serpi n_n has 180 seconds left.\n|\n|t:|1740229682\n|switch|p2a: Snorlax|Snorlax|100/100\n|cant|p1a: Starmie|par\n|\n|upkeep\n|turn|25\n|inactive|Serpi n_n has 180 seconds left.\n|inactive|Amaranth has 270 seconds left.\n|\n|t:|1740229720\n|switch|p1a: Gengar|Gengar|70/100 par\n|move|p2a: Snorlax|Body Slam|p1a: Gengar\n|-immune|p1a: Gengar\n|\n|upkeep\n|turn|26\n|inactive|Amaranth has 270 seconds left.\n|\n|t:|1740229731\n|move|p2a: Snorlax|Earthquake|p1a: Gengar\n|-supereffective|p1a: Gengar\n|-damage|p1a: Gengar|0 fnt\n|faint|p1a: Gengar\n|\n|t:|1740229741\n|switch|p1a: Cloyster|Cloyster|100/100\n|turn|27\n|inactive|Serpi n_n has 180 seconds left.\n|\n|t:|1740229776\n|switch|p2a: Gengar|Gengar|59/100\n|move|p1a: Cloyster|Blizzard|p2a: Gengar\n|-damage|p2a: Gengar|26/100\n|\n|upkeep\n|turn|28\n|\n|t:|1740229781\n|switch|p1a: Rhydon|Rhydon|100/100\n|move|p2a: Gengar|Night Shade|p1a: Rhydon\n|-damage|p1a: Rhydon|76/100\n|\n|upkeep\n|turn|29\n|inactive|Serpi n_n has 180 seconds left.\n|inactive|Serpi n_n has 150 seconds left.\n|\n|t:|1740229838\n|switch|p2a: Exeggutor|Exeggutor|66/100\n|move|p1a: Rhydon|Earthquake|p2a: Exeggutor\n|-resisted|p2a: Exeggutor\n|-damage|p2a: Exeggutor|46/100\n|\n|upkeep\n|turn|30\n|inactive|Amaranth has 270 seconds left.\n|inactive|Serpi n_n has 120 seconds left.\n|\n|t:|1740229878\n|switch|p1a: Cloyster|Cloyster|100/100\n|move|p2a: Exeggutor|Psychic|p1a: Cloyster\n|-damage|p1a: Cloyster|57/100\n|\n|upkeep\n|turn|31\n|inactive|Serpi n_n has 120 seconds left.\n|\n|t:|1740229909\n|switch|p2a: Starmie|Starmie|38/100 par\n|move|p1a: Cloyster|Blizzard|p2a: Starmie\n|-resisted|p2a: Starmie\n|-damage|p2a: Starmie|18/100 par\n|\n|upkeep\n|turn|32\n|\n|t:|1740229914\n|move|p1a: Cloyster|Blizzard|p2a: Starmie|[miss]\n|-miss|p1a: Cloyster\n|move|p2a: Starmie|Psychic|p1a: Cloyster\n|-crit|p1a: Cloyster\n|-damage|p1a: Cloyster|0 fnt\n|faint|p1a: Cloyster\n|inactive|Amaranth has 270 seconds left.\n|\n|t:|1740229934\n|switch|p1a: Tauros|Tauros|100/100\n|turn|33\n|\n|t:|1740229938\n|move|p1a: Tauros|Body Slam|p2a: Starmie\n|-damage|p2a: Starmie|0 fnt\n|faint|p2a: Starmie\n|inactive|Serpi n_n has 120 seconds left.\n|\n|t:|1740229952\n|switch|p2a: Snorlax|Snorlax|100/100\n|turn|34\n|inactive|Amaranth has 270 seconds left.\n|inactive|Serpi n_n has 120 seconds left.\n|\n|t:|1740229978\n|switch|p1a: Rhydon|Rhydon|76/100\n|move|p2a: Snorlax|Body Slam|p1a: Rhydon\n|-crit|p1a: Rhydon\n|-resisted|p1a: Rhydon\n|-damage|p1a: Rhydon|55/100\n|\n|upkeep\n|turn|35\n|inactive|Serpi n_n has 120 seconds left.\n|\n|t:|1740229992\n|switch|p2a: Exeggutor|Exeggutor|46/100\n|move|p1a: Rhydon|Earthquake|p2a: Exeggutor\n|-resisted|p2a: Exeggutor\n|-damage|p2a: Exeggutor|26/100\n|\n|upkeep\n|turn|36\n|inactive|Serpi n_n has 120 seconds left.\n|\n|t:|1740230002\n|switch|p1a: Exeggutor|Exeggutor|33/100 slp\n|move|p2a: Exeggutor|Psychic|p1a: Exeggutor\n|-resisted|p1a: Exeggutor\n|-damage|p1a: Exeggutor|19/100 slp\n|\n|upkeep\n|turn|37\n|inactive|Serpi n_n has 120 seconds left.\n|\n|t:|1740230012\n|switch|p2a: Tauros|Tauros|100/100\n|-curestatus|p1a: Exeggutor|slp|[msg]\n|\n|upkeep\n|turn|38\n|\n|t:|1740230016\n|switch|p1a: Starmie|Starmie|31/100 par\n|move|p2a: Tauros|Body Slam|p1a: Starmie\n|-crit|p1a: Starmie\n|-damage|p1a: Starmie|0 fnt\n|faint|p1a: Starmie\n|\n|t:|1740230018\n|switch|p1a: Tauros|Tauros|100/100\n|turn|39\n|inactive|Serpi n_n has 120 seconds left.\n|\n|t:|1740230046\n|move|p2a: Tauros|Body Slam|p1a: Tauros\n|-damage|p1a: Tauros|74/100\n|move|p1a: Tauros|Blizzard|p2a: Tauros\n|-crit|p2a: Tauros\n|-damage|p2a: Tauros|52/100\n|-status|p2a: Tauros|frz\n|\n|upkeep\n|turn|40\n|\n|t:|1740230060\n|cant|p2a: Tauros|frz\n|move|p1a: Tauros|Body Slam|p2a: Tauros\n|-crit|p2a: Tauros\n|-damage|p2a: Tauros|0 fnt\n|faint|p2a: Tauros\n|inactive|Serpi n_n has 120 seconds left.\n|\n|t:|1740230073\n|switch|p2a: Snorlax|Snorlax|100/100\n|turn|41\n|inactive|Serpi n_n has 120 seconds left.\n|inactive|Serpi n_n has 90 seconds left.\n|\n|t:|1740230123\n|switch|p1a: Rhydon|Rhydon|55/100\n|move|p2a: Snorlax|Self-Destruct|p1a: Rhydon\n|-resisted|p1a: Rhydon\n|-damage|p1a: Rhydon|21/100\n|faint|p2a: Snorlax\n|inactive|Serpi n_n has 60 seconds left.\n|\n|t:|1740230159\n|switch|p2a: Exeggutor|Exeggutor|26/100\n|turn|42\n|\n|t:|1740230162\n|switch|p1a: Exeggutor|Exeggutor|19/100\n|move|p2a: Exeggutor|Sleep Powder|p1a: Exeggutor\n|-status|p1a: Exeggutor|slp|[from] move: Sleep Powder\n|\n|upkeep\n|turn|43\n|inactive|Serpi n_n has 60 seconds left.\n|\n|t:|1740230179\n|switch|p2a: Zapdos|Zapdos|100/100\n|cant|p1a: Exeggutor|slp\n|\n|upkeep\n|turn|44\n|inactive|Serpi n_n has 60 seconds left.\n|\n|t:|1740230191\n|switch|p1a: Rhydon|Rhydon|21/100\n|move|p2a: Zapdos|Drill Peck|p1a: Rhydon\n|-resisted|p1a: Rhydon\n|-damage|p1a: Rhydon|12/100\n|\n|upkeep\n|turn|45\n|inactive|Serpi n_n has 60 seconds left.\n|\n|t:|1740230216\n|switch|p2a: Exeggutor|Exeggutor|26/100\n|move|p1a: Rhydon|Rest|p1a: Rhydon\n|-status|p1a: Rhydon|slp|[from] move: Rest\n|-heal|p1a: Rhydon|100/100 slp|[silent]\n|\n|upkeep\n|turn|46\n|\n|t:|1740230244\n|switch|p1a: Tauros|Tauros|74/100\n|move|p2a: Exeggutor|Psychic|p1a: Tauros\n|-damage|p1a: Tauros|30/100\n|\n|upkeep\n|turn|47\n|inactive|Serpi n_n has 30 seconds left.\n|\n|t:|1740230268\n|switch|p2a: Gengar|Gengar|26/100\n|move|p1a: Tauros|Blizzard|p2a: Gengar|[miss]\n|-miss|p1a: Tauros\n|\n|upkeep\n|turn|48\n|inactive|Serpi n_n has 30 seconds left.\n|rated|Smogon Premier League\n|inactive|Serpi n_n has 20 seconds left.\n|inactive|Serpi n_n has 15 seconds left.\n|inactive|Amaranth has 270 seconds left.\n|inactive|Serpi n_n has 10 seconds left.\n|\n|t:|1740230305\n|switch|p1a: Rhydon|Rhydon|100/100 slp\n|switch|p2a: Exeggutor|Exeggutor|26/100\n|\n|upkeep\n|turn|49\n|inactive|Serpi n_n has 20 seconds left this turn.\n|inactive|Amaranth has 270 seconds left.\n|inactive|Serpi n_n has 15 seconds left.\n|\n|t:|1740230312\n|switch|p1a: Exeggutor|Exeggutor|19/100 slp\n|move|p2a: Exeggutor|Psychic|p1a: Exeggutor\n|-resisted|p1a: Exeggutor\n|-damage|p1a: Exeggutor|6/100 slp\n|\n|upkeep\n|turn|50\n|inactive|Serpi n_n has 25 seconds left this turn.\n|\n|t:|1740230317\n|move|p2a: Exeggutor|Psychic|p1a: Exeggutor\n|-resisted|p1a: Exeggutor\n|-damage|p1a: Exeggutor|0 fnt\n|faint|p1a: Exeggutor\n|inactive|Serpi n_n has 30 seconds left this turn.\n|\n|t:|1740230319\n|switch|p1a: Tauros|Tauros|30/100\n|turn|51\n|inactive|Serpi n_n has 30 seconds left.\n|\n|t:|1740230336\n|switch|p2a: Zapdos|Zapdos|100/100\n|move|p1a: Tauros|Blizzard|p2a: Zapdos\n|-supereffective|p2a: Zapdos\n|-damage|p2a: Zapdos|66/100\n|\n|upkeep\n|turn|52\n|inactive|Serpi n_n has 30 seconds left.\n|\n|t:|1740230346\n|switch|p1a: Rhydon|Rhydon|100/100 slp\n|move|p2a: Zapdos|Thunderbolt|p1a: Rhydon\n|-immune|p1a: Rhydon\n|\n|upkeep\n|turn|53\n|inactive|Serpi n_n has 30 seconds left.\n|inactive|Serpi n_n has 20 seconds left.\n|inactive|Amaranth has 270 seconds left.\n|\n|t:|1740230382\n|switch|p2a: Exeggutor|Exeggutor|26/100\n|cant|p1a: Rhydon|slp\n|\n|upkeep\n|turn|54\n|inactive|Serpi n_n has 30 seconds left this turn.\n|\n|t:|1740230386\n|move|p2a: Exeggutor|Psychic|p1a: Rhydon\n|-damage|p1a: Rhydon|55/100 slp\n|-curestatus|p1a: Rhydon|slp|[msg]\n|\n|upkeep\n|turn|55\n|inactive|Serpi n_n has 30 seconds left.\n|inactive|Serpi n_n has 20 seconds left.\n|\n|t:|1740230408\n|move|p2a: Exeggutor|Psychic|p1a: Rhydon\n|-damage|p1a: Rhydon|10/100\n|-unboost|p1a: Rhydon|spa|1\n|-unboost|p1a: Rhydon|spd|1\n|move|p1a: Rhydon|Body Slam|p2a: Exeggutor\n|-damage|p2a: Exeggutor|2/100\n|\n|upkeep\n|turn|56\n|inactive|Serpi n_n has 30 seconds left this turn.\n|\n|t:|1740230414\n|move|p2a: Exeggutor|Psychic|p1a: Rhydon\n|-damage|p1a: Rhydon|0 fnt\n|faint|p1a: Rhydon\n|inactive|Serpi n_n has 30 seconds left this turn.\n|\n|t:|1740230415\n|switch|p1a: Tauros|Tauros|30/100\n|turn|57\n|\n|t:|1740230418\n|move|p1a: Tauros|Body Slam|p2a: Exeggutor\n|-damage|p2a: Exeggutor|0 fnt\n|faint|p2a: Exeggutor\n|inactive|Serpi n_n has 30 seconds left.\n|\n|t:|1740230434\n|switch|p2a: Gengar|Gengar|26/100\n|turn|58\n|\n|t:|1740230451\n|move|p1a: Tauros|Blizzard|p2a: Gengar\n|-damage|p2a: Gengar|6/100\n|move|p2a: Gengar|Explosion|p1a: Tauros\n|-damage|p1a: Tauros|0 fnt\n|faint|p1a: Tauros\n|faint|p2a: Gengar\n|\n|win|Serpi n_n\n|c|☆Serpi n_n|gg\n|c|☆Amaranth|yeah man\n|c|☆Amaranth|gg\n","uploadtime":1740230451,"views":"2517","formatid":"gen1ou","rating":null,"private":0,"password":null}