{"id":"smogtours-gen1ou-950352","format":"[Gen 1] OU","players":["stunner047","big will 2024"],"log":"|inactive|Battle timer is ON: inactive players will automatically lose when time's up.\n|t:|1782509295\n|gametype|singles\n|player|p1|stunner047|#rbypliiidingdangdewgongs|\n|player|p2|big will 2024|morty-gen2|\n|gen|1\n|tier|[Gen 1] OU\n|rule|Desync Clause Mod: Desyncs changed to move failure.\n|rule|HP Percentage Mod: HP is shown in percentages\n|rule|Endless Battle Clause: Forcing endless battles is banned\n|rule|Sleep Clause Mod: Limit one foe put to sleep\n|rule|Freeze Clause Mod: Limit one foe frozen\n|rule|Species Clause: Limit one of each Pokémon\n|rule|OHKO Clause: OHKO moves are banned\n|rule|Evasion Moves Clause: Evasion moves are banned\n|\n|t:|1782509295\n|teamsize|p1|6\n|teamsize|p2|6\n|start\n|switch|p1a: Gengar|Gengar|100/100\n|switch|p2a: crime pays|Gengar|100/100\n|turn|1\n|inactive|big will 2024 also wants the timer to be on.\n|c|☆stunner047|gl hf\n|c|☆big will 2024|u2\n|\n|t:|1782509318\n|move|p1a: Gengar|Hypnosis|p2a: crime pays\n|-status|p2a: crime pays|slp|[from] move: Hypnosis\n|cant|p2a: crime pays|slp\n|\n|upkeep\n|turn|2\n|\n|t:|1782509339\n|switch|p2a: palmolive|Exeggutor|100/100\n|move|p1a: Gengar|Night Shade|p2a: palmolive\n|-damage|p2a: palmolive|75/100\n|\n|upkeep\n|turn|3\n|\n|t:|1782509344\n|move|p1a: Gengar|Night Shade|p2a: palmolive\n|-damage|p2a: palmolive|50/100\n|move|p2a: palmolive|Psychic|p1a: Gengar\n|-supereffective|p1a: Gengar\n|-damage|p1a: Gengar|36/100\n|\n|upkeep\n|turn|4\n|\n|t:|1782509348\n|switch|p2a: crime pays|Gengar|100/100 slp\n|move|p1a: Gengar|Night Shade|p2a: crime pays\n|-damage|p2a: crime pays|70/100 slp\n|\n|upkeep\n|turn|5\n|\n|t:|1782509360\n|switch|p2a: cararacts|Chansey|100/100\n|move|p1a: Gengar|Night Shade|p2a: cararacts\n|-damage|p2a: cararacts|86/100\n|\n|upkeep\n|turn|6\n|\n|t:|1782509368\n|switch|p2a: crime pays|Gengar|70/100 slp\n|move|p1a: Gengar|Explosion|p2a: crime pays\n|-immune|p2a: crime pays\n|faint|p1a: Gengar\n|\n|t:|1782509382\n|switch|p1a: Tauros|Tauros|100/100\n|turn|7\n|inactive|big will 2024 has 270 seconds left.\n|\n|t:|1782509432\n|cant|p2a: crime pays|slp\n|move|p1a: Tauros|Earthquake|p2a: crime pays\n|-supereffective|p2a: crime pays\n|-damage|p2a: crime pays|3/100 slp\n|\n|upkeep\n|turn|8\n|\n|t:|1782509438\n|switch|p2a: flat tummy tea|Starmie|100/100\n|move|p1a: Tauros|Earthquake|p2a: flat tummy tea\n|-damage|p2a: flat tummy tea|74/100\n|\n|upkeep\n|turn|9\n|\n|t:|1782509446\n|switch|p2a: cararacts|Chansey|86/100\n|switch|p1a: Chansey|Chansey|100/100\n|\n|upkeep\n|turn|10\n|\n|t:|1782509450\n|move|p1a: Chansey|Ice Beam|p2a: cararacts\n|-damage|p2a: cararacts|75/100\n|move|p2a: cararacts|Sing|p1a: Chansey\n|-status|p1a: Chansey|slp|[from] move: Sing\n|\n|upkeep\n|turn|11\n|inactive|big will 2024 has 270 seconds left.\n|\n|t:|1782509462\n|move|p2a: cararacts|Seismic Toss|p1a: Chansey\n|-damage|p1a: Chansey|86/100 slp\n|cant|p1a: Chansey|slp\n|\n|upkeep\n|turn|12\n|\n|t:|1782509464\n|switch|p2a: Scottie Barnes|Snorlax|100/100\n|cant|p1a: Chansey|slp\n|\n|upkeep\n|turn|13\n|\n|t:|1782509469\n|switch|p1a: Snorlax|Snorlax|100/100\n|move|p2a: Scottie Barnes|Body Slam|p1a: Snorlax\n|-damage|p1a: Snorlax|75/100\n|\n|upkeep\n|turn|14\n|\n|t:|1782509472\n|move|p1a: Snorlax|Body Slam|p2a: Scottie Barnes\n|-damage|p2a: Scottie Barnes|74/100\n|move|p2a: Scottie Barnes|Reflect|p2a: Scottie Barnes\n|-start|p2a: Scottie Barnes|Reflect\n|\n|upkeep\n|turn|15\n|\n|t:|1782509475\n|move|p2a: Scottie Barnes|Body Slam|p1a: Snorlax\n|-damage|p1a: Snorlax|47/100\n|move|p1a: Snorlax|Body Slam|p2a: Scottie Barnes\n|-damage|p2a: Scottie Barnes|61/100\n|\n|upkeep\n|turn|16\n|\n|t:|1782509481\n|move|p2a: Scottie Barnes|Hyper Beam|p1a: Snorlax\n|-damage|p1a: Snorlax|0 fnt\n|faint|p1a: Snorlax\n|\n|t:|1782509484\n|switch|p1a: Articuno|Articuno|100/100\n|turn|17\n|\n|t:|1782509510\n|switch|p2a: cararacts|Chansey|75/100\n|move|p1a: Articuno|Blizzard|p2a: cararacts\n|-damage|p2a: cararacts|53/100\n|\n|upkeep\n|turn|18\n|\n|t:|1782509531\n|move|p1a: Articuno|Double-Edge|p2a: cararacts\n|-damage|p2a: cararacts|27/100\n|-damage|p1a: Articuno|88/100|[from] Recoil|[of] p2a: cararacts\n|move|p2a: cararacts|Soft-Boiled|p2a: cararacts\n|-heal|p2a: cararacts|77/100\n|\n|upkeep\n|turn|19\n|\n|t:|1782509536\n|move|p1a: Articuno|Blizzard|p2a: cararacts\n|-damage|p2a: cararacts|54/100\n|move|p2a: cararacts|Thunder Wave|p1a: Articuno\n|-status|p1a: Articuno|par\n|\n|upkeep\n|turn|20\n|\n|t:|1782509540\n|move|p2a: cararacts|Soft-Boiled|p2a: cararacts\n|-heal|p2a: cararacts|100/100\n|cant|p1a: Articuno|par\n|\n|upkeep\n|turn|21\n|\n|t:|1782509542\n|move|p2a: cararacts|Seismic Toss|p1a: Articuno\n|-damage|p1a: Articuno|62/100 par\n|move|p1a: Articuno|Agility|p1a: Articuno\n|-boost|p1a: Articuno|spe|2\n|\n|upkeep\n|turn|22\n|\n|t:|1782509545\n|move|p1a: Articuno|Blizzard|p2a: cararacts\n|-damage|p2a: cararacts|78/100\n|move|p2a: cararacts|Seismic Toss|p1a: Articuno\n|-damage|p1a: Articuno|36/100 par\n|\n|upkeep\n|turn|23\n|\n|t:|1782509553\n|move|p1a: Articuno|Blizzard|p2a: cararacts\n|-damage|p2a: cararacts|53/100\n|move|p2a: cararacts|Soft-Boiled|p2a: cararacts\n|-heal|p2a: cararacts|100/100\n|\n|upkeep\n|turn|24\n|\n|t:|1782509556\n|move|p1a: Articuno|Blizzard|p2a: cararacts|[miss]\n|-miss|p1a: Articuno\n|move|p2a: cararacts|Seismic Toss|p1a: Articuno\n|-damage|p1a: Articuno|10/100 par\n|\n|upkeep\n|turn|25\n|\n|t:|1782509559\n|move|p1a: Articuno|Double-Edge|p2a: cararacts\n|-damage|p2a: cararacts|73/100\n|-damage|p1a: Articuno|0 fnt|[from] Recoil|[of] p2a: cararacts\n|faint|p1a: Articuno\n|\n|t:|1782509565\n|switch|p1a: Tauros|Tauros|100/100\n|turn|26\n|\n|t:|1782509592\n|move|p1a: Tauros|Hyper Beam|p2a: cararacts\n|-crit|p2a: cararacts\n|-damage|p2a: cararacts|0 fnt\n|faint|p2a: cararacts\n|inactive|big will 2024 has 270 seconds left.\n|\n|t:|1782509626\n|switch|p2a: flat tummy tea|Starmie|74/100\n|turn|27\n|inactive|big will 2024 has 240 seconds left.\n|\n|t:|1782509658\n|switch|p2a: Scottie Barnes|Snorlax|61/100\n|switch|p1a: Chansey|Chansey|86/100 slp\n|\n|upkeep\n|turn|28\n|\n|t:|1782509663\n|cant|p1a: Chansey|slp\n|move|p2a: Scottie Barnes|Body Slam|p1a: Chansey\n|-damage|p1a: Chansey|44/100 slp\n|\n|upkeep\n|turn|29\n|\n|t:|1782509667\n|switch|p1a: Tauros|Tauros|100/100\n|move|p2a: Scottie Barnes|Body Slam|p1a: Tauros\n|-damage|p1a: Tauros|69/100\n|\n|upkeep\n|turn|30\n|\n|t:|1782509669\n|move|p1a: Tauros|Body Slam|p2a: Scottie Barnes\n|-damage|p2a: Scottie Barnes|35/100\n|move|p2a: Scottie Barnes|Hyper Beam|p1a: Tauros\n|-crit|p1a: Tauros\n|-damage|p1a: Tauros|0 fnt\n|faint|p1a: Tauros\n|\n|t:|1782509673\n|switch|p1a: Zapdos|Zapdos|100/100\n|turn|31\n|\n|t:|1782509677\n|move|p1a: Zapdos|Thunderbolt|p2a: Scottie Barnes\n|-crit|p2a: Scottie Barnes\n|-damage|p2a: Scottie Barnes|0 fnt\n|faint|p2a: Scottie Barnes\n|\n|t:|1782509682\n|switch|p2a: giannis|Tauros|100/100\n|turn|32\n|\n|t:|1782509686\n|move|p2a: giannis|Body Slam|p1a: Zapdos\n|-crit|p1a: Zapdos\n|-damage|p1a: Zapdos|43/100\n|move|p1a: Zapdos|Thunder Wave|p2a: giannis\n|-status|p2a: giannis|par\n|\n|upkeep\n|turn|33\n|\n|t:|1782509691\n|move|p1a: Zapdos|Thunderbolt|p2a: giannis\n|-crit|p2a: giannis\n|-damage|p2a: giannis|4/100 par\n|cant|p2a: giannis|par\n|\n|upkeep\n|turn|34\n|inactive|big will 2024 has 270 seconds left.\n|inactive|big will 2024 has 240 seconds left.\n|\n|t:|1782509758\n|move|p1a: Zapdos|Agility|p1a: Zapdos\n|-boost|p1a: Zapdos|spe|2\n|move|p2a: giannis|Hyper Beam|p1a: Zapdos\n|-damage|p1a: Zapdos|0 fnt\n|faint|p1a: Zapdos\n|\n|t:|1782509761\n|switch|p1a: Chansey|Chansey|44/100 slp\n|turn|35\n|\n|t:|1782509764\n|cant|p1a: Chansey|slp\n|move|p2a: giannis|Hyper Beam|p1a: Chansey\n|-crit|p1a: Chansey\n|-damage|p1a: Chansey|0 fnt\n|faint|p1a: Chansey\n|\n|win|big will 2024\n|c|☆stunner047|gg\n|c|☆big will 2024|gg\n|c|☆stunner047|/log stunner047 made the replay of this battle unlisted.\n","uploadtime":1782509764,"views":"40","formatid":"gen1ou","rating":null,"private":2,"password":null}