{"id":"smogtours-gen1ou-814851","format":"[Gen 1] OU","players":["Amaranth","chuva de perereca"],"log":"|inactive|Battle timer is ON: inactive players will automatically lose when time's up.\n|t:|1737281567\n|gametype|singles\n|player|p1|Amaranth|#amaranth|\n|player|p2|chuva de perereca|lyra|\n|teamsize|p1|6\n|teamsize|p2|6\n|gen|1\n|tier|[Gen 1] OU\n|rule|Desync Clause Mod: Desyncs changed to move failure.\n|rule|Sleep Clause Mod: Limit one foe put to sleep\n|rule|Freeze Clause Mod: Limit one foe frozen\n|rule|Species Clause: Limit one of each Pokémon\n|rule|OHKO Clause: OHKO moves are banned\n|rule|Evasion Moves Clause: Evasion moves are banned\n|rule|Endless Battle Clause: Forcing endless battles is banned\n|rule|HP Percentage Mod: HP is shown in percentages\n|\n|t:|1737281567\n|start\n|switch|p1a: Jynx|Jynx|100/100\n|switch|p2a: Gengar|Gengar|100/100\n|turn|1\n|c|☆chuva de perereca|hf\n|c|☆Amaranth|hf\n|rated|Smogon Premier League\n|\n|t:|1737281578\n|move|p2a: Gengar|Explosion|p1a: Jynx\n|-damage|p1a: Jynx|0 fnt\n|faint|p1a: Jynx\n|faint|p2a: Gengar\n|\n|t:|1737281602\n|switch|p2a: Exeggutor|Exeggutor|100/100\n|switch|p1a: Exeggutor|Exeggutor|100/100\n|turn|2\n|\n|t:|1737281610\n|move|p1a: Exeggutor|Sleep Powder|p2a: Exeggutor\n|-status|p2a: Exeggutor|slp|[from] move: Sleep Powder\n|cant|p2a: Exeggutor|slp\n|\n|upkeep\n|turn|3\n|\n|t:|1737281618\n|switch|p1a: Chansey|Chansey|100/100\n|cant|p2a: Exeggutor|slp\n|\n|upkeep\n|turn|4\n|\n|t:|1737281622\n|switch|p2a: Chansey|Chansey|100/100\n|move|p1a: Chansey|Ice Beam|p2a: Chansey\n|-damage|p2a: Chansey|90/100\n|\n|upkeep\n|turn|5\n|\n|t:|1737281631\n|move|p1a: Chansey|Ice Beam|p2a: Chansey\n|-damage|p2a: Chansey|79/100\n|move|p2a: Chansey|Sing|p1a: Chansey\n|-status|p1a: Chansey|slp|[from] move: Sing\n|\n|upkeep\n|turn|6\n|\n|t:|1737281641\n|switch|p2a: Tauros|Tauros|100/100\n|cant|p1a: Chansey|slp\n|\n|upkeep\n|turn|7\n|\n|t:|1737281649\n|switch|p1a: Snorlax|Snorlax|100/100\n|move|p2a: Tauros|Body Slam|p1a: Snorlax\n|-crit|p1a: Snorlax\n|-damage|p1a: Snorlax|52/100\n|\n|upkeep\n|turn|8\n|\n|t:|1737281656\n|move|p2a: Tauros|Body Slam|p1a: Snorlax\n|-damage|p1a: Snorlax|27/100\n|move|p1a: Snorlax|Counter|p2a: Tauros\n|-damage|p2a: Tauros|26/100\n|\n|upkeep\n|turn|9\n|\n|t:|1737281664\n|switch|p1a: Starmie|Starmie|100/100\n|move|p2a: Tauros|Body Slam|p1a: Starmie\n|-crit|p1a: Starmie\n|-damage|p1a: Starmie|35/100\n|-status|p1a: Starmie|par\n|\n|upkeep\n|turn|10\n|inactive|Amaranth has 270 seconds left.\n|\n|t:|1737281700\n|move|p2a: Tauros|Thunderbolt|p1a: Starmie\n|-supereffective|p1a: Starmie\n|-damage|p1a: Starmie|0 fnt\n|faint|p1a: Starmie\n|\n|t:|1737281706\n|switch|p1a: Tauros|Tauros|100/100\n|turn|11\n|\n|t:|1737281714\n|switch|p2a: Snorlax|Snorlax|100/100\n|move|p1a: Tauros|Body Slam|p2a: Snorlax\n|-damage|p2a: Snorlax|77/100\n|\n|upkeep\n|turn|12\n|\n|t:|1737281720\n|switch|p1a: Exeggutor|Exeggutor|100/100\n|move|p2a: Snorlax|Body Slam|p1a: Exeggutor\n|-damage|p1a: Exeggutor|72/100\n|\n|upkeep\n|turn|13\n|\n|t:|1737281730\n|switch|p2a: Exeggutor|Exeggutor|100/100 slp\n|move|p1a: Exeggutor|Stun Spore|p2a: Exeggutor\n|-fail|p2a: Exeggutor\n|\n|upkeep\n|turn|14\n|\n|t:|1737281735\n|switch|p1a: Tauros|Tauros|100/100\n|switch|p2a: Chansey|Chansey|79/100\n|\n|upkeep\n|turn|15\n|\n|t:|1737281740\n|switch|p1a: Snorlax|Snorlax|27/100\n|move|p2a: Chansey|Seismic Toss|p1a: Snorlax\n|-damage|p1a: Snorlax|8/100\n|\n|upkeep\n|turn|16\n|\n|t:|1737281757\n|switch|p1a: Chansey|Chansey|100/100 slp\n|move|p2a: Chansey|Seismic Toss|p1a: Chansey\n|-damage|p1a: Chansey|86/100 slp\n|\n|upkeep\n|turn|17\n|\n|t:|1737281761\n|move|p2a: Chansey|Seismic Toss|p1a: Chansey\n|-damage|p1a: Chansey|72/100 slp\n|cant|p1a: Chansey|slp\n|\n|upkeep\n|turn|18\n|\n|t:|1737281763\n|move|p2a: Chansey|Seismic Toss|p1a: Chansey\n|-damage|p1a: Chansey|58/100 slp\n|cant|p1a: Chansey|slp\n|\n|upkeep\n|turn|19\n|\n|t:|1737281766\n|cant|p1a: Chansey|slp\n|move|p2a: Chansey|Seismic Toss|p1a: Chansey\n|-damage|p1a: Chansey|44/100 slp\n|\n|upkeep\n|turn|20\n|\n|t:|1737281769\n|-curestatus|p1a: Chansey|slp|[msg]\n|move|p2a: Chansey|Seismic Toss|p1a: Chansey\n|-damage|p1a: Chansey|29/100\n|\n|upkeep\n|turn|21\n|\n|t:|1737281771\n|move|p2a: Chansey|Sing|p1a: Chansey|[miss]\n|-miss|p2a: Chansey\n|move|p1a: Chansey|Thunder Wave|p2a: Chansey\n|-status|p2a: Chansey|par\n|\n|upkeep\n|turn|22\n|\n|t:|1737281778\n|switch|p1a: Snorlax|Snorlax|8/100\n|move|p2a: Chansey|Sing|p1a: Snorlax\n|-status|p1a: Snorlax|slp|[from] move: Sing\n|\n|upkeep\n|turn|23\n|\n|t:|1737281792\n|switch|p1a: Exeggutor|Exeggutor|72/100\n|switch|p2a: Tauros|Tauros|26/100\n|\n|upkeep\n|turn|24\n|\n|t:|1737281798\n|switch|p2a: Chansey|Chansey|79/100 par\n|move|p1a: Exeggutor|Psychic|p2a: Chansey\n|-damage|p2a: Chansey|61/100 par\n|\n|upkeep\n|turn|25\n|\n|t:|1737281802\n|switch|p1a: Chansey|Chansey|29/100\n|move|p2a: Chansey|Thunder Wave|p1a: Chansey\n|-status|p1a: Chansey|par\n|\n|upkeep\n|turn|26\n|\n|t:|1737281812\n|switch|p2a: Snorlax|Snorlax|77/100\n|cant|p1a: Chansey|par\n|\n|upkeep\n|turn|27\n|c|☆Amaranth|yep\n|\n|t:|1737281819\n|switch|p1a: Snorlax|Snorlax|8/100 slp\n|move|p2a: Snorlax|Body Slam|p1a: Snorlax\n|-damage|p1a: Snorlax|0 fnt\n|faint|p1a: Snorlax\n|\n|t:|1737281820\n|switch|p1a: Exeggutor|Exeggutor|72/100\n|turn|28\n|\n|t:|1737281824\n|switch|p2a: Starmie|Starmie|100/100\n|move|p1a: Exeggutor|Psychic|p2a: Starmie\n|-resisted|p2a: Starmie\n|-damage|p2a: Starmie|81/100\n|-unboost|p2a: Starmie|spa|1\n|-unboost|p2a: Starmie|spd|1\n|\n|upkeep\n|turn|29\n|\n|t:|1737281837\n|switch|p2a: Chansey|Chansey|61/100 par\n|switch|p1a: Chansey|Chansey|29/100 par\n|\n|upkeep\n|turn|30\n|\n|t:|1737281842\n|cant|p2a: Chansey|par\n|cant|p1a: Chansey|par\n|\n|upkeep\n|turn|31\n|\n|t:|1737281845\n|cant|p2a: Chansey|par\n|move|p1a: Chansey|Soft-Boiled|p1a: Chansey\n|-heal|p1a: Chansey|79/100 par\n|\n|upkeep\n|turn|32\n|inactive|Amaranth has 270 seconds left.\n|\n|t:|1737281884\n|switch|p1a: Tauros|Tauros|100/100\n|move|p2a: Chansey|Soft-Boiled|p2a: Chansey\n|-heal|p2a: Chansey|100/100 par\n|\n|upkeep\n|turn|33\n|\n|t:|1737281888\n|move|p1a: Tauros|Body Slam|p2a: Chansey\n|-crit|p2a: Chansey\n|-damage|p2a: Chansey|25/100 par\n|move|p2a: Chansey|Thunder Wave|p1a: Tauros\n|-status|p1a: Tauros|par\n|\n|upkeep\n|turn|34\n|\n|t:|1737281891\n|switch|p2a: Snorlax|Snorlax|77/100\n|move|p1a: Tauros|Body Slam|p2a: Snorlax\n|-crit|p2a: Snorlax\n|-damage|p2a: Snorlax|26/100\n|\n|upkeep\n|turn|35\n|\n|t:|1737281914\n|switch|p1a: Exeggutor|Exeggutor|72/100\n|move|p2a: Snorlax|Rest|p2a: Snorlax\n|-status|p2a: Snorlax|slp|[from] move: Rest\n|-heal|p2a: Snorlax|100/100 slp|[silent]\n|\n|upkeep\n|turn|36\n|\n|t:|1737281918\n|switch|p2a: Exeggutor|Exeggutor|100/100 slp\n|move|p1a: Exeggutor|Psychic|p2a: Exeggutor\n|-resisted|p2a: Exeggutor\n|-damage|p2a: Exeggutor|88/100 slp\n|\n|upkeep\n|turn|37\n|\n|t:|1737281936\n|switch|p2a: Starmie|Starmie|81/100\n|switch|p1a: Tauros|Tauros|100/100 par\n|\n|upkeep\n|turn|38\n|\n|t:|1737281948\n|switch|p1a: Chansey|Chansey|79/100 par\n|move|p2a: Starmie|Psychic|p1a: Chansey\n|-damage|p1a: Chansey|65/100 par\n|\n|upkeep\n|turn|39\n|\n|t:|1737281952\n|switch|p2a: Snorlax|Snorlax|100/100 slp\n|switch|p1a: Tauros|Tauros|100/100 par\n|\n|upkeep\n|turn|40\n|\n|t:|1737281956\n|cant|p2a: Snorlax|slp\n|move|p1a: Tauros|Body Slam|p2a: Snorlax\n|-damage|p2a: Snorlax|76/100 slp\n|\n|upkeep\n|turn|41\n|\n|t:|1737281968\n|switch|p1a: Exeggutor|Exeggutor|72/100\n|-curestatus|p2a: Snorlax|slp|[msg]\n|\n|upkeep\n|turn|42\n|\n|t:|1737281972\n|move|p1a: Exeggutor|Psychic|p2a: Snorlax\n|-damage|p2a: Snorlax|45/100\n|move|p2a: Snorlax|Body Slam|p1a: Exeggutor\n|-damage|p1a: Exeggutor|39/100\n|\n|upkeep\n|turn|43\n|\n|t:|1737281980\n|switch|p2a: Exeggutor|Exeggutor|88/100 slp\n|move|p1a: Exeggutor|Explosion|p2a: Exeggutor\n|-damage|p2a: Exeggutor|17/100 slp\n|faint|p1a: Exeggutor\n|\n|t:|1737281993\n|switch|p1a: Tauros|Tauros|100/100 par\n|turn|44\n|\n|t:|1737281995\n|cant|p2a: Exeggutor|slp\n|move|p1a: Tauros|Body Slam|p2a: Exeggutor\n|-damage|p2a: Exeggutor|0 fnt\n|faint|p2a: Exeggutor\n|\n|t:|1737282000\n|switch|p2a: Snorlax|Snorlax|45/100\n|turn|45\n|\n|t:|1737282014\n|move|p2a: Snorlax|Self-Destruct|p1a: Tauros\n|-damage|p1a: Tauros|1/100 par\n|faint|p2a: Snorlax\n|\n|t:|1737282019\n|switch|p2a: Tauros|Tauros|26/100\n|turn|46\n|\n|t:|1737282021\n|move|p2a: Tauros|Body Slam|p1a: Tauros\n|-damage|p1a: Tauros|0 fnt\n|faint|p1a: Tauros\n|\n|t:|1737282022\n|switch|p1a: Chansey|Chansey|65/100 par\n|turn|47\n|\n|t:|1737282025\n|move|p2a: Tauros|Hyper Beam|p1a: Chansey\n|-damage|p1a: Chansey|0 fnt\n|faint|p1a: Chansey\n|\n|win|chuva de perereca\n|c|☆chuva de perereca|ggs\n|c|☆Amaranth|ggsxd\n|player|p1|\n","uploadtime":1737282025,"views":"2537","formatid":"gen1ou","rating":null,"private":0,"password":null}