{"id":"smogtours-gen1ou-946998","format":"[Gen 1] OU","players":["virae","TG2513"],"log":"|inactive|Battle timer is ON: inactive players will automatically lose when time's up.\n|t:|1781463644\n|gametype|singles\n|player|p1|virae|#rbyplvmightymagmars|\n|player|p2|TG2513|brycenman|\n|gen|1\n|tier|[Gen 1] OU\n|rule|Desync Clause Mod: Desyncs changed to move failure.\n|rule|HP Percentage Mod: HP is shown in percentages\n|rule|Endless Battle Clause: Forcing endless battles is banned\n|rule|Sleep Clause Mod: Limit one foe put to sleep\n|rule|Freeze Clause Mod: Limit one foe frozen\n|rule|Species Clause: Limit one of each Pokémon\n|rule|OHKO Clause: OHKO moves are banned\n|rule|Evasion Moves Clause: Evasion moves are banned\n|\n|t:|1781463644\n|teamsize|p1|6\n|teamsize|p2|6\n|start\n|switch|p1a: Gengar|Gengar|100/100\n|switch|p2a: Gengar|Gengar|100/100\n|turn|1\n|c|☆TG2513|HF\n|c|☆virae|gl hf!\n|inactive|TG2513 has 270 seconds left.\n|inactive|virae has 270 seconds left.\n|\n|t:|1781463693\n|move|p1a: Gengar|Psychic|p2a: Gengar\n|-supereffective|p2a: Gengar\n|-damage|p2a: Gengar|55/100\n|-unboost|p2a: Gengar|spa|1\n|-unboost|p2a: Gengar|spd|1\n|move|p2a: Gengar|Hypnosis|p1a: Gengar|[miss]\n|-miss|p2a: Gengar\n|\n|upkeep\n|turn|2\n|\n|t:|1781463711\n|switch|p2a: Starmie|Starmie|100/100\n|move|p1a: Gengar|Hypnosis|p2a: Starmie\n|-status|p2a: Starmie|slp|[from] move: Hypnosis\n|\n|upkeep\n|turn|3\n|\n|t:|1781463722\n|cant|p2a: Starmie|slp\n|move|p1a: Gengar|Night Shade|p2a: Starmie\n|-damage|p2a: Starmie|70/100 slp\n|\n|upkeep\n|turn|4\n|\n|t:|1781463728\n|switch|p2a: Jynx|Jynx|100/100\n|move|p1a: Gengar|Night Shade|p2a: Jynx\n|-damage|p2a: Jynx|70/100\n|\n|upkeep\n|turn|5\n|inactive|virae has 270 seconds left.\n|\n|t:|1781463787\n|move|p1a: Gengar|Night Shade|p2a: Jynx\n|-damage|p2a: Jynx|40/100\n|move|p2a: Jynx|Lovely Kiss|p1a: Gengar|[miss]\n|-miss|p2a: Jynx\n|\n|upkeep\n|turn|6\n|\n|t:|1781463792\n|move|p1a: Gengar|Explosion|p2a: Jynx\n|-crit|p2a: Jynx\n|-damage|p2a: Jynx|0 fnt\n|faint|p2a: Jynx\n|faint|p1a: Gengar\n|\n|t:|1781463799\n|switch|p1a: Starmie|Starmie|100/100\n|switch|p2a: Gengar|Gengar|55/100\n|turn|7\n|\n|t:|1781463811\n|switch|p2a: Chansey|Chansey|100/100\n|move|p1a: Starmie|Psychic|p2a: Chansey\n|-damage|p2a: Chansey|86/100\n|\n|upkeep\n|turn|8\n|\n|t:|1781463815\n|switch|p1a: Chansey|Chansey|100/100\n|move|p2a: Chansey|Ice Beam|p1a: Chansey\n|-damage|p1a: Chansey|91/100\n|\n|upkeep\n|turn|9\n|\n|t:|1781463819\n|move|p1a: Chansey|Thunder Wave|p2a: Chansey\n|-status|p2a: Chansey|par\n|cant|p2a: Chansey|par\n|\n|upkeep\n|turn|10\n|\n|t:|1781463826\n|switch|p2a: Gengar|Gengar|55/100\n|move|p1a: Chansey|Seismic Toss|p2a: Gengar\n|-damage|p2a: Gengar|24/100\n|\n|upkeep\n|turn|11\n|\n|t:|1781463848\n|move|p2a: Gengar|Hypnosis|p1a: Chansey|[miss]\n|-miss|p2a: Gengar\n|move|p1a: Chansey|Seismic Toss|p2a: Gengar\n|-damage|p2a: Gengar|0 fnt\n|faint|p2a: Gengar\n|\n|t:|1781463857\n|switch|p2a: Chansey|Chansey|86/100 par\n|turn|12\n|\n|t:|1781463872\n|switch|p1a: Snorlax|Snorlax|100/100\n|move|p2a: Chansey|Ice Beam|p1a: Snorlax\n|-damage|p1a: Snorlax|81/100\n|-status|p1a: Snorlax|frz\n|\n|upkeep\n|turn|13\n|inactive|virae has 270 seconds left.\n|\n|t:|1781463902\n|cant|p1a: Snorlax|frz\n|move|p2a: Chansey|Thunder Wave|p1a: Snorlax\n|-fail|p1a: Snorlax\n|\n|upkeep\n|turn|14\n|\n|t:|1781463906\n|cant|p1a: Snorlax|frz\n|move|p2a: Chansey|Thunderbolt|p1a: Snorlax\n|-damage|p1a: Snorlax|61/100 frz\n|\n|upkeep\n|turn|15\n|\n|t:|1781463910\n|cant|p1a: Snorlax|frz\n|cant|p2a: Chansey|par\n|\n|upkeep\n|turn|16\n|\n|t:|1781463912\n|switch|p1a: Tauros|Tauros|100/100\n|move|p2a: Chansey|Thunderbolt|p1a: Tauros\n|-damage|p1a: Tauros|72/100\n|-status|p1a: Tauros|par\n|\n|upkeep\n|turn|17\n|\n|t:|1781463918\n|switch|p2a: Snorlax|Snorlax|100/100\n|move|p1a: Tauros|Body Slam|p2a: Snorlax\n|-damage|p2a: Snorlax|76/100\n|\n|upkeep\n|turn|18\n|\n|t:|1781463936\n|switch|p1a: Exeggutor|Exeggutor|100/100\n|move|p2a: Snorlax|Body Slam|p1a: Exeggutor\n|-damage|p1a: Exeggutor|71/100\n|-status|p1a: Exeggutor|par\n|\n|upkeep\n|turn|19\n|\n|t:|1781463944\n|switch|p2a: Chansey|Chansey|86/100 par\n|move|p1a: Exeggutor|Psychic|p2a: Chansey\n|-damage|p2a: Chansey|68/100 par\n|-unboost|p2a: Chansey|spa|1\n|-unboost|p2a: Chansey|spd|1\n|\n|upkeep\n|turn|20\n|\n|t:|1781463947\n|cant|p1a: Exeggutor|par\n|cant|p2a: Chansey|par\n|\n|upkeep\n|turn|21\n|\n|t:|1781463952\n|move|p1a: Exeggutor|Psychic|p2a: Chansey\n|-damage|p2a: Chansey|43/100 par\n|move|p2a: Chansey|Ice Beam|p1a: Exeggutor\n|-supereffective|p1a: Exeggutor\n|-damage|p1a: Exeggutor|49/100 par\n|\n|upkeep\n|turn|22\n|\n|t:|1781463956\n|move|p1a: Exeggutor|Explosion|p2a: Chansey\n|-damage|p2a: Chansey|0 fnt\n|faint|p2a: Chansey\n|faint|p1a: Exeggutor\n|\n|t:|1781463967\n|switch|p1a: Chansey|Chansey|91/100\n|switch|p2a: Snorlax|Snorlax|76/100\n|turn|23\n|\n|t:|1781463972\n|move|p1a: Chansey|Thunder Wave|p2a: Snorlax\n|-status|p2a: Snorlax|par\n|move|p2a: Snorlax|Earthquake|p1a: Chansey\n|-damage|p1a: Chansey|57/100\n|\n|upkeep\n|turn|24\n|\n|t:|1781463976\n|move|p1a: Chansey|Soft-Boiled|p1a: Chansey\n|-heal|p1a: Chansey|100/100\n|move|p2a: Snorlax|Body Slam|p1a: Chansey\n|-crit|p1a: Chansey\n|-damage|p1a: Chansey|18/100\n|\n|upkeep\n|turn|25\n|\n|t:|1781463979\n|move|p1a: Chansey|Soft-Boiled|p1a: Chansey\n|-heal|p1a: Chansey|68/100\n|move|p2a: Snorlax|Hyper Beam|p1a: Chansey\n|-damage|p1a: Chansey|0 fnt\n|faint|p1a: Chansey\n|\n|t:|1781463989\n|switch|p1a: Tauros|Tauros|72/100 par\n|turn|26\n|\n|t:|1781464001\n|move|p1a: Tauros|Body Slam|p2a: Snorlax\n|-crit|p2a: Snorlax\n|-damage|p2a: Snorlax|28/100 par\n|move|p2a: Snorlax|Body Slam|p1a: Tauros\n|-crit|p1a: Tauros\n|-damage|p1a: Tauros|12/100 par\n|\n|upkeep\n|turn|27\n|\n|t:|1781464007\n|move|p1a: Tauros|Hyper Beam|p2a: Snorlax\n|-damage|p2a: Snorlax|0 fnt\n|faint|p2a: Snorlax\n|\n|t:|1781464010\n|switch|p2a: Tauros|Tauros|100/100\n|turn|28\n|\n|t:|1781464016\n|switch|p1a: Snorlax|Snorlax|61/100 frz\n|move|p2a: Tauros|Body Slam|p1a: Snorlax|[miss]\n|-miss|p2a: Tauros\n|-hint|In Gen 1, moves with 100% accuracy can still miss 1/256 of the time.\n|\n|upkeep\n|turn|29\n|\n|t:|1781464021\n|move|p2a: Tauros|Body Slam|p1a: Snorlax\n|-damage|p1a: Snorlax|36/100 frz\n|cant|p1a: Snorlax|frz\n|\n|upkeep\n|turn|30\n|\n|t:|1781464023\n|move|p2a: Tauros|Body Slam|p1a: Snorlax\n|-damage|p1a: Snorlax|13/100 frz\n|cant|p1a: Snorlax|frz\n|\n|upkeep\n|turn|31\n|\n|t:|1781464029\n|move|p2a: Tauros|Body Slam|p1a: Snorlax\n|-crit|p1a: Snorlax\n|-damage|p1a: Snorlax|0 fnt\n|faint|p1a: Snorlax\n|\n|t:|1781464031\n|switch|p1a: Starmie|Starmie|100/100\n|turn|32\n|\n|t:|1781464035\n|move|p1a: Starmie|Thunder Wave|p2a: Tauros\n|-status|p2a: Tauros|par\n|move|p2a: Tauros|Body Slam|p1a: Starmie\n|-damage|p1a: Starmie|65/100\n|\n|upkeep\n|turn|33\n|\n|t:|1781464041\n|move|p1a: Starmie|Psychic|p2a: Tauros\n|-damage|p2a: Tauros|62/100 par\n|move|p2a: Tauros|Body Slam|p1a: Starmie\n|-crit|p1a: Starmie\n|-damage|p1a: Starmie|3/100\n|\n|upkeep\n|turn|34\n|\n|t:|1781464049\n|move|p1a: Starmie|Psychic|p2a: Tauros\n|-crit|p2a: Tauros\n|-damage|p2a: Tauros|0 fnt\n|faint|p2a: Tauros\n|\n|t:|1781464051\n|switch|p2a: Starmie|Starmie|70/100 slp\n|turn|35\n|\n|t:|1781464065\n|move|p1a: Starmie|Recover|p1a: Starmie\n|-heal|p1a: Starmie|53/100\n|cant|p2a: Starmie|slp\n|\n|upkeep\n|turn|36\n|\n|t:|1781464068\n|cant|p2a: Starmie|slp\n|move|p1a: Starmie|Psychic|p2a: Starmie\n|-resisted|p2a: Starmie\n|-damage|p2a: Starmie|54/100 slp\n|\n|upkeep\n|turn|37\n|\n|t:|1781464072\n|move|p1a: Starmie|Psychic|p2a: Starmie\n|-resisted|p2a: Starmie\n|-damage|p2a: Starmie|39/100 slp\n|-curestatus|p2a: Starmie|slp|[msg]\n|\n|upkeep\n|turn|38\n|\n|t:|1781464076\n|move|p1a: Starmie|Thunder Wave|p2a: Starmie\n|-status|p2a: Starmie|par\n|move|p2a: Starmie|Thunder Wave|p1a: Starmie\n|-status|p1a: Starmie|par\n|\n|upkeep\n|turn|39\n|\n|t:|1781464081\n|move|p2a: Starmie|Recover|p2a: Starmie\n|-heal|p2a: Starmie|89/100 par\n|move|p1a: Starmie|Psychic|p2a: Starmie\n|-resisted|p2a: Starmie\n|-damage|p2a: Starmie|74/100 par\n|-unboost|p2a: Starmie|spa|1\n|-unboost|p2a: Starmie|spd|1\n|\n|upkeep\n|turn|40\n|\n|t:|1781464086\n|move|p1a: Starmie|Recover|p1a: Starmie\n|-heal|p1a: Starmie|100/100 par\n|cant|p2a: Starmie|par\n|\n|upkeep\n|turn|41\n|\n|t:|1781464090\n|cant|p1a: Starmie|par\n|move|p2a: Starmie|Recover|p2a: Starmie\n|-heal|p2a: Starmie|100/100 par\n|\n|upkeep\n|turn|42\n|\n|t:|1781464092\n|move|p1a: Starmie|Psychic|p2a: Starmie\n|-crit|p2a: Starmie\n|-resisted|p2a: Starmie\n|-damage|p2a: Starmie|71/100 par\n|cant|p2a: Starmie|par\n|\n|upkeep\n|turn|43\n|\n|t:|1781464094\n|cant|p1a: Starmie|par\n|move|p2a: Starmie|Recover|p2a: Starmie\n|-heal|p2a: Starmie|100/100 par\n|\n|upkeep\n|turn|44\n|\n|t:|1781464096\n|cant|p1a: Starmie|par\n|move|p2a: Starmie|Thunderbolt|p1a: Starmie\n|-supereffective|p1a: Starmie\n|-damage|p1a: Starmie|68/100 par\n|\n|upkeep\n|turn|45\n|\n|t:|1781464098\n|move|p1a: Starmie|Psychic|p2a: Starmie\n|-resisted|p2a: Starmie\n|-damage|p2a: Starmie|77/100 par\n|move|p2a: Starmie|Psychic|p1a: Starmie\n|-resisted|p1a: Starmie\n|-damage|p1a: Starmie|57/100 par\n|-unboost|p1a: Starmie|spa|1\n|-unboost|p1a: Starmie|spd|1\n|\n|upkeep\n|turn|46\n|\n|t:|1781464106\n|move|p1a: Starmie|Psychic|p2a: Starmie\n|-resisted|p2a: Starmie\n|-damage|p2a: Starmie|62/100 par\n|cant|p2a: Starmie|par\n|\n|upkeep\n|turn|47\n|\n|t:|1781464112\n|move|p2a: Starmie|Recover|p2a: Starmie\n|-heal|p2a: Starmie|100/100 par\n|move|p1a: Starmie|Psychic|p2a: Starmie\n|-crit|p2a: Starmie\n|-resisted|p2a: Starmie\n|-damage|p2a: Starmie|70/100 par\n|\n|upkeep\n|turn|48\n|\n|t:|1781464115\n|move|p2a: Starmie|Recover|p2a: Starmie\n|-heal|p2a: Starmie|100/100 par\n|cant|p1a: Starmie|par\n|\n|upkeep\n|turn|49\n|\n|t:|1781464118\n|move|p2a: Starmie|Thunderbolt|p1a: Starmie\n|-supereffective|p1a: Starmie\n|-damage|p1a: Starmie|14/100 par\n|move|p1a: Starmie|Psychic|p2a: Starmie\n|-resisted|p2a: Starmie\n|-damage|p2a: Starmie|85/100 par\n|\n|upkeep\n|turn|50\n|\n|t:|1781464124\n|cant|p1a: Starmie|par\n|move|p2a: Starmie|Thunderbolt|p1a: Starmie\n|-supereffective|p1a: Starmie\n|-damage|p1a: Starmie|0 fnt\n|faint|p1a: Starmie\n|\n|t:|1781464127\n|switch|p1a: Tauros|Tauros|12/100 par\n|turn|51\n|\n|t:|1781464135\n|move|p1a: Tauros|Hyper Beam|p2a: Starmie|[miss]\n|-miss|p1a: Tauros\n|move|p2a: Starmie|Psychic|p1a: Tauros\n|-damage|p1a: Tauros|0 fnt\n|faint|p1a: Tauros\n|\n|win|TG2513\n|c|☆virae|gg\n|c|☆TG2513|GG\n|player|p2|\n","uploadtime":1781464135,"views":"75","formatid":"gen1ou","rating":null,"private":0,"password":null}