{"id":"smogtours-gen1ou-961413","format":"[Gen 1] OU","players":["stunner047","sadisticnarwhal"],"log":"|inactive|Battle timer is ON: inactive players will automatically lose when time's up.\n|t:|1785711100\n|gametype|singles\n|player|p1|stunner047|#rbypliiidingdangdewgongs|\n|player|p2|sadisticnarwhal|#rcop2023useast|\n|gen|1\n|tier|[Gen 1] OU\n|rule|Desync Clause Mod: Desyncs resolve to link battle behavior from the acting player's perspective.\n|rule|HP Percentage Mod: HP is shown in percentages\n|rule|Endless Battle Clause: Forcing endless battles is banned\n|rule|Sleep Clause Mod: Limit one foe put to sleep\n|rule|Freeze Clause Mod: Limit one foe frozen\n|rule|Species Clause: Limit one of each Pokémon\n|rule|OHKO Clause: OHKO moves are banned\n|rule|Evasion Moves Clause: Evasion moves are banned\n|\n|t:|1785711100\n|teamsize|p1|6\n|teamsize|p2|6\n|start\n|switch|p1a: Alakazam|Alakazam|100/100\n|switch|p2a: Alakazam|Alakazam|100/100\n|turn|1\n|c|☆sadisticnarwhal|hf\n|c|☆stunner047|gl hf\n|\n|t:|1785711105\n|switch|p1a: Exeggutor|Exeggutor|100/100\n|move|p2a: Alakazam|Thunder Wave|p1a: Exeggutor\n|-status|p1a: Exeggutor|par\n|\n|upkeep\n|turn|2\n|\n|t:|1785711107\n|move|p2a: Alakazam|Seismic Toss|p1a: Exeggutor\n|-damage|p1a: Exeggutor|75/100 par\n|move|p1a: Exeggutor|Sleep Powder|p2a: Alakazam\n|-status|p2a: Alakazam|slp|[from] move: Sleep Powder\n|\n|upkeep\n|turn|3\n|\n|t:|1785711110\n|switch|p2a: Exeggutor|Exeggutor|100/100\n|move|p1a: Exeggutor|Psychic|p2a: Exeggutor\n|-resisted|p2a: Exeggutor\n|-damage|p2a: Exeggutor|86/100\n|\n|upkeep\n|turn|4\n|\n|t:|1785711115\n|move|p2a: Exeggutor|Psychic|p1a: Exeggutor\n|-crit|p1a: Exeggutor\n|-resisted|p1a: Exeggutor\n|-damage|p1a: Exeggutor|47/100 par\n|-unboost|p1a: Exeggutor|spa|1\n|-unboost|p1a: Exeggutor|spd|1\n|move|p1a: Exeggutor|Stun Spore|p2a: Exeggutor|[miss]\n|-miss|p1a: Exeggutor\n|\n|upkeep\n|turn|5\n|\n|t:|1785711119\n|move|p2a: Exeggutor|Psychic|p1a: Exeggutor\n|-resisted|p1a: Exeggutor\n|-damage|p1a: Exeggutor|27/100 par\n|cant|p1a: Exeggutor|par\n|\n|upkeep\n|turn|6\n|\n|t:|1785711125\n|switch|p2a: Alakazam|Alakazam|100/100 slp\n|cant|p1a: Exeggutor|par\n|\n|upkeep\n|turn|7\n|\n|t:|1785711128\n|switch|p2a: Snorlax|Snorlax|100/100\n|switch|p1a: Snorlax|Snorlax|100/100\n|\n|upkeep\n|turn|8\n|\n|t:|1785711131\n|move|p2a: Snorlax|Reflect|p2a: Snorlax\n|-start|p2a: Snorlax|Reflect\n|move|p1a: Snorlax|Reflect|p1a: Snorlax\n|-start|p1a: Snorlax|Reflect\n|\n|upkeep\n|turn|9\n|\n|t:|1785711134\n|move|p2a: Snorlax|Ice Beam|p1a: Snorlax\n|-damage|p1a: Snorlax|87/100\n|move|p1a: Snorlax|Body Slam|p2a: Snorlax\n|-damage|p2a: Snorlax|88/100\n|\n|upkeep\n|turn|10\n|\n|t:|1785711137\n|move|p2a: Snorlax|Ice Beam|p1a: Snorlax\n|-damage|p1a: Snorlax|72/100\n|move|p1a: Snorlax|Body Slam|p2a: Snorlax\n|-damage|p2a: Snorlax|74/100\n|\n|upkeep\n|turn|11\n|\n|t:|1785711140\n|switch|p1a: Chansey|Chansey|100/100\n|move|p2a: Snorlax|Ice Beam|p1a: Chansey\n|-damage|p1a: Chansey|93/100\n|\n|upkeep\n|turn|12\n|\n|t:|1785711156\n|move|p1a: Chansey|Thunder Wave|p2a: Snorlax\n|-status|p2a: Snorlax|par\n|move|p2a: Snorlax|Ice Beam|p1a: Chansey\n|-damage|p1a: Chansey|85/100\n|\n|upkeep\n|turn|13\n|\n|t:|1785711161\n|move|p1a: Chansey|Seismic Toss|p2a: Snorlax\n|-damage|p2a: Snorlax|55/100 par\n|move|p2a: Snorlax|Ice Beam|p1a: Chansey\n|-damage|p1a: Chansey|78/100\n|\n|upkeep\n|turn|14\n|\n|t:|1785711165\n|move|p1a: Chansey|Seismic Toss|p2a: Snorlax\n|-damage|p2a: Snorlax|36/100 par\n|move|p2a: Snorlax|Body Slam|p1a: Chansey\n|-damage|p1a: Chansey|38/100\n|\n|upkeep\n|turn|15\n|\n|t:|1785711167\n|move|p1a: Chansey|Seismic Toss|p2a: Snorlax\n|-damage|p2a: Snorlax|17/100 par\n|move|p2a: Snorlax|Rest|p2a: Snorlax\n|-status|p2a: Snorlax|slp|[from] move: Rest\n|-heal|p2a: Snorlax|100/100 slp|[silent]\n|\n|upkeep\n|turn|16\n|\n|t:|1785711169\n|move|p1a: Chansey|Soft-Boiled|p1a: Chansey\n|-heal|p1a: Chansey|88/100\n|cant|p2a: Snorlax|slp\n|\n|upkeep\n|turn|17\n|\n|t:|1785711171\n|move|p1a: Chansey|Seismic Toss|p2a: Snorlax\n|-damage|p2a: Snorlax|81/100 slp\n|-curestatus|p2a: Snorlax|slp|[msg]\n|\n|upkeep\n|turn|18\n|\n|t:|1785711177\n|move|p1a: Chansey|Thunder Wave|p2a: Snorlax\n|-status|p2a: Snorlax|par\n|move|p2a: Snorlax|Body Slam|p1a: Chansey\n|-damage|p1a: Chansey|49/100\n|\n|upkeep\n|turn|19\n|\n|t:|1785711179\n|move|p1a: Chansey|Soft-Boiled|p1a: Chansey\n|-heal|p1a: Chansey|99/100\n|move|p2a: Snorlax|Ice Beam|p1a: Chansey\n|-damage|p1a: Chansey|92/100\n|\n|upkeep\n|turn|20\n|\n|t:|1785711183\n|move|p1a: Chansey|Seismic Toss|p2a: Snorlax\n|-damage|p2a: Snorlax|62/100 par\n|move|p2a: Snorlax|Body Slam|p1a: Chansey\n|-damage|p1a: Chansey|47/100\n|\n|upkeep\n|turn|21\n|\n|t:|1785711186\n|move|p1a: Chansey|Soft-Boiled|p1a: Chansey\n|-heal|p1a: Chansey|97/100\n|cant|p2a: Snorlax|par\n|\n|upkeep\n|turn|22\n|\n|t:|1785711189\n|move|p1a: Chansey|Seismic Toss|p2a: Snorlax\n|-damage|p2a: Snorlax|43/100 par\n|move|p2a: Snorlax|Rest|p2a: Snorlax\n|-status|p2a: Snorlax|slp|[from] move: Rest\n|-heal|p2a: Snorlax|100/100 slp|[silent]\n|\n|upkeep\n|turn|23\n|\n|t:|1785711192\n|switch|p1a: Exeggutor|Exeggutor|27/100 par\n|cant|p2a: Snorlax|slp\n|\n|upkeep\n|turn|24\n|\n|t:|1785711196\n|move|p1a: Exeggutor|Psychic|p2a: Snorlax\n|-crit|p2a: Snorlax\n|-damage|p2a: Snorlax|38/100 slp\n|-curestatus|p2a: Snorlax|slp|[msg]\n|\n|upkeep\n|turn|25\n|\n|t:|1785711211\n|cant|p1a: Exeggutor|par\n|move|p2a: Snorlax|Body Slam|p1a: Exeggutor\n|-damage|p1a: Exeggutor|0 fnt\n|faint|p1a: Exeggutor\n|\n|t:|1785711222\n|switch|p1a: Alakazam|Alakazam|100/100\n|turn|26\n|\n|t:|1785711225\n|switch|p2a: Alakazam|Alakazam|100/100 slp\n|move|p1a: Alakazam|Psychic|p2a: Alakazam\n|-resisted|p2a: Alakazam\n|-damage|p2a: Alakazam|85/100 slp\n|\n|upkeep\n|turn|27\n|\n|t:|1785711229\n|cant|p2a: Alakazam|slp\n|move|p1a: Alakazam|Seismic Toss|p2a: Alakazam\n|-damage|p2a: Alakazam|53/100 slp\n|\n|upkeep\n|turn|28\n|\n|t:|1785711233\n|switch|p2a: Exeggutor|Exeggutor|86/100\n|move|p1a: Alakazam|Seismic Toss|p2a: Exeggutor\n|-damage|p2a: Exeggutor|61/100\n|\n|upkeep\n|turn|29\n|\n|t:|1785711236\n|move|p1a: Alakazam|Thunder Wave|p2a: Exeggutor\n|-status|p2a: Exeggutor|par\n|move|p2a: Exeggutor|Sleep Powder|p1a: Alakazam\n|-status|p1a: Alakazam|slp|[from] move: Sleep Powder\n|\n|upkeep\n|turn|30\n|\n|t:|1785711240\n|switch|p2a: Snorlax|Snorlax|38/100\n|cant|p1a: Alakazam|slp\n|\n|upkeep\n|turn|31\n|\n|t:|1785711244\n|switch|p1a: Chansey|Chansey|97/100\n|move|p2a: Snorlax|Body Slam|p1a: Chansey\n|-damage|p1a: Chansey|59/100\n|\n|upkeep\n|turn|32\n|\n|t:|1785711248\n|move|p1a: Chansey|Thunder Wave|p2a: Snorlax\n|-status|p2a: Snorlax|par\n|move|p2a: Snorlax|Rest|p2a: Snorlax\n|-status|p2a: Snorlax|slp|[from] move: Rest\n|-heal|p2a: Snorlax|100/100 slp|[silent]\n|\n|upkeep\n|turn|33\n|\n|t:|1785711251\n|move|p1a: Chansey|Soft-Boiled|p1a: Chansey\n|-heal|p1a: Chansey|100/100\n|cant|p2a: Snorlax|slp\n|\n|upkeep\n|turn|34\n|\n|t:|1785711253\n|move|p1a: Chansey|Seismic Toss|p2a: Snorlax\n|-damage|p2a: Snorlax|81/100 slp\n|-curestatus|p2a: Snorlax|slp|[msg]\n|\n|upkeep\n|turn|35\n|\n|t:|1785711263\n|move|p1a: Chansey|Thunder Wave|p2a: Snorlax\n|-status|p2a: Snorlax|par\n|cant|p2a: Snorlax|par\n|\n|upkeep\n|turn|36\n|\n|t:|1785711269\n|switch|p1a: Snorlax|Snorlax|72/100\n|cant|p2a: Snorlax|par\n|\n|upkeep\n|turn|37\n|\n|t:|1785711272\n|move|p1a: Snorlax|Body Slam|p2a: Snorlax\n|-damage|p2a: Snorlax|55/100 par\n|cant|p2a: Snorlax|par\n|\n|upkeep\n|turn|38\n|\n|t:|1785711275\n|move|p1a: Snorlax|Body Slam|p2a: Snorlax\n|-damage|p2a: Snorlax|30/100 par\n|move|p2a: Snorlax|Reflect|p2a: Snorlax\n|-start|p2a: Snorlax|Reflect\n|\n|upkeep\n|turn|39\n|\n|t:|1785711277\n|move|p1a: Snorlax|Body Slam|p2a: Snorlax\n|-damage|p2a: Snorlax|16/100 par\n|move|p2a: Snorlax|Rest|p2a: Snorlax\n|-status|p2a: Snorlax|slp|[from] move: Rest\n|-heal|p2a: Snorlax|100/100 slp|[silent]\n|\n|upkeep\n|turn|40\n|\n|t:|1785711280\n|move|p1a: Snorlax|Reflect|p1a: Snorlax\n|-start|p1a: Snorlax|Reflect\n|cant|p2a: Snorlax|slp\n|\n|upkeep\n|turn|41\n|\n|t:|1785711282\n|move|p1a: Snorlax|Body Slam|p2a: Snorlax\n|-damage|p2a: Snorlax|88/100 slp\n|-curestatus|p2a: Snorlax|slp|[msg]\n|\n|upkeep\n|turn|42\n|\n|t:|1785711284\n|move|p1a: Snorlax|Rest|p1a: Snorlax\n|-status|p1a: Snorlax|slp|[from] move: Rest\n|-heal|p1a: Snorlax|100/100 slp|[silent]\n|move|p2a: Snorlax|Ice Beam|p1a: Snorlax\n|-damage|p1a: Snorlax|87/100 slp\n|\n|upkeep\n|turn|43\n|\n|t:|1785711286\n|cant|p1a: Snorlax|slp\n|move|p2a: Snorlax|Body Slam|p1a: Snorlax\n|-damage|p1a: Snorlax|75/100 slp\n|\n|upkeep\n|turn|44\n|\n|t:|1785711288\n|-curestatus|p1a: Snorlax|slp|[msg]\n|move|p2a: Snorlax|Body Slam|p1a: Snorlax\n|-damage|p1a: Snorlax|63/100\n|\n|upkeep\n|turn|45\n|\n|t:|1785711292\n|switch|p2a: Starmie|Starmie|100/100\n|move|p1a: Snorlax|Body Slam|p2a: Starmie\n|-damage|p2a: Starmie|64/100\n|\n|upkeep\n|turn|46\n|\n|t:|1785711295\n|move|p2a: Starmie|Thunder Wave|p1a: Snorlax\n|-status|p1a: Snorlax|par\n|move|p1a: Snorlax|Body Slam|p2a: Starmie\n|-crit|p2a: Starmie\n|-damage|p2a: Starmie|0 fnt\n|faint|p2a: Starmie\n|\n|t:|1785711298\n|switch|p2a: Exeggutor|Exeggutor|61/100 par\n|turn|47\n|\n|t:|1785711302\n|cant|p2a: Exeggutor|par\n|move|p1a: Snorlax|Rest|p1a: Snorlax\n|-status|p1a: Snorlax|slp|[from] move: Rest\n|-heal|p1a: Snorlax|100/100 slp|[silent]\n|\n|upkeep\n|turn|48\n|\n|t:|1785711307\n|switch|p1a: Starmie|Starmie|100/100\n|move|p2a: Exeggutor|Psychic|p1a: Starmie\n|-resisted|p1a: Starmie\n|-damage|p1a: Starmie|81/100\n|-unboost|p1a: Starmie|spa|1\n|-unboost|p1a: Starmie|spd|1\n|\n|upkeep\n|turn|49\n|\n|t:|1785711310\n|move|p1a: Starmie|Blizzard|p2a: Exeggutor\n|-supereffective|p2a: Exeggutor\n|-damage|p2a: Exeggutor|34/100 par\n|move|p2a: Exeggutor|Mega Drain|p1a: Starmie\n|-supereffective|p1a: Starmie\n|-damage|p1a: Starmie|27/100\n|-heal|p2a: Exeggutor|56/100 par|[from] drain|[of] p1a: Starmie\n|\n|upkeep\n|turn|50\n|\n|t:|1785711315\n|move|p1a: Starmie|Blizzard|p2a: Exeggutor\n|-supereffective|p2a: Exeggutor\n|-damage|p2a: Exeggutor|31/100 par\n|move|p2a: Exeggutor|Mega Drain|p1a: Starmie\n|-supereffective|p1a: Starmie\n|-damage|p1a: Starmie|0 fnt\n|-heal|p2a: Exeggutor|42/100 par|[from] drain|[of] p1a: Starmie\n|faint|p1a: Starmie\n|\n|t:|1785711319\n|switch|p1a: Tauros|Tauros|100/100\n|turn|51\n|\n|t:|1785711328\n|switch|p2a: Alakazam|Alakazam|53/100 slp\n|move|p1a: Tauros|Hyper Beam|p2a: Alakazam\n|-damage|p2a: Alakazam|0 fnt\n|faint|p2a: Alakazam\n|\n|t:|1785711340\n|switch|p2a: Tauros|Tauros|100/100\n|turn|52\n|\n|t:|1785711343\n|move|p2a: Tauros|Body Slam|p1a: Tauros\n|-damage|p1a: Tauros|70/100\n|move|p1a: Tauros|Blizzard|p2a: Tauros\n|-damage|p2a: Tauros|73/100\n|\n|upkeep\n|turn|53\n|\n|t:|1785711348\n|move|p2a: Tauros|Body Slam|p1a: Tauros\n|-crit|p1a: Tauros\n|-damage|p1a: Tauros|16/100\n|move|p1a: Tauros|Blizzard|p2a: Tauros\n|-damage|p2a: Tauros|47/100\n|\n|upkeep\n|turn|54\n|\n|t:|1785711352\n|switch|p2a: Snorlax|Snorlax|88/100\n|move|p1a: Tauros|Hyper Beam|p2a: Snorlax\n|-damage|p2a: Snorlax|47/100\n|-mustrecharge|p1a: Tauros\n|\n|upkeep\n|turn|55\n|\n|t:|1785711356\n|cant|p1a: Tauros|recharge\n|move|p2a: Snorlax|Body Slam|p1a: Tauros\n|-damage|p1a: Tauros|0 fnt\n|faint|p1a: Tauros\n|\n|t:|1785711357\n|switch|p1a: Chansey|Chansey|100/100\n|turn|56\n|\n|t:|1785711363\n|move|p1a: Chansey|Seismic Toss|p2a: Snorlax\n|-damage|p2a: Snorlax|28/100\n|move|p2a: Snorlax|Body Slam|p1a: Chansey\n|-damage|p1a: Chansey|59/100\n|\n|upkeep\n|turn|57\n|\n|t:|1785711369\n|move|p1a: Chansey|Sing|p2a: Snorlax\n|-status|p2a: Snorlax|slp|[from] move: Sing\n|cant|p2a: Snorlax|slp\n|\n|upkeep\n|turn|58\n|\n|t:|1785711377\n|switch|p2a: Zapdos|Zapdos|100/100\n|move|p1a: Chansey|Seismic Toss|p2a: Zapdos\n|-damage|p2a: Zapdos|74/100\n|\n|upkeep\n|turn|59\n|\n|t:|1785711380\n|move|p2a: Zapdos|Thunder Wave|p1a: Chansey\n|-status|p1a: Chansey|par\n|move|p1a: Chansey|Thunder Wave|p2a: Zapdos\n|-status|p2a: Zapdos|par\n|\n|upkeep\n|turn|60\n|\n|t:|1785711383\n|move|p2a: Zapdos|Drill Peck|p1a: Chansey\n|-crit|p1a: Chansey\n|-damage|p1a: Chansey|0 fnt\n|faint|p1a: Chansey\n|\n|t:|1785711385\n|switch|p1a: Snorlax|Snorlax|100/100 slp\n|turn|61\n|\n|t:|1785711390\n|cant|p1a: Snorlax|slp\n|cant|p2a: Zapdos|par\n|\n|upkeep\n|turn|62\n|\n|t:|1785711393\n|-curestatus|p1a: Snorlax|slp|[msg]\n|move|p2a: Zapdos|Thunder Wave|p1a: Snorlax\n|-status|p1a: Snorlax|par\n|\n|upkeep\n|turn|63\n|\n|t:|1785711395\n|move|p2a: Zapdos|Thunderbolt|p1a: Snorlax\n|-damage|p1a: Snorlax|69/100 par\n|cant|p1a: Snorlax|par\n|\n|upkeep\n|turn|64\n|\n|t:|1785711397\n|move|p2a: Zapdos|Thunderbolt|p1a: Snorlax\n|-damage|p1a: Snorlax|37/100 par\n|move|p1a: Snorlax|Body Slam|p2a: Zapdos\n|-damage|p2a: Zapdos|43/100 par\n|\n|upkeep\n|turn|65\n|\n|t:|1785711400\n|move|p2a: Zapdos|Thunderbolt|p1a: Snorlax\n|-damage|p1a: Snorlax|6/100 par\n|cant|p1a: Snorlax|par\n|\n|upkeep\n|turn|66\n|\n|t:|1785711402\n|cant|p2a: Zapdos|par\n|move|p1a: Snorlax|Rest|p1a: Snorlax\n|-status|p1a: Snorlax|slp|[from] move: Rest\n|-heal|p1a: Snorlax|100/100 slp|[silent]\n|\n|upkeep\n|turn|67\n|\n|t:|1785711404\n|move|p2a: Zapdos|Thunderbolt|p1a: Snorlax\n|-damage|p1a: Snorlax|66/100 slp\n|cant|p1a: Snorlax|slp\n|\n|upkeep\n|turn|68\n|\n|t:|1785711406\n|cant|p2a: Zapdos|par\n|-curestatus|p1a: Snorlax|slp|[msg]\n|\n|upkeep\n|turn|69\n|\n|t:|1785711410\n|move|p2a: Zapdos|Thunderbolt|p1a: Snorlax\n|-damage|p1a: Snorlax|35/100\n|move|p1a: Snorlax|Body Slam|p2a: Zapdos\n|-damage|p2a: Zapdos|10/100 par\n|\n|upkeep\n|turn|70\n|\n|t:|1785711414\n|move|p2a: Zapdos|Thunderbolt|p1a: Snorlax\n|-damage|p1a: Snorlax|3/100\n|move|p1a: Snorlax|Rest|p1a: Snorlax\n|-status|p1a: Snorlax|slp|[from] move: Rest\n|-heal|p1a: Snorlax|100/100 slp|[silent]\n|\n|upkeep\n|turn|71\n|\n|t:|1785711416\n|cant|p2a: Zapdos|par\n|cant|p1a: Snorlax|slp\n|\n|upkeep\n|turn|72\n|\n|t:|1785711418\n|move|p2a: Zapdos|Thunderbolt|p1a: Snorlax\n|-damage|p1a: Snorlax|68/100 slp\n|-curestatus|p1a: Snorlax|slp|[msg]\n|\n|upkeep\n|turn|73\n|\n|t:|1785711420\n|move|p2a: Zapdos|Thunderbolt|p1a: Snorlax\n|-damage|p1a: Snorlax|37/100\n|move|p1a: Snorlax|Reflect|p1a: Snorlax\n|-start|p1a: Snorlax|Reflect\n|\n|upkeep\n|turn|74\n|\n|t:|1785711427\n|move|p2a: Zapdos|Thunderbolt|p1a: Snorlax\n|-damage|p1a: Snorlax|4/100\n|move|p1a: Snorlax|Rest|p1a: Snorlax\n|-status|p1a: Snorlax|slp|[from] move: Rest\n|-heal|p1a: Snorlax|100/100 slp|[silent]\n|\n|upkeep\n|turn|75\n|\n|t:|1785711429\n|move|p2a: Zapdos|Thunderbolt|p1a: Snorlax\n|-damage|p1a: Snorlax|66/100 slp\n|cant|p1a: Snorlax|slp\n|\n|upkeep\n|turn|76\n|\n|t:|1785711431\n|move|p2a: Zapdos|Thunderbolt|p1a: Snorlax\n|-crit|p1a: Snorlax\n|-damage|p1a: Snorlax|3/100 slp\n|-curestatus|p1a: Snorlax|slp|[msg]\n|\n|upkeep\n|turn|77\n|\n|t:|1785711435\n|move|p2a: Zapdos|Thunderbolt|p1a: Snorlax\n|-damage|p1a: Snorlax|0 fnt\n|faint|p1a: Snorlax\n|\n|t:|1785711437\n|switch|p1a: Alakazam|Alakazam|100/100 slp\n|turn|78\n|\n|t:|1785711447\n|cant|p1a: Alakazam|slp\n|move|p2a: Zapdos|Agility|p2a: Zapdos\n|-boost|p2a: Zapdos|spe|2\n|\n|upkeep\n|turn|79\n|\n|t:|1785711452\n|move|p2a: Zapdos|Drill Peck|p1a: Alakazam\n|-damage|p1a: Alakazam|58/100 slp\n|cant|p1a: Alakazam|slp\n|\n|upkeep\n|turn|80\n|\n|t:|1785711454\n|move|p2a: Zapdos|Drill Peck|p1a: Alakazam\n|-damage|p1a: Alakazam|14/100 slp\n|cant|p1a: Alakazam|slp\n|\n|upkeep\n|turn|81\n|\n|t:|1785711456\n|cant|p2a: Zapdos|par\n|-curestatus|p1a: Alakazam|slp|[msg]\n|\n|upkeep\n|turn|82\n|\n|t:|1785711458\n|move|p2a: Zapdos|Drill Peck|p1a: Alakazam\n|-damage|p1a: Alakazam|0 fnt\n|faint|p1a: Alakazam\n|\n|win|sadisticnarwhal\n|c|☆stunner047|ggs\n|c|☆sadisticnarwhal|ggs\n|player|p2|\n|player|p1|\n","uploadtime":1785711458,"views":"51","formatid":"gen1ou","rating":null,"private":0,"password":null}