{"id":"smogtours-gen1ou-945401","format":"[Gen 1] OU","players":["sky","stunner047"],"log":"|inactive|Battle timer is ON: inactive players will automatically lose when time's up.\n|t:|1781199828\n|gametype|singles\n|player|p1|sky|#scl1islanders|\n|player|p2|stunner047|#rbypliiidingdangdewgongs|\n|gen|1\n|tier|[Gen 1] OU\n|rule|Desync Clause Mod: Desyncs changed to move failure.\n|rule|HP Percentage Mod: HP is shown in percentages\n|rule|Endless Battle Clause: Forcing endless battles is banned\n|rule|Sleep Clause Mod: Limit one foe put to sleep\n|rule|Freeze Clause Mod: Limit one foe frozen\n|rule|Species Clause: Limit one of each Pokémon\n|rule|OHKO Clause: OHKO moves are banned\n|rule|Evasion Moves Clause: Evasion moves are banned\n|\n|t:|1781199828\n|teamsize|p1|6\n|teamsize|p2|6\n|start\n|switch|p1a: Gengar|Gengar|100/100\n|switch|p2a: Alakazam|Alakazam|100/100\n|turn|1\n|c|☆stunner047|gl hf\n|\n|t:|1781199837\n|switch|p2a: Exeggutor|Exeggutor|100/100\n|switch|p1a: Chansey|Chansey|100/100\n|\n|upkeep\n|turn|2\n|\n|t:|1781199841\n|switch|p1a: Starmie|Starmie|100/100\n|move|p2a: Exeggutor|Sleep Powder|p1a: Starmie\n|-status|p1a: Starmie|slp|[from] move: Sleep Powder\n|\n|upkeep\n|turn|3\n|\n|t:|1781199844\n|-curestatus|p1a: Starmie|slp|[msg]\n|move|p2a: Exeggutor|Psychic|p1a: Starmie\n|-resisted|p1a: Starmie\n|-damage|p1a: Starmie|81/100\n|-unboost|p1a: Starmie|spa|1\n|-unboost|p1a: Starmie|spd|1\n|\n|upkeep\n|turn|4\n|\n|t:|1781199847\n|move|p1a: Starmie|Blizzard|p2a: Exeggutor\n|-supereffective|p2a: Exeggutor\n|-damage|p2a: Exeggutor|75/100\n|move|p2a: Exeggutor|Sleep Powder|p1a: Starmie\n|-status|p1a: Starmie|slp|[from] move: Sleep Powder\n|\n|upkeep\n|turn|5\n|\n|t:|1781199851\n|cant|p1a: Starmie|slp\n|move|p2a: Exeggutor|Psychic|p1a: Starmie\n|-resisted|p1a: Starmie\n|-damage|p1a: Starmie|50/100 slp\n|\n|upkeep\n|turn|6\n|\n|t:|1781199859\n|switch|p1a: Chansey|Chansey|100/100\n|move|p2a: Exeggutor|Psychic|p1a: Chansey\n|-damage|p1a: Chansey|84/100\n|\n|upkeep\n|turn|7\n|\n|t:|1781199862\n|move|p2a: Exeggutor|Stun Spore|p1a: Chansey\n|-status|p1a: Chansey|par\n|cant|p1a: Chansey|par\n|\n|upkeep\n|turn|8\n|\n|t:|1781199864\n|move|p2a: Exeggutor|Psychic|p1a: Chansey\n|-damage|p1a: Chansey|67/100 par\n|move|p1a: Chansey|Ice Beam|p2a: Exeggutor\n|-supereffective|p2a: Exeggutor\n|-damage|p2a: Exeggutor|44/100\n|\n|upkeep\n|turn|9\n|\n|t:|1781199866\n|move|p2a: Exeggutor|Explosion|p1a: Chansey\n|-damage|p1a: Chansey|0 fnt\n|faint|p1a: Chansey\n|faint|p2a: Exeggutor\n|\n|t:|1781199870\n|switch|p2a: Alakazam|Alakazam|100/100\n|switch|p1a: Exeggutor|Exeggutor|100/100\n|turn|10\n|\n|t:|1781199874\n|move|p2a: Alakazam|Thunder Wave|p1a: Exeggutor\n|-status|p1a: Exeggutor|par\n|move|p1a: Exeggutor|Sleep Powder|p2a: Alakazam|[miss]\n|-miss|p1a: Exeggutor\n|\n|upkeep\n|turn|11\n|\n|t:|1781199876\n|move|p2a: Alakazam|Seismic Toss|p1a: Exeggutor\n|-damage|p1a: Exeggutor|75/100 par\n|cant|p1a: Exeggutor|par\n|\n|upkeep\n|turn|12\n|\n|t:|1781199878\n|move|p2a: Alakazam|Seismic Toss|p1a: Exeggutor\n|-damage|p1a: Exeggutor|50/100 par\n|move|p1a: Exeggutor|Sleep Powder|p2a: Alakazam|[miss]\n|-miss|p1a: Exeggutor\n|\n|upkeep\n|turn|13\n|\n|t:|1781199880\n|move|p2a: Alakazam|Seismic Toss|p1a: Exeggutor\n|-damage|p1a: Exeggutor|24/100 par\n|cant|p1a: Exeggutor|par\n|\n|upkeep\n|turn|14\n|c|☆sky|right\n|\n|t:|1781199894\n|switch|p1a: Snorlax|Snorlax|100/100\n|move|p2a: Alakazam|Seismic Toss|p1a: Snorlax\n|-damage|p1a: Snorlax|81/100\n|\n|upkeep\n|turn|15\n|\n|t:|1781199901\n|switch|p2a: Chansey|Chansey|100/100\n|move|p1a: Snorlax|Body Slam|p2a: Chansey\n|-damage|p2a: Chansey|59/100\n|\n|upkeep\n|turn|16\n|\n|t:|1781199905\n|move|p2a: Chansey|Thunder Wave|p1a: Snorlax\n|-status|p1a: Snorlax|par\n|cant|p1a: Snorlax|par\n|\n|upkeep\n|turn|17\n|\n|t:|1781199910\n|switch|p1a: Gengar|Gengar|100/100\n|move|p2a: Chansey|Soft-Boiled|p2a: Chansey\n|-heal|p2a: Chansey|100/100\n|\n|upkeep\n|turn|18\n|\n|t:|1781199915\n|move|p1a: Gengar|Hypnosis|p2a: Chansey\n|-status|p2a: Chansey|slp|[from] move: Hypnosis\n|cant|p2a: Chansey|slp\n|\n|upkeep\n|turn|19\n|\n|t:|1781199919\n|switch|p1a: Exeggutor|Exeggutor|24/100 par\n|switch|p2a: Alakazam|Alakazam|100/100\n|\n|upkeep\n|turn|20\n|\n|t:|1781199926\n|switch|p1a: Gengar|Gengar|100/100\n|move|p2a: Alakazam|Seismic Toss|p1a: Gengar\n|-damage|p1a: Gengar|70/100\n|\n|upkeep\n|turn|21\n|\n|t:|1781199931\n|switch|p1a: Snorlax|Snorlax|81/100 par\n|move|p2a: Alakazam|Psychic|p1a: Snorlax\n|-damage|p1a: Snorlax|46/100 par\n|\n|upkeep\n|turn|22\n|\n|t:|1781199936\n|move|p2a: Alakazam|Psychic|p1a: Snorlax\n|-crit|p1a: Snorlax\n|-damage|p1a: Snorlax|0 fnt\n|faint|p1a: Snorlax\n|inactive|sky has 270 seconds left.\n|c|☆sky|these 2 coulda been dead sobsob\n|c|☆sky|ggs\n|-message|sky forfeited.\n|\n|win|stunner047\n|c|☆stunner047|ggs\n|player|p1|\n","uploadtime":1781199979,"views":"70","formatid":"gen1ou","rating":null,"private":2,"password":null}