{"id":"smogtours-gen1ou-814554","format":"[Gen 1] OU","players":["Serpi n_n","WarumFelix"],"log":"|inactive|Battle timer is ON: inactive players will automatically lose when time's up.\n|t:|1737202656\n|gametype|singles\n|player|p1|Serpi n_n|#splxviraiders|\n|player|p2|WarumFelix|boarder|\n|teamsize|p1|6\n|teamsize|p2|6\n|gen|1\n|tier|[Gen 1] OU\n|rule|Desync Clause Mod: Desyncs changed to move failure.\n|rule|Sleep Clause Mod: Limit one foe put to sleep\n|rule|Freeze Clause Mod: Limit one foe frozen\n|rule|Species Clause: Limit one of each Pokémon\n|rule|OHKO Clause: OHKO moves are banned\n|rule|Evasion Moves Clause: Evasion moves are banned\n|rule|Endless Battle Clause: Forcing endless battles is banned\n|rule|HP Percentage Mod: HP is shown in percentages\n|\n|t:|1737202656\n|start\n|switch|p1a: Starmie|Starmie|100/100\n|switch|p2a: Chansey|Chansey|100/100\n|turn|1\n|c|☆WarumFelix|gl hf\n|c|☆Serpi n_n|hf\n|\n|t:|1737202664\n|move|p1a: Starmie|Blizzard|p2a: Chansey|[miss]\n|-miss|p1a: Starmie\n|move|p2a: Chansey|Sing|p1a: Starmie\n|-status|p1a: Starmie|slp|[from] move: Sing\n|\n|upkeep\n|turn|2\n|c|+Fakes|ole ole ole \n|c|+Fakes|derbytime\n|c|+Fakes|gl both\n|inactive|Serpi n_n has 270 seconds left.\n|rated|Smogon Premier League\n|inactive|WarumFelix has 270 seconds left.\n|\n|t:|1737202720\n|switch|p2a: Starmie|Starmie|100/100\n|cant|p1a: Starmie|slp\n|\n|upkeep\n|turn|3\n|inactive|Serpi n_n has 240 seconds left.\n|inactive|WarumFelix has 270 seconds left.\n|\n|t:|1737202750\n|switch|p1a: Chansey|Chansey|100/100\n|move|p2a: Starmie|Thunderbolt|p1a: Chansey\n|-damage|p1a: Chansey|91/100\n|-status|p1a: Chansey|par\n|\n|upkeep\n|turn|4\n|inactive|WarumFelix has 240 seconds left.\n|inactive|WarumFelix has 210 seconds left.\n|rated|Smogon Premier League\n|\n|t:|1737202823\n|move|p2a: Starmie|Surf|p1a: Chansey\n|-damage|p1a: Chansey|75/100 par\n|move|p1a: Chansey|Ice Beam|p2a: Starmie\n|-crit|p2a: Starmie\n|-resisted|p2a: Starmie\n|-damage|p2a: Starmie|76/100\n|\n|upkeep\n|turn|5\n|inactive|Serpi n_n has 240 seconds left.\n|inactive|WarumFelix has 180 seconds left.\n|\n|t:|1737202858\n|switch|p2a: Snorlax|Snorlax|100/100\n|move|p1a: Chansey|Soft-Boiled|p1a: Chansey\n|-heal|p1a: Chansey|100/100 par\n|\n|upkeep\n|turn|6\n|inactive|WarumFelix has 180 seconds left.\n|inactive|WarumFelix has 150 seconds left.\n|\n|t:|1737202901\n|switch|p2a: Starmie|Starmie|76/100\n|switch|p1a: Exeggutor|Exeggutor|100/100\n|\n|upkeep\n|turn|7\n|inactive|WarumFelix has 150 seconds left.\n|\n|t:|1737202916\n|switch|p1a: Chansey|Chansey|100/100 par\n|move|p2a: Starmie|Thunder Wave|p1a: Chansey\n|-fail|p1a: Chansey|par\n|\n|upkeep\n|turn|8\n|\n|t:|1737202930\n|switch|p2a: Snorlax|Snorlax|100/100\n|move|p1a: Chansey|Ice Beam|p2a: Snorlax\n|-damage|p2a: Snorlax|83/100\n|\n|upkeep\n|turn|9\n|inactive|Serpi n_n has 240 seconds left.\n|inactive|WarumFelix has 150 seconds left.\n|\n|t:|1737202979\n|switch|p1a: Exeggutor|Exeggutor|100/100\n|move|p2a: Snorlax|Body Slam|p1a: Exeggutor\n|-damage|p1a: Exeggutor|71/100\n|-status|p1a: Exeggutor|par\n|\n|upkeep\n|turn|10\n|inactive|WarumFelix has 120 seconds left.\n|\n|t:|1737202999\n|switch|p2a: Starmie|Starmie|76/100\n|move|p1a: Exeggutor|Sleep Powder|p2a: Starmie\n|-status|p2a: Starmie|slp|[from] move: Sleep Powder\n|\n|upkeep\n|turn|11\n|\n|t:|1737203007\n|switch|p2a: Chansey|Chansey|100/100\n|move|p1a: Exeggutor|Stun Spore|p2a: Chansey\n|-status|p2a: Chansey|par\n|\n|upkeep\n|turn|12\n|inactive|WarumFelix has 120 seconds left.\n|inactive|Serpi n_n has 240 seconds left.\n|\n|t:|1737203051\n|switch|p1a: Snorlax|Snorlax|100/100\n|move|p2a: Chansey|Thunder Wave|p1a: Snorlax\n|-status|p1a: Snorlax|par\n|\n|upkeep\n|turn|13\n|\n|t:|1737203060\n|switch|p2a: Snorlax|Snorlax|83/100\n|move|p1a: Snorlax|Body Slam|p2a: Snorlax\n|-damage|p2a: Snorlax|55/100\n|\n|upkeep\n|turn|14\n|inactive|Serpi n_n has 240 seconds left.\n|\n|t:|1737203078\n|switch|p1a: Cloyster|Cloyster|100/100\n|move|p2a: Snorlax|Body Slam|p1a: Cloyster\n|-damage|p1a: Cloyster|76/100\n|-status|p1a: Cloyster|par\n|\n|upkeep\n|turn|15\n|inactive|Serpi n_n has 240 seconds left.\n|inactive|WarumFelix has 120 seconds left.\n|\n|t:|1737203102\n|switch|p2a: Chansey|Chansey|100/100 par\n|move|p1a: Cloyster|Blizzard|p2a: Chansey\n|-damage|p2a: Chansey|84/100 par\n|\n|upkeep\n|turn|16\n|\n|t:|1737203115\n|switch|p1a: Snorlax|Snorlax|100/100 par\n|move|p2a: Chansey|Ice Beam|p1a: Snorlax\n|-crit|p1a: Snorlax\n|-damage|p1a: Snorlax|60/100 par\n|\n|upkeep\n|turn|17\n|inactive|Serpi n_n has 240 seconds left.\n|inactive|WarumFelix has 90 seconds left.\n|\n|t:|1737203148\n|switch|p2a: Snorlax|Snorlax|55/100\n|move|p1a: Snorlax|Body Slam|p2a: Snorlax\n|-damage|p2a: Snorlax|27/100\n|\n|upkeep\n|turn|18\n|inactive|Serpi n_n has 240 seconds left.\n|inactive|WarumFelix has 90 seconds left.\n|\n|t:|1737203176\n|move|p2a: Snorlax|Rest|p2a: Snorlax\n|-status|p2a: Snorlax|slp|[from] move: Rest\n|-heal|p2a: Snorlax|100/100 slp|[silent]\n|move|p1a: Snorlax|Hyper Beam|p2a: Snorlax\n|-crit|p2a: Snorlax\n|-damage|p2a: Snorlax|2/100 slp\n|-mustrecharge|p1a: Snorlax\n|\n|upkeep\n|turn|19\n|\n|t:|1737203204\n|switch|p2a: Rhydon|Rhydon|100/100\n|cant|p1a: Snorlax|recharge\n|\n|upkeep\n|turn|20\n|inactive|Serpi n_n has 240 seconds left.\n|\n|t:|1737203234\n|switch|p1a: Exeggutor|Exeggutor|71/100 par\n|move|p2a: Rhydon|Earthquake|p1a: Exeggutor\n|-crit|p1a: Exeggutor\n|-resisted|p1a: Exeggutor\n|-damage|p1a: Exeggutor|33/100 par\n|\n|upkeep\n|turn|21\n|inactive|WarumFelix has 60 seconds left.\n|inactive|Serpi n_n has 210 seconds left.\n|inactive|WarumFelix has 30 seconds left.\n|\n|t:|1737203284\n|switch|p2a: Starmie|Starmie|76/100 slp\n|move|p1a: Exeggutor|Stun Spore|p2a: Starmie\n|-fail|p2a: Starmie\n|\n|upkeep\n|turn|22\n|\n|t:|1737203298\n|switch|p2a: Chansey|Chansey|84/100 par\n|move|p1a: Exeggutor|Psychic|p2a: Chansey\n|-damage|p2a: Chansey|67/100 par\n|\n|upkeep\n|turn|23\n|inactive|Serpi n_n has 180 seconds left.\n|inactive|WarumFelix has 30 seconds left.\n|\n|t:|1737203330\n|switch|p1a: Tauros|Tauros|100/100\n|move|p2a: Chansey|Ice Beam|p1a: Tauros\n|-damage|p1a: Tauros|72/100\n|\n|upkeep\n|turn|24\n|inactive|WarumFelix has 30 seconds left.\n|inactive|WarumFelix has 20 seconds left.\n|inactive|WarumFelix has 15 seconds left.\n|inactive|WarumFelix has 10 seconds left.\n|\n|t:|1737203361\n|switch|p2a: Exeggutor|Exeggutor|100/100\n|move|p1a: Tauros|Body Slam|p2a: Exeggutor\n|-damage|p2a: Exeggutor|74/100\n|\n|upkeep\n|turn|25\n|inactive|WarumFelix has 20 seconds left this turn.\n|inactive|Serpi n_n has 180 seconds left.\n|inactive|Serpi n_n has 150 seconds left.\n|\n|t:|1737203424\n|switch|p1a: Chansey|Chansey|100/100 par\n|move|p2a: Exeggutor|Psychic|p1a: Chansey\n|-damage|p1a: Chansey|84/100 par\n|\n|upkeep\n|turn|26\n|inactive|WarumFelix has 30 seconds left this turn.\n|inactive|Serpi n_n has 120 seconds left.\n|inactive|WarumFelix has 20 seconds left.\n|\n|t:|1737203467\n|switch|p1a: Tauros|Tauros|72/100\n|move|p2a: Exeggutor|Psychic|p1a: Tauros\n|-damage|p1a: Tauros|31/100\n|-unboost|p1a: Tauros|spa|1\n|-unboost|p1a: Tauros|spd|1\n|\n|upkeep\n|turn|27\n|inactive|WarumFelix has 30 seconds left this turn.\n|inactive|Serpi n_n has 90 seconds left.\n|\n|t:|1737203487\n|switch|p1a: Starmie|Starmie|100/100 slp\n|move|p2a: Exeggutor|Psychic|p1a: Starmie\n|-resisted|p1a: Starmie\n|-damage|p1a: Starmie|81/100 slp\n|\n|upkeep\n|turn|28\n|inactive|Serpi n_n has 90 seconds left.\n|inactive|WarumFelix has 30 seconds left.\n|\n|t:|1737203502\n|switch|p2a: Tauros|Tauros|100/100\n|cant|p1a: Starmie|slp\n|\n|upkeep\n|turn|29\n|\n|t:|1737203510\n|cant|p1a: Starmie|slp\n|move|p2a: Tauros|Body Slam|p1a: Starmie\n|-crit|p1a: Starmie\n|-damage|p1a: Starmie|15/100 slp\n|\n|upkeep\n|turn|30\n|\n|t:|1737203515\n|switch|p1a: Cloyster|Cloyster|76/100 par\n|move|p2a: Tauros|Body Slam|p1a: Cloyster\n|-damage|p1a: Cloyster|55/100 par\n|\n|upkeep\n|turn|31\n|\n|t:|1737203534\n|switch|p2a: Chansey|Chansey|67/100 par\n|move|p1a: Cloyster|Blizzard|p2a: Chansey\n|-damage|p2a: Chansey|49/100 par\n|\n|upkeep\n|turn|32\n|\n|t:|1737203551\n|move|p1a: Cloyster|Rest|p1a: Cloyster\n|-status|p1a: Cloyster|slp|[from] move: Rest\n|-heal|p1a: Cloyster|100/100 slp|[silent]\n|move|p2a: Chansey|Soft-Boiled|p2a: Chansey\n|-heal|p2a: Chansey|99/100 par\n|\n|upkeep\n|turn|33\n|\n|t:|1737203558\n|switch|p2a: Rhydon|Rhydon|100/100\n|cant|p1a: Cloyster|slp\n|\n|upkeep\n|turn|34\n|\n|t:|1737203574\n|move|p2a: Rhydon|Rock Slide|p1a: Cloyster\n|-supereffective|p1a: Cloyster\n|-damage|p1a: Cloyster|54/100 slp\n|-curestatus|p1a: Cloyster|slp|[msg]\n|\n|upkeep\n|turn|35\n|\n|t:|1737203580\n|switch|p2a: Chansey|Chansey|99/100 par\n|move|p1a: Cloyster|Blizzard|p2a: Chansey\n|-damage|p2a: Chansey|83/100 par\n|\n|upkeep\n|turn|36\n|\n|t:|1737203598\n|move|p1a: Cloyster|Clamp|p2a: Chansey|[miss]\n|-miss|p1a: Cloyster\n|move|p2a: Chansey|Ice Beam|p1a: Cloyster\n|-resisted|p1a: Cloyster\n|-damage|p1a: Cloyster|48/100\n|\n|upkeep\n|turn|37\n|\n|t:|1737203610\n|move|p1a: Cloyster|Clamp|p2a: Chansey\n|-damage|p2a: Chansey|78/100 par\n|cant|p2a: Chansey|partiallytrapped\n|\n|upkeep\n|turn|38\n|\n|t:|1737203616\n|switch|p2a: Exeggutor|Exeggutor|74/100\n|move|p1a: Cloyster|Clamp|p2a: Exeggutor\n|-resisted|p2a: Exeggutor\n|-damage|p2a: Exeggutor|70/100\n|\n|upkeep\n|turn|39\n|inactive|WarumFelix has 90 seconds left.\n|\n|t:|1737203638\n|switch|p1a: Exeggutor|Exeggutor|33/100 par\n|cant|p2a: Exeggutor|partiallytrapped\n|\n|upkeep\n|turn|40\n|inactive|WarumFelix has 90 seconds left.\n|\n|t:|1737203670\n|switch|p2a: Chansey|Chansey|78/100 par\n|cant|p1a: Exeggutor|par\n|\n|upkeep\n|turn|41\n|\n|t:|1737203685\n|move|p1a: Exeggutor|Explosion|p2a: Chansey\n|-damage|p2a: Chansey|0 fnt\n|faint|p2a: Chansey\n|faint|p1a: Exeggutor\n|inactive|WarumFelix has 60 seconds left.\n|\n|t:|1737203713\n|switch|p1a: Cloyster|Cloyster|48/100\n|switch|p2a: Tauros|Tauros|100/100\n|turn|42\n|inactive|WarumFelix has 60 seconds left.\n|\n|t:|1737203723\n|move|p2a: Tauros|Body Slam|p1a: Cloyster\n|-damage|p1a: Cloyster|27/100\n|move|p1a: Cloyster|Blizzard|p2a: Tauros\n|-damage|p2a: Tauros|57/100\n|\n|upkeep\n|turn|43\n|inactive|WarumFelix has 60 seconds left.\n|inactive|Serpi n_n has 90 seconds left.\n|inactive|WarumFelix has 30 seconds left.\n|inactive|Serpi n_n has 60 seconds left.\n|\n|t:|1737203790\n|switch|p1a: Snorlax|Snorlax|60/100 par\n|move|p2a: Tauros|Body Slam|p1a: Snorlax\n|-damage|p1a: Snorlax|35/100 par\n|\n|upkeep\n|turn|44\n|inactive|WarumFelix has 30 seconds left.\n|inactive|WarumFelix has 20 seconds left.\n|inactive|WarumFelix has 15 seconds left.\n|\n|t:|1737203811\n|switch|p2a: Rhydon|Rhydon|100/100\n|switch|p1a: Chansey|Chansey|84/100 par\n|\n|upkeep\n|turn|45\n|inactive|WarumFelix has 25 seconds left this turn.\n|inactive|WarumFelix has 20 seconds left.\n|inactive|WarumFelix has 15 seconds left.\n|inactive|WarumFelix has 10 seconds left.\n|\n|t:|1737203827\n|switch|p1a: Starmie|Starmie|15/100 slp\n|move|p2a: Rhydon|Earthquake|p1a: Starmie\n|-damage|p1a: Starmie|0 fnt\n|faint|p1a: Starmie\n|inactive|WarumFelix has 15 seconds left this turn.\n|\n|t:|1737203829\n|switch|p1a: Cloyster|Cloyster|27/100\n|turn|46\n|inactive|WarumFelix has 25 seconds left this turn.\n|inactive|WarumFelix has 20 seconds left.\n|inactive|WarumFelix has 15 seconds left.\n|inactive|WarumFelix has 10 seconds left.\n|\n|t:|1737203845\n|switch|p2a: Exeggutor|Exeggutor|70/100\n|move|p1a: Cloyster|Blizzard|p2a: Exeggutor\n|-supereffective|p2a: Exeggutor\n|-damage|p2a: Exeggutor|16/100\n|\n|upkeep\n|turn|47\n|inactive|WarumFelix has 20 seconds left this turn.\n|inactive|WarumFelix has 15 seconds left.\n|inactive|Serpi n_n has 30 seconds left.\n|inactive|Serpi n_n has 20 seconds left.\n|inactive|Serpi n_n has 15 seconds left.\n|\n|t:|1737203894\n|switch|p2a: Snorlax|Snorlax|2/100 slp\n|move|p1a: Cloyster|Blizzard|p2a: Snorlax\n|-damage|p2a: Snorlax|0 fnt\n|faint|p2a: Snorlax\n|inactive|Serpi n_n has 20 seconds left this turn.\n|inactive|WarumFelix has 20 seconds left this turn.\n|\n|t:|1737203896\n|switch|p2a: Tauros|Tauros|57/100\n|turn|48\n|inactive|Serpi n_n has 30 seconds left this turn.\n|inactive|WarumFelix has 30 seconds left this turn.\n|inactive|Serpi n_n has 20 seconds left.\n|inactive|WarumFelix has 20 seconds left.\n|inactive|Serpi n_n has 15 seconds left.\n|inactive|WarumFelix has 15 seconds left.\n|inactive|Serpi n_n has 10 seconds left.\n|\n|t:|1737203918\n|move|p2a: Tauros|Body Slam|p1a: Cloyster\n|-damage|p1a: Cloyster|7/100\n|-status|p1a: Cloyster|par\n|move|p1a: Cloyster|Explosion|p2a: Tauros\n|-damage|p2a: Tauros|0 fnt\n|faint|p2a: Tauros\n|faint|p1a: Cloyster\n|inactive|Serpi n_n has 20 seconds left this turn.\n|inactive|WarumFelix has 25 seconds left this turn.\n|inactive|Serpi n_n has 15 seconds left.\n|inactive|WarumFelix has 20 seconds left.\n|inactive|Serpi n_n has 10 seconds left.\n|inactive|Serpi n_n has 5 seconds left.\n|\n|t:|1737203935\n|switch|p2a: Rhydon|Rhydon|100/100\n|switch|p1a: Chansey|Chansey|84/100 par\n|turn|49\n|inactive|Serpi n_n has 15 seconds left this turn.\n|inactive|WarumFelix has 30 seconds left this turn.\n|\n|t:|1737203940\n|move|p2a: Rhydon|Substitute|p2a: Rhydon\n|-start|p2a: Rhydon|Substitute\n|-damage|p2a: Rhydon|76/100\n|cant|p1a: Chansey|par\n|\n|upkeep\n|turn|50\n|inactive|Serpi n_n has 25 seconds left this turn.\n|\n|t:|1737203944\n|move|p2a: Rhydon|Earthquake|p1a: Chansey\n|-damage|p1a: Chansey|31/100 par\n|move|p1a: Chansey|Ice Beam|p2a: Rhydon\n|-crit|p2a: Rhydon\n|-supereffective|p2a: Rhydon\n|-end|p2a: Rhydon|Substitute\n|\n|upkeep\n|turn|51\n|inactive|Serpi n_n has 30 seconds left.\n|\n|t:|1737203952\n|move|p2a: Rhydon|Earthquake|p1a: Chansey\n|-damage|p1a: Chansey|0 fnt\n|faint|p1a: Chansey\n|\n|t:|1737203954\n|switch|p1a: Tauros|Tauros|31/100\n|turn|52\n|\n|t:|1737203964\n|move|p1a: Tauros|Blizzard|p2a: Rhydon|[miss]\n|-miss|p1a: Tauros\n|move|p2a: Rhydon|Earthquake|p1a: Tauros\n|-damage|p1a: Tauros|0 fnt\n|faint|p1a: Tauros\n|\n|t:|1737203967\n|switch|p1a: Snorlax|Snorlax|35/100 par\n|turn|53\n|\n|t:|1737203969\n|move|p2a: Rhydon|Earthquake|p1a: Snorlax\n|-damage|p1a: Snorlax|0 fnt\n|faint|p1a: Snorlax\n|\n|win|WarumFelix\n|c|☆WarumFelix|ggs\n|c|☆Serpi n_n|ggs\n|player|p2|\n","uploadtime":1737203969,"views":"2702","formatid":"gen1ou","rating":null,"private":0,"password":null}