{"id":"smogtours-gen1ou-945791","format":"[Gen 1] OU","players":["TPM","HSOWA"],"log":"|inactive|Battle timer is ON: inactive players will automatically lose when time's up.\n|t:|1781304102\n|gametype|singles\n|player|p1|TPM|#rbywc2025|\n|player|p2|HSOWA|#lcclifennekins|\n|gen|1\n|tier|[Gen 1] OU\n|rule|Desync Clause Mod: Desyncs changed to move failure.\n|rule|HP Percentage Mod: HP is shown in percentages\n|rule|Endless Battle Clause: Forcing endless battles is banned\n|rule|Sleep Clause Mod: Limit one foe put to sleep\n|rule|Freeze Clause Mod: Limit one foe frozen\n|rule|Species Clause: Limit one of each Pokémon\n|rule|OHKO Clause: OHKO moves are banned\n|rule|Evasion Moves Clause: Evasion moves are banned\n|\n|t:|1781304102\n|teamsize|p1|6\n|teamsize|p2|6\n|start\n|switch|p1a: Alakazam|Alakazam|100/100\n|switch|p2a: Gengar|Gengar|100/100\n|turn|1\n|c|☆HSOWA|hf\n|\n|t:|1781304112\n|switch|p1a: Exeggutor|Exeggutor|100/100\n|switch|p2a: Exeggutor|Exeggutor|100/100\n|\n|upkeep\n|turn|2\n|\n|t:|1781304141\n|switch|p1a: Alakazam|Alakazam|100/100\n|move|p2a: Exeggutor|Sleep Powder|p1a: Alakazam\n|-status|p1a: Alakazam|slp|[from] move: Sleep Powder\n|\n|upkeep\n|turn|3\n|\n|t:|1781304150\n|cant|p1a: Alakazam|slp\n|move|p2a: Exeggutor|Psychic|p1a: Alakazam\n|-resisted|p1a: Alakazam\n|-damage|p1a: Alakazam|84/100 slp\n|-unboost|p1a: Alakazam|spa|1\n|-unboost|p1a: Alakazam|spd|1\n|\n|upkeep\n|turn|4\n|\n|t:|1781304155\n|switch|p1a: Exeggutor|Exeggutor|100/100\n|move|p2a: Exeggutor|Psychic|p1a: Exeggutor\n|-resisted|p1a: Exeggutor\n|-damage|p1a: Exeggutor|87/100\n|\n|upkeep\n|turn|5\n|inactive|HSOWA has 270 seconds left.\n|\n|t:|1781304194\n|move|p2a: Exeggutor|Psychic|p1a: Exeggutor\n|-resisted|p1a: Exeggutor\n|-damage|p1a: Exeggutor|75/100\n|move|p1a: Exeggutor|Sleep Powder|p2a: Exeggutor\n|-status|p2a: Exeggutor|slp|[from] move: Sleep Powder\n|\n|upkeep\n|turn|6\n|inactive|HSOWA has 270 seconds left.\n|inactive|TPM has 270 seconds left.\n|\n|t:|1781304245\n|switch|p1a: Tauros|Tauros|100/100\n|cant|p2a: Exeggutor|slp\n|\n|upkeep\n|turn|7\n|\n|t:|1781304253\n|switch|p2a: Snorlax|Snorlax|100/100\n|move|p1a: Tauros|Body Slam|p2a: Snorlax\n|-damage|p2a: Snorlax|77/100\n|\n|upkeep\n|turn|8\n|\n|t:|1781304263\n|switch|p1a: Chansey|Chansey|100/100\n|move|p2a: Snorlax|Body Slam|p1a: Chansey\n|-damage|p1a: Chansey|58/100\n|\n|upkeep\n|turn|9\n|inactive|HSOWA has 270 seconds left.\n|\n|t:|1781304295\n|move|p1a: Chansey|Soft-Boiled|p1a: Chansey\n|-heal|p1a: Chansey|100/100\n|move|p2a: Snorlax|Body Slam|p1a: Chansey\n|-damage|p1a: Chansey|56/100\n|\n|upkeep\n|turn|10\n|\n|t:|1781304302\n|switch|p2a: Chansey|Chansey|100/100\n|move|p1a: Chansey|Soft-Boiled|p1a: Chansey\n|-heal|p1a: Chansey|100/100\n|\n|upkeep\n|turn|11\n|inactive|TPM has 270 seconds left.\n|\n|t:|1781304328\n|move|p1a: Chansey|Thunder Wave|p2a: Chansey\n|-status|p2a: Chansey|par\n|move|p2a: Chansey|Ice Beam|p1a: Chansey\n|-damage|p1a: Chansey|90/100\n|\n|upkeep\n|turn|12\n|\n|t:|1781304338\n|move|p1a: Chansey|Seismic Toss|p2a: Chansey\n|-damage|p2a: Chansey|86/100 par\n|cant|p2a: Chansey|par\n|\n|upkeep\n|turn|13\n|\n|t:|1781304346\n|move|p1a: Chansey|Seismic Toss|p2a: Chansey\n|-damage|p2a: Chansey|72/100 par\n|cant|p2a: Chansey|par\n|\n|upkeep\n|turn|14\n|inactive|TPM has 270 seconds left.\n|inactive|TPM has 240 seconds left.\n|\n|t:|1781304384\n|switch|p1a: Snorlax|Snorlax|100/100\n|cant|p2a: Chansey|par\n|\n|upkeep\n|turn|15\n|inactive|TPM has 240 seconds left.\n|\n|t:|1781304410\n|switch|p2a: Gengar|Gengar|100/100\n|move|p1a: Snorlax|Body Slam|p2a: Gengar\n|-immune|p2a: Gengar\n|\n|upkeep\n|turn|16\n|\n|t:|1781304425\n|move|p2a: Gengar|Thunderbolt|p1a: Snorlax\n|-damage|p1a: Snorlax|77/100\n|move|p1a: Snorlax|Earthquake|p2a: Gengar\n|-supereffective|p2a: Gengar\n|-damage|p2a: Gengar|34/100\n|\n|upkeep\n|turn|17\n|\n|t:|1781304432\n|switch|p1a: Exeggutor|Exeggutor|75/100\n|move|p2a: Gengar|Explosion|p1a: Exeggutor\n|-damage|p1a: Exeggutor|12/100\n|faint|p2a: Gengar\n|\n|t:|1781304441\n|switch|p2a: Tauros|Tauros|100/100\n|turn|18\n|inactive|TPM has 240 seconds left.\n|\n|t:|1781304455\n|switch|p1a: Alakazam|Alakazam|84/100 slp\n|move|p2a: Tauros|Body Slam|p1a: Alakazam\n|-crit|p1a: Alakazam\n|-damage|p1a: Alakazam|0 fnt\n|faint|p1a: Alakazam\n|inactive|TPM has 240 seconds left.\n|\n|t:|1781304475\n|switch|p1a: Chansey|Chansey|90/100\n|turn|19\n|\n|t:|1781304486\n|switch|p2a: Chansey|Chansey|72/100 par\n|move|p1a: Chansey|Counter|p2a: Chansey\n|-damage|p2a: Chansey|0 fnt\n|faint|p2a: Chansey\n|c|☆HSOWA|I got owned\n|c|☆TPM|Oh thank fuck lmao \n|inactive|HSOWA has 270 seconds left.\n|\n|t:|1781304527\n|switch|p2a: Tauros|Tauros|100/100\n|turn|20\n|inactive|TPM has 240 seconds left.\n|\n|t:|1781304540\n|move|p2a: Tauros|Earthquake|p1a: Chansey\n|-damage|p1a: Chansey|60/100\n|move|p1a: Chansey|Thunder Wave|p2a: Tauros\n|-status|p2a: Tauros|par\n|\n|upkeep\n|turn|21\n|\n|t:|1781304545\n|move|p1a: Chansey|Soft-Boiled|p1a: Chansey\n|-heal|p1a: Chansey|100/100\n|move|p2a: Tauros|Body Slam|p1a: Chansey\n|-crit|p1a: Chansey\n|-damage|p1a: Chansey|27/100\n|\n|upkeep\n|turn|22\n|\n|t:|1781304553\n|move|p1a: Chansey|Soft-Boiled|p1a: Chansey\n|-heal|p1a: Chansey|77/100\n|move|p2a: Tauros|Body Slam|p1a: Chansey\n|-damage|p1a: Chansey|36/100\n|\n|upkeep\n|turn|23\n|\n|t:|1781304562\n|move|p1a: Chansey|Soft-Boiled|p1a: Chansey\n|-heal|p1a: Chansey|86/100\n|move|p2a: Tauros|Body Slam|p1a: Chansey\n|-damage|p1a: Chansey|50/100\n|\n|upkeep\n|turn|24\n|\n|t:|1781304568\n|move|p1a: Chansey|Soft-Boiled|p1a: Chansey\n|-heal|p1a: Chansey|99/100\n|move|p2a: Tauros|Body Slam|p1a: Chansey\n|-damage|p1a: Chansey|61/100\n|\n|upkeep\n|turn|25\n|inactive|TPM has 270 seconds left.\n|\n|t:|1781304573\n|move|p1a: Chansey|Soft-Boiled|p1a: Chansey\n|-heal|p1a: Chansey|100/100\n|move|p2a: Tauros|Body Slam|p1a: Chansey\n|-damage|p1a: Chansey|65/100\n|\n|upkeep\n|turn|26\n|\n|t:|1781304579\n|move|p1a: Chansey|Soft-Boiled|p1a: Chansey\n|-heal|p1a: Chansey|100/100\n|move|p2a: Tauros|Body Slam|p1a: Chansey\n|-damage|p1a: Chansey|59/100\n|\n|upkeep\n|turn|27\n|\n|t:|1781304583\n|move|p1a: Chansey|Soft-Boiled|p1a: Chansey\n|-heal|p1a: Chansey|100/100\n|move|p2a: Tauros|Body Slam|p1a: Chansey\n|-damage|p1a: Chansey|64/100\n|\n|upkeep\n|turn|28\n|\n|t:|1781304592\n|move|p1a: Chansey|Soft-Boiled|p1a: Chansey\n|-heal|p1a: Chansey|100/100\n|cant|p2a: Tauros|par\n|\n|upkeep\n|turn|29\n|\n|t:|1781304597\n|move|p1a: Chansey|Seismic Toss|p2a: Tauros\n|-damage|p2a: Tauros|72/100 par\n|cant|p2a: Tauros|par\n|\n|upkeep\n|turn|30\n|\n|t:|1781304603\n|move|p1a: Chansey|Seismic Toss|p2a: Tauros\n|-damage|p2a: Tauros|44/100 par\n|move|p2a: Tauros|Body Slam|p1a: Chansey\n|-damage|p1a: Chansey|59/100\n|\n|upkeep\n|turn|31\n|\n|t:|1781304613\n|move|p1a: Chansey|Soft-Boiled|p1a: Chansey\n|-heal|p1a: Chansey|100/100\n|move|p2a: Tauros|Body Slam|p1a: Chansey\n|-damage|p1a: Chansey|65/100\n|\n|upkeep\n|turn|32\n|\n|t:|1781304617\n|move|p1a: Chansey|Soft-Boiled|p1a: Chansey\n|-heal|p1a: Chansey|100/100\n|move|p2a: Tauros|Body Slam|p1a: Chansey\n|-damage|p1a: Chansey|61/100\n|\n|upkeep\n|turn|33\n|\n|t:|1781304625\n|move|p1a: Chansey|Soft-Boiled|p1a: Chansey\n|-heal|p1a: Chansey|100/100\n|move|p2a: Tauros|Body Slam|p1a: Chansey\n|-damage|p1a: Chansey|64/100\n|\n|upkeep\n|turn|34\n|\n|t:|1781304630\n|move|p1a: Chansey|Seismic Toss|p2a: Tauros\n|-damage|p2a: Tauros|16/100 par\n|cant|p2a: Tauros|par\n|\n|upkeep\n|turn|35\n|\n|t:|1781304634\n|move|p1a: Chansey|Seismic Toss|p2a: Tauros\n|-damage|p2a: Tauros|0 fnt\n|faint|p2a: Tauros\n|\n|t:|1781304636\n|switch|p2a: Exeggutor|Exeggutor|100/100 slp\n|turn|36\n|\n|t:|1781304646\n|switch|p1a: Starmie|Starmie|100/100\n|cant|p2a: Exeggutor|slp\n|\n|upkeep\n|turn|37\n|\n|t:|1781304652\n|move|p1a: Starmie|Blizzard|p2a: Exeggutor\n|-supereffective|p2a: Exeggutor\n|-damage|p2a: Exeggutor|60/100 slp\n|cant|p2a: Exeggutor|slp\n|\n|upkeep\n|turn|38\n|\n|t:|1781304659\n|switch|p2a: Snorlax|Snorlax|77/100\n|move|p1a: Starmie|Blizzard|p2a: Snorlax|[miss]\n|-miss|p1a: Starmie\n|\n|upkeep\n|turn|39\n|\n|t:|1781304666\n|switch|p1a: Chansey|Chansey|64/100\n|move|p2a: Snorlax|Body Slam|p1a: Chansey\n|-damage|p1a: Chansey|25/100\n|\n|upkeep\n|turn|40\n|inactive|TPM has 270 seconds left.\n|\n|t:|1781304704\n|move|p1a: Chansey|Thunder Wave|p2a: Snorlax\n|-status|p2a: Snorlax|par\n|cant|p2a: Snorlax|par\n|\n|upkeep\n|turn|41\n|inactive|TPM has 270 seconds left.\n|c|☆TPM|Mb\n|\n|t:|1781304712\n|move|p1a: Chansey|Soft-Boiled|p1a: Chansey\n|-heal|p1a: Chansey|75/100\n|move|p2a: Snorlax|Body Slam|p1a: Chansey\n|-damage|p1a: Chansey|31/100\n|\n|upkeep\n|turn|42\n|\n|t:|1781304718\n|move|p1a: Chansey|Soft-Boiled|p1a: Chansey\n|-heal|p1a: Chansey|81/100\n|move|p2a: Snorlax|Body Slam|p1a: Chansey\n|-damage|p1a: Chansey|38/100\n|\n|upkeep\n|turn|43\n|\n|t:|1781304723\n|move|p1a: Chansey|Soft-Boiled|p1a: Chansey\n|-heal|p1a: Chansey|88/100\n|move|p2a: Snorlax|Body Slam|p1a: Chansey\n|-damage|p1a: Chansey|49/100\n|\n|upkeep\n|turn|44\n|\n|t:|1781304729\n|move|p1a: Chansey|Seismic Toss|p2a: Snorlax\n|-damage|p2a: Snorlax|58/100 par\n|move|p2a: Snorlax|Earthquake|p1a: Chansey\n|-damage|p1a: Chansey|16/100\n|\n|upkeep\n|turn|45\n|\n|t:|1781304750\n|move|p1a: Chansey|Seismic Toss|p2a: Snorlax\n|-damage|p2a: Snorlax|39/100 par\n|move|p2a: Snorlax|Rest|p2a: Snorlax\n|-status|p2a: Snorlax|slp|[from] move: Rest\n|-heal|p2a: Snorlax|100/100 slp|[silent]\n|\n|upkeep\n|turn|46\n|\n|t:|1781304762\n|move|p1a: Chansey|Seismic Toss|p2a: Snorlax\n|-damage|p2a: Snorlax|81/100 slp\n|cant|p2a: Snorlax|slp\n|\n|upkeep\n|turn|47\n|\n|t:|1781304765\n|move|p1a: Chansey|Seismic Toss|p2a: Snorlax\n|-damage|p2a: Snorlax|62/100 slp\n|-curestatus|p2a: Snorlax|slp|[msg]\n|\n|upkeep\n|turn|48\n|\n|t:|1781304770\n|move|p1a: Chansey|Thunder Wave|p2a: Snorlax\n|-status|p2a: Snorlax|par\n|move|p2a: Snorlax|Body Slam|p1a: Chansey\n|-damage|p1a: Chansey|0 fnt\n|faint|p1a: Chansey\n|\n|t:|1781304772\n|switch|p1a: Exeggutor|Exeggutor|12/100\n|turn|49\n|\n|t:|1781304784\n|switch|p2a: Exeggutor|Exeggutor|60/100 slp\n|move|p1a: Exeggutor|Psychic|p2a: Exeggutor\n|-resisted|p2a: Exeggutor\n|-damage|p2a: Exeggutor|46/100 slp\n|\n|upkeep\n|turn|50\n|\n|t:|1781304800\n|switch|p1a: Tauros|Tauros|100/100\n|cant|p2a: Exeggutor|slp\n|\n|upkeep\n|turn|51\n|\n|t:|1781304816\n|move|p1a: Tauros|Body Slam|p2a: Exeggutor\n|-damage|p2a: Exeggutor|20/100 slp\n|cant|p2a: Exeggutor|slp\n|\n|upkeep\n|turn|52\n|\n|t:|1781304819\n|move|p1a: Tauros|Body Slam|p2a: Exeggutor\n|-damage|p2a: Exeggutor|0 fnt\n|faint|p2a: Exeggutor\n|inactive|HSOWA has 270 seconds left.\n|\n|t:|1781304850\n|switch|p2a: Snorlax|Snorlax|62/100 par\n|turn|53\n|inactive|HSOWA has 270 seconds left.\n|\n|t:|1781304876\n|move|p1a: Tauros|Body Slam|p2a: Snorlax\n|-damage|p2a: Snorlax|37/100 par\n|cant|p2a: Snorlax|par\n|\n|upkeep\n|turn|54\n|\n|t:|1781304884\n|move|p1a: Tauros|Hyper Beam|p2a: Snorlax\n|-damage|p2a: Snorlax|0 fnt\n|faint|p2a: Snorlax\n|\n|t:|1781304885\n|switch|p2a: Persian|Persian|100/100\n|turn|55\n|c|☆TPM|Fucking sick \n|c|☆TPM|I almost brought that last game \n|\n|t:|1781304905\n|move|p2a: Persian|Slash|p1a: Tauros\n|-crit|p1a: Tauros\n|-damage|p1a: Tauros|65/100\n|move|p1a: Tauros|Body Slam|p2a: Persian\n|-damage|p2a: Persian|61/100\n|\n|upkeep\n|turn|56\n|\n|t:|1781304912\n|move|p2a: Persian|Hyper Beam|p1a: Tauros|[miss]\n|-miss|p2a: Persian\n|move|p1a: Tauros|Hyper Beam|p2a: Persian\n|-damage|p2a: Persian|0 fnt\n|faint|p2a: Persian\n|\n|win|TPM\n|c|☆HSOWA|gg\n|c|☆TPM|GGs!\n|player|p2|\n|player|p1|\n","uploadtime":1781304912,"views":"100","formatid":"gen1ou","rating":null,"private":0,"password":null}