{"id":"smogtours-gen1ou-818569","format":"[Gen 1] OU","players":["Luispeikou","Prinz"],"log":"|inactive|Battle timer is ON: inactive players will automatically lose when time's up.\n|t:|1739030749\n|gametype|singles\n|player|p1|Luispeikou|#splxvityrants2|\n|player|p2|Prinz|policeman-gen4|\n|teamsize|p1|6\n|teamsize|p2|6\n|gen|1\n|tier|[Gen 1] OU\n|rule|Desync Clause Mod: Desyncs changed to move failure.\n|rule|Sleep Clause Mod: Limit one foe put to sleep\n|rule|Freeze Clause Mod: Limit one foe frozen\n|rule|Species Clause: Limit one of each Pokémon\n|rule|OHKO Clause: OHKO moves are banned\n|rule|Evasion Moves Clause: Evasion moves are banned\n|rule|Endless Battle Clause: Forcing endless battles is banned\n|rule|HP Percentage Mod: HP is shown in percentages\n|\n|t:|1739030749\n|start\n|switch|p1a: Starmie|Starmie|100/100\n|switch|p2a: Starmie|Starmie|100/100\n|turn|1\n|inactive|Luispeikou also wants the timer to be on.\n|c|☆Prinz|hf\n|rated|Smogon Premier League\n|inactive|Luispeikou has 270 seconds left.\n|c|☆Luispeikou|hf\n|\n|t:|1739030792\n|move|p1a: Starmie|Thunderbolt|p2a: Starmie\n|-supereffective|p2a: Starmie\n|-damage|p2a: Starmie|54/100\n|move|p2a: Starmie|Thunderbolt|p1a: Starmie\n|-supereffective|p1a: Starmie\n|-damage|p1a: Starmie|57/100\n|\n|upkeep\n|turn|2\n|\n|t:|1739030805\n|switch|p1a: Chansey|Chansey|100/100\n|switch|p2a: Exeggutor|Exeggutor|100/100\n|\n|upkeep\n|turn|3\n|\n|t:|1739030818\n|switch|p1a: Starmie|Starmie|57/100\n|move|p2a: Exeggutor|Sleep Powder|p1a: Starmie|[miss]\n|-miss|p2a: Exeggutor\n|\n|upkeep\n|turn|4\n|\n|t:|1739030825\n|move|p1a: Starmie|Thunder Wave|p2a: Exeggutor\n|-status|p2a: Exeggutor|par\n|move|p2a: Exeggutor|Sleep Powder|p1a: Starmie|[miss]\n|-miss|p2a: Exeggutor\n|\n|upkeep\n|turn|5\n|\n|t:|1739030829\n|move|p1a: Starmie|Recover|p1a: Starmie\n|-heal|p1a: Starmie|100/100\n|move|p2a: Exeggutor|Sleep Powder|p1a: Starmie\n|-status|p1a: Starmie|slp|[from] move: Sleep Powder\n|\n|upkeep\n|turn|6\n|\n|t:|1739030840\n|switch|p2a: Starmie|Starmie|54/100\n|cant|p1a: Starmie|slp\n|\n|upkeep\n|turn|7\n|\n|t:|1739030845\n|switch|p1a: Chansey|Chansey|100/100\n|move|p2a: Starmie|Thunder Wave|p1a: Chansey\n|-status|p1a: Chansey|par\n|\n|upkeep\n|turn|8\n|\n|t:|1739030853\n|move|p2a: Starmie|Recover|p2a: Starmie\n|-heal|p2a: Starmie|100/100\n|move|p1a: Chansey|Seismic Toss|p2a: Starmie\n|-damage|p2a: Starmie|70/100\n|\n|upkeep\n|turn|9\n|\n|t:|1739030859\n|move|p2a: Starmie|Surf|p1a: Chansey\n|-crit|p1a: Chansey\n|-damage|p1a: Chansey|69/100 par\n|move|p1a: Chansey|Sing|p2a: Starmie\n|-status|p2a: Starmie|slp|[from] move: Sing\n|\n|upkeep\n|turn|10\n|\n|t:|1739030868\n|switch|p2a: Snorlax|Snorlax|100/100\n|move|p1a: Chansey|Soft-Boiled|p1a: Chansey\n|-heal|p1a: Chansey|100/100 par\n|\n|upkeep\n|turn|11\n|inactive|Luispeikou has 270 seconds left.\n|\n|t:|1739030902\n|switch|p1a: Cloyster|Cloyster|100/100\n|move|p2a: Snorlax|Body Slam|p1a: Cloyster\n|-damage|p1a: Cloyster|75/100\n|-status|p1a: Cloyster|par\n|\n|upkeep\n|turn|12\n|\n|t:|1739030916\n|move|p2a: Snorlax|Body Slam|p1a: Cloyster\n|-damage|p1a: Cloyster|52/100 par\n|move|p1a: Cloyster|Blizzard|p2a: Snorlax\n|-damage|p2a: Snorlax|69/100\n|-status|p2a: Snorlax|frz\n|\n|upkeep\n|turn|13\n|\n|t:|1739030929\n|switch|p2a: Alakazam|Alakazam|100/100\n|switch|p1a: Snorlax|Snorlax|100/100\n|\n|upkeep\n|turn|14\n|\n|t:|1739030943\n|move|p2a: Alakazam|Psychic|p1a: Snorlax\n|-damage|p1a: Snorlax|67/100\n|-unboost|p1a: Snorlax|spa|1\n|-unboost|p1a: Snorlax|spd|1\n|move|p1a: Snorlax|Body Slam|p2a: Alakazam\n|-damage|p2a: Alakazam|49/100\n|-status|p2a: Alakazam|par\n|\n|upkeep\n|turn|15\n|\n|t:|1739030952\n|switch|p2a: Chansey|Chansey|100/100\n|move|p1a: Snorlax|Body Slam|p2a: Chansey\n|-damage|p2a: Chansey|60/100\n|\n|upkeep\n|turn|16\n|\n|t:|1739030956\n|move|p2a: Chansey|Soft-Boiled|p2a: Chansey\n|-heal|p2a: Chansey|100/100\n|move|p1a: Snorlax|Body Slam|p2a: Chansey\n|-damage|p2a: Chansey|60/100\n|\n|upkeep\n|turn|17\n|\n|t:|1739030964\n|move|p2a: Chansey|Thunder Wave|p1a: Snorlax\n|-status|p1a: Snorlax|par\n|move|p1a: Snorlax|Body Slam|p2a: Chansey\n|-damage|p2a: Chansey|18/100\n|\n|upkeep\n|turn|18\n|\n|t:|1739030974\n|switch|p2a: Exeggutor|Exeggutor|100/100 par\n|move|p1a: Snorlax|Hyper Beam|p2a: Exeggutor\n|-damage|p2a: Exeggutor|50/100 par\n|-mustrecharge|p1a: Snorlax\n|\n|upkeep\n|turn|19\n|\n|t:|1739030979\n|move|p2a: Exeggutor|Psychic|p1a: Snorlax\n|-crit|p1a: Snorlax\n|-damage|p1a: Snorlax|4/100 par\n|-unboost|p1a: Snorlax|spa|1\n|-unboost|p1a: Snorlax|spd|1\n|cant|p1a: Snorlax|recharge\n|\n|upkeep\n|turn|20\n|inactive|Luispeikou has 270 seconds left.\n|inactive|Luispeikou has 240 seconds left.\n|\n|t:|1739031040\n|switch|p1a: Chansey|Chansey|100/100 par\n|move|p2a: Exeggutor|Psychic|p1a: Chansey\n|-damage|p1a: Chansey|83/100 par\n|\n|upkeep\n|turn|21\n|\n|t:|1739031054\n|switch|p2a: Alakazam|Alakazam|49/100 par\n|move|p1a: Chansey|Seismic Toss|p2a: Alakazam\n|-damage|p2a: Alakazam|17/100 par\n|\n|upkeep\n|turn|22\n|\n|t:|1739031058\n|switch|p1a: Tauros|Tauros|100/100\n|move|p2a: Alakazam|Recover|p2a: Alakazam\n|-heal|p2a: Alakazam|67/100 par\n|\n|upkeep\n|turn|23\n|\n|t:|1739031070\n|switch|p2a: Snorlax|Snorlax|69/100 frz\n|move|p1a: Tauros|Hyper Beam|p2a: Snorlax\n|-crit|p2a: Snorlax\n|-damage|p2a: Snorlax|0 fnt\n|faint|p2a: Snorlax\n|\n|t:|1739031074\n|switch|p2a: Tauros|Tauros|100/100\n|turn|24\n|\n|t:|1739031083\n|move|p1a: Tauros|Body Slam|p2a: Tauros\n|-crit|p2a: Tauros\n|-damage|p2a: Tauros|44/100\n|move|p2a: Tauros|Body Slam|p1a: Tauros\n|-damage|p1a: Tauros|70/100\n|\n|upkeep\n|turn|25\n|inactive|Luispeikou has 270 seconds left.\n|\n|t:|1739031106\n|switch|p2a: Exeggutor|Exeggutor|50/100 par\n|move|p1a: Tauros|Hyper Beam|p2a: Exeggutor\n|-damage|p2a: Exeggutor|0 fnt\n|faint|p2a: Exeggutor\n|\n|t:|1739031116\n|switch|p2a: Tauros|Tauros|44/100\n|turn|26\n|\n|t:|1739031122\n|move|p1a: Tauros|Hyper Beam|p2a: Tauros\n|-damage|p2a: Tauros|0 fnt\n|faint|p2a: Tauros\n|\n|t:|1739031128\n|switch|p2a: Alakazam|Alakazam|67/100 par\n|turn|27\n|\n|t:|1739031132\n|move|p1a: Tauros|Hyper Beam|p2a: Alakazam\n|-damage|p2a: Alakazam|0 fnt\n|faint|p2a: Alakazam\n|\n|t:|1739031134\n|switch|p2a: Starmie|Starmie|70/100 slp\n|turn|28\n|\n|t:|1739031137\n|cant|p2a: Starmie|slp\n|move|p1a: Tauros|Body Slam|p2a: Starmie\n|-damage|p2a: Starmie|36/100 slp\n|\n|upkeep\n|turn|29\n|\n|t:|1739031141\n|cant|p2a: Starmie|slp\n|move|p1a: Tauros|Body Slam|p2a: Starmie\n|-damage|p2a: Starmie|1/100 slp\n|\n|upkeep\n|turn|30\n|\n|t:|1739031144\n|-curestatus|p2a: Starmie|slp|[msg]\n|move|p1a: Tauros|Body Slam|p2a: Starmie\n|-damage|p2a: Starmie|0 fnt\n|faint|p2a: Starmie\n|\n|t:|1739031147\n|switch|p2a: Chansey|Chansey|18/100\n|turn|31\n|\n|t:|1739031150\n|move|p1a: Tauros|Body Slam|p2a: Chansey\n|-crit|p2a: Chansey\n|-damage|p2a: Chansey|0 fnt\n|faint|p2a: Chansey\n|\n|win|Luispeikou\n|c|☆Prinz|Gg\n|c|☆Luispeikou|gg\n|player|p1|\n|player|p2|\n|player|p1|Luispeikou|#splxvityrants2|\n","uploadtime":1739031150,"views":"1687","formatid":"gen1ou","rating":null,"private":0,"password":null}