{"id":"smogtours-gen1ou-956681","format":"[Gen 1] OU","players":["Cakeconnesseur","SOULWIND"],"log":"|inactive|Battle timer is ON: inactive players will automatically lose when time's up.\n|t:|1784322964\n|gametype|singles\n|player|p1|Cakeconnesseur|#adpl9|\n|player|p2|SOULWIND|#wcop2024spain2|\n|gen|1\n|tier|[Gen 1] OU\n|rule|Desync Clause Mod: Desyncs resolve to link battle behavior from the acting player's perspective.\n|rule|HP Percentage Mod: HP is shown in percentages\n|rule|Endless Battle Clause: Forcing endless battles is banned\n|rule|Sleep Clause Mod: Limit one foe put to sleep\n|rule|Freeze Clause Mod: Limit one foe frozen\n|rule|Species Clause: Limit one of each Pokémon\n|rule|OHKO Clause: OHKO moves are banned\n|rule|Evasion Moves Clause: Evasion moves are banned\n|\n|t:|1784322964\n|teamsize|p1|6\n|teamsize|p2|6\n|start\n|switch|p1a: Tauros|Tauros|100/100\n|switch|p2a: Starmie|Starmie|100/100\n|turn|1\n|\n|t:|1784322972\n|switch|p1a: Chansey|Chansey|100/100\n|move|p2a: Starmie|Thunder Wave|p1a: Chansey\n|-status|p1a: Chansey|par\n|\n|upkeep\n|turn|2\n|\n|t:|1784322979\n|move|p2a: Starmie|Surf|p1a: Chansey\n|-damage|p1a: Chansey|86/100 par\n|move|p1a: Chansey|Ice Beam|p2a: Starmie\n|-resisted|p2a: Starmie\n|-damage|p2a: Starmie|88/100\n|\n|upkeep\n|turn|3\n|\n|t:|1784322983\n|move|p2a: Starmie|Surf|p1a: Chansey\n|-damage|p1a: Chansey|71/100 par\n|cant|p1a: Chansey|par\n|\n|upkeep\n|turn|4\n|\n|t:|1784322988\n|move|p2a: Starmie|Surf|p1a: Chansey\n|-damage|p1a: Chansey|57/100 par\n|cant|p1a: Chansey|par\n|\n|upkeep\n|turn|5\n|\n|t:|1784322993\n|switch|p2a: Snorlax|Snorlax|100/100\n|move|p1a: Chansey|Sing|p2a: Snorlax|[miss]\n|-miss|p1a: Chansey\n|\n|upkeep\n|turn|6\n|\n|t:|1784322997\n|switch|p1a: Snorlax|Snorlax|100/100\n|move|p2a: Snorlax|Body Slam|p1a: Snorlax\n|-damage|p1a: Snorlax|74/100\n|\n|upkeep\n|turn|7\n|\n|t:|1784323001\n|move|p1a: Snorlax|Reflect|p1a: Snorlax\n|-start|p1a: Snorlax|Reflect\n|move|p2a: Snorlax|Reflect|p2a: Snorlax\n|-start|p2a: Snorlax|Reflect\n|\n|upkeep\n|turn|8\n|\n|t:|1784323005\n|switch|p2a: Chansey|Chansey|100/100\n|move|p1a: Snorlax|Body Slam|p2a: Chansey\n|-damage|p2a: Chansey|56/100\n|\n|upkeep\n|turn|9\n|\n|t:|1784323009\n|move|p2a: Chansey|Soft-Boiled|p2a: Chansey\n|-heal|p2a: Chansey|100/100\n|move|p1a: Snorlax|Reflect|p1a: Snorlax\n|-fail|p1a: Snorlax\n|\n|upkeep\n|turn|10\n|\n|t:|1784323015\n|switch|p1a: Chansey|Chansey|57/100 par\n|move|p2a: Chansey|Thunder Wave|p1a: Chansey\n|-fail|p1a: Chansey|par\n|\n|upkeep\n|turn|11\n|\n|t:|1784323021\n|switch|p2a: Starmie|Starmie|88/100\n|move|p1a: Chansey|Sing|p2a: Starmie|[miss]\n|-miss|p1a: Chansey\n|\n|upkeep\n|turn|12\n|\n|t:|1784323025\n|move|p2a: Starmie|Surf|p1a: Chansey\n|-damage|p1a: Chansey|41/100 par\n|move|p1a: Chansey|Soft-Boiled|p1a: Chansey\n|-heal|p1a: Chansey|91/100 par\n|\n|upkeep\n|turn|13\n|\n|t:|1784323028\n|move|p2a: Starmie|Surf|p1a: Chansey\n|-crit|p1a: Chansey\n|-damage|p1a: Chansey|62/100 par\n|move|p1a: Chansey|Ice Beam|p2a: Starmie\n|-resisted|p2a: Starmie\n|-damage|p2a: Starmie|75/100\n|\n|upkeep\n|turn|14\n|\n|t:|1784323031\n|move|p2a: Starmie|Surf|p1a: Chansey\n|-crit|p1a: Chansey\n|-damage|p1a: Chansey|32/100 par\n|move|p1a: Chansey|Soft-Boiled|p1a: Chansey\n|-heal|p1a: Chansey|82/100 par\n|\n|upkeep\n|turn|15\n|\n|t:|1784323035\n|move|p2a: Starmie|Surf|p1a: Chansey\n|-damage|p1a: Chansey|67/100 par\n|move|p1a: Chansey|Sing|p2a: Starmie\n|-status|p2a: Starmie|slp|[from] move: Sing\n|\n|upkeep\n|turn|16\n|\n|t:|1784323045\n|switch|p2a: Snorlax|Snorlax|100/100\n|switch|p1a: Snorlax|Snorlax|74/100\n|\n|upkeep\n|turn|17\n|\n|t:|1784323052\n|move|p1a: Snorlax|Body Slam|p2a: Snorlax\n|-damage|p2a: Snorlax|74/100\n|move|p2a: Snorlax|Body Slam|p1a: Snorlax\n|-damage|p1a: Snorlax|49/100\n|\n|upkeep\n|turn|18\n|\n|t:|1784323056\n|switch|p2a: Exeggutor|Exeggutor|100/100\n|move|p1a: Snorlax|Reflect|p1a: Snorlax\n|-start|p1a: Snorlax|Reflect\n|\n|upkeep\n|turn|19\n|\n|t:|1784323062\n|switch|p1a: Chansey|Chansey|67/100 par\n|move|p2a: Exeggutor|Psychic|p1a: Chansey\n|-damage|p1a: Chansey|49/100 par\n|-unboost|p1a: Chansey|spa|1\n|-unboost|p1a: Chansey|spd|1\n|\n|upkeep\n|turn|20\n|\n|t:|1784323066\n|move|p2a: Exeggutor|Psychic|p1a: Chansey\n|-crit|p1a: Chansey\n|-damage|p1a: Chansey|15/100 par\n|move|p1a: Chansey|Soft-Boiled|p1a: Chansey\n|-heal|p1a: Chansey|65/100 par\n|\n|upkeep\n|turn|21\n|\n|t:|1784323071\n|move|p2a: Exeggutor|Psychic|p1a: Chansey\n|-damage|p1a: Chansey|39/100 par\n|-unboost|p1a: Chansey|spa|1\n|-unboost|p1a: Chansey|spd|1\n|move|p1a: Chansey|Thunder Wave|p2a: Exeggutor\n|-status|p2a: Exeggutor|par\n|\n|upkeep\n|turn|22\n|\n|t:|1784323077\n|cant|p2a: Exeggutor|par\n|move|p1a: Chansey|Soft-Boiled|p1a: Chansey\n|-heal|p1a: Chansey|89/100 par\n|\n|upkeep\n|turn|23\n|\n|t:|1784323084\n|switch|p1a: Exeggutor|Exeggutor|100/100\n|move|p2a: Exeggutor|Psychic|p1a: Exeggutor\n|-resisted|p1a: Exeggutor\n|-damage|p1a: Exeggutor|86/100\n|-unboost|p1a: Exeggutor|spa|1\n|-unboost|p1a: Exeggutor|spd|1\n|\n|upkeep\n|turn|24\n|\n|t:|1784323088\n|switch|p1a: Chansey|Chansey|89/100 par\n|move|p2a: Exeggutor|Psychic|p1a: Chansey\n|-damage|p1a: Chansey|72/100 par\n|\n|upkeep\n|turn|25\n|\n|t:|1784323092\n|switch|p2a: Snorlax|Snorlax|74/100\n|move|p1a: Chansey|Ice Beam|p2a: Snorlax\n|-damage|p2a: Snorlax|55/100\n|\n|upkeep\n|turn|26\n|\n|t:|1784323097\n|switch|p1a: Exeggutor|Exeggutor|86/100\n|move|p2a: Snorlax|Body Slam|p1a: Exeggutor\n|-damage|p1a: Exeggutor|56/100\n|-status|p1a: Exeggutor|par\n|\n|upkeep\n|turn|27\n|\n|t:|1784323101\n|switch|p2a: Exeggutor|Exeggutor|100/100 par\n|move|p1a: Exeggutor|Explosion|p2a: Exeggutor\n|-damage|p2a: Exeggutor|30/100 par\n|faint|p1a: Exeggutor\n|inactive|Cakeconnesseur has 270 seconds left.\n|\n|t:|1784323133\n|switch|p1a: Tauros|Tauros|100/100\n|turn|28\n|inactive|SOULWIND has 270 seconds left.\n|inactive|SOULWIND has 240 seconds left.\n|\n|t:|1784323196\n|switch|p2a: Chansey|Chansey|100/100\n|move|p1a: Tauros|Blizzard|p2a: Chansey\n|-damage|p2a: Chansey|89/100\n|\n|upkeep\n|turn|29\n|\n|t:|1784323203\n|switch|p1a: Snorlax|Snorlax|49/100\n|switch|p2a: Exeggutor|Exeggutor|30/100 par\n|\n|upkeep\n|turn|30\n|\n|t:|1784323207\n|switch|p2a: Chansey|Chansey|89/100\n|move|p1a: Snorlax|Body Slam|p2a: Chansey\n|-crit|p2a: Chansey\n|-damage|p2a: Chansey|4/100\n|\n|upkeep\n|turn|31\n|\n|t:|1784323211\n|move|p2a: Chansey|Soft-Boiled|p2a: Chansey\n|-heal|p2a: Chansey|54/100\n|move|p1a: Snorlax|Body Slam|p2a: Chansey\n|-crit|p2a: Chansey\n|-damage|p2a: Chansey|0 fnt\n|faint|p2a: Chansey\n|\n|t:|1784323218\n|switch|p2a: Tauros|Tauros|100/100\n|turn|32\n|\n|t:|1784323234\n|move|p2a: Tauros|Body Slam|p1a: Snorlax\n|-crit|p1a: Snorlax\n|-damage|p1a: Snorlax|2/100\n|move|p1a: Snorlax|Self-Destruct|p2a: Tauros\n|-damage|p2a: Tauros|10/100\n|faint|p1a: Snorlax\n|\n|t:|1784323242\n|switch|p1a: Tauros|Tauros|100/100\n|turn|33\n|\n|t:|1784323247\n|move|p1a: Tauros|Body Slam|p2a: Tauros\n|-damage|p2a: Tauros|0 fnt\n|faint|p2a: Tauros\n|\n|t:|1784323252\n|switch|p2a: Zapdos|Zapdos|100/100\n|turn|34\n|\n|t:|1784323255\n|move|p1a: Tauros|Body Slam|p2a: Zapdos\n|-damage|p2a: Zapdos|72/100\n|move|p2a: Zapdos|Thunder Wave|p1a: Tauros\n|-status|p1a: Tauros|par\n|\n|upkeep\n|turn|35\n|\n|t:|1784323261\n|move|p2a: Zapdos|Thunderbolt|p1a: Tauros\n|-damage|p1a: Tauros|57/100 par\n|move|p1a: Tauros|Body Slam|p2a: Zapdos\n|-damage|p2a: Zapdos|44/100\n|-status|p2a: Zapdos|par\n|\n|upkeep\n|turn|36\n|\n|t:|1784323267\n|cant|p1a: Tauros|par\n|cant|p2a: Zapdos|par\n|\n|upkeep\n|turn|37\n|\n|t:|1784323272\n|move|p1a: Tauros|Hyper Beam|p2a: Zapdos\n|-damage|p2a: Zapdos|0 fnt\n|faint|p2a: Zapdos\n|\n|t:|1784323277\n|switch|p2a: Snorlax|Snorlax|55/100\n|turn|38\n|\n|t:|1784323282\n|move|p2a: Snorlax|Body Slam|p1a: Tauros\n|-damage|p1a: Tauros|24/100 par\n|move|p1a: Tauros|Blizzard|p2a: Snorlax\n|-crit|p2a: Snorlax\n|-damage|p2a: Snorlax|20/100\n|\n|upkeep\n|turn|39\n|\n|t:|1784323289\n|switch|p1a: Starmie|Starmie|100/100\n|move|p2a: Snorlax|Body Slam|p1a: Starmie\n|-crit|p1a: Starmie\n|-damage|p1a: Starmie|29/100\n|\n|upkeep\n|turn|40\n|\n|t:|1784323300\n|switch|p2a: Exeggutor|Exeggutor|30/100 par\n|move|p1a: Starmie|Surf|p2a: Exeggutor\n|-resisted|p2a: Exeggutor\n|-damage|p2a: Exeggutor|18/100 par\n|\n|upkeep\n|turn|41\n|\n|t:|1784323308\n|switch|p1a: Tauros|Tauros|24/100 par\n|cant|p2a: Exeggutor|par\n|\n|upkeep\n|turn|42\n|\n|t:|1784323314\n|move|p1a: Tauros|Body Slam|p2a: Exeggutor\n|-crit|p2a: Exeggutor\n|-damage|p2a: Exeggutor|0 fnt\n|faint|p2a: Exeggutor\n|\n|t:|1784323322\n|switch|p2a: Starmie|Starmie|75/100 slp\n|turn|43\n|\n|t:|1784323327\n|switch|p1a: Zapdos|Zapdos|100/100\n|cant|p2a: Starmie|slp\n|\n|upkeep\n|turn|44\n|\n|t:|1784323332\n|cant|p2a: Starmie|slp\n|move|p1a: Zapdos|Thunderbolt|p2a: Starmie\n|-supereffective|p2a: Starmie\n|-damage|p2a: Starmie|0 fnt\n|faint|p2a: Starmie\n|\n|t:|1784323336\n|switch|p2a: Snorlax|Snorlax|20/100\n|turn|45\n|\n|t:|1784323339\n|move|p1a: Zapdos|Thunderbolt|p2a: Snorlax\n|-crit|p2a: Snorlax\n|-damage|p2a: Snorlax|0 fnt\n|faint|p2a: Snorlax\n|\n|win|Cakeconnesseur\n|c|☆Cakeconnesseur|/log Cakeconnesseur made the replay of this battle unlisted.\n|player|p2|\n|player|p1|\n","uploadtime":1784323339,"views":"77","formatid":"gen1ou","rating":null,"private":2,"password":null}