{"id":"smogtours-gen1ou-824059","format":"[Gen 1] OU","players":["I ❤️ SZA","Amaranth"],"log":"|inactive|Battle timer is ON: inactive players will automatically lose when time's up.\n|t:|1741532764\n|gametype|singles\n|player|p1|I ❤️ SZA|#scl3machines|\n|player|p2|Amaranth|#amaranth|\n|teamsize|p1|6\n|teamsize|p2|6\n|gen|1\n|tier|[Gen 1] OU\n|rule|Desync Clause Mod: Desyncs changed to move failure.\n|rule|Sleep Clause Mod: Limit one foe put to sleep\n|rule|Freeze Clause Mod: Limit one foe frozen\n|rule|Species Clause: Limit one of each Pokémon\n|rule|OHKO Clause: OHKO moves are banned\n|rule|Evasion Moves Clause: Evasion moves are banned\n|rule|Endless Battle Clause: Forcing endless battles is banned\n|rule|HP Percentage Mod: HP is shown in percentages\n|\n|t:|1741532764\n|start\n|switch|p1a: Starmie|Starmie|100/100\n|switch|p2a: Jynx|Jynx|100/100\n|turn|1\n|c|☆I ❤️ SZA|Hf\n|c|☆Amaranth|glhf\n|c|+Drifting|spl?\n|c|☆Amaranth|yes\n|rated|Smogon Premier League\n|inactive|I ❤️ SZA has 270 seconds left.\n|\n|t:|1741532800\n|move|p1a: Starmie|Surf|p2a: Jynx\n|-damage|p2a: Jynx|68/100\n|move|p2a: Jynx|Lovely Kiss|p1a: Starmie\n|-status|p1a: Starmie|slp|[from] move: Lovely Kiss\n|\n|upkeep\n|turn|2\n|\n|t:|1741532809\n|switch|p1a: Jynx|Jynx|100/100\n|switch|p2a: Tauros|Tauros|100/100\n|\n|upkeep\n|turn|3\n|\n|t:|1741532815\n|switch|p2a: Jynx|Jynx|68/100\n|move|p1a: Jynx|Lovely Kiss|p2a: Jynx|[miss]\n|-miss|p1a: Jynx\n|\n|upkeep\n|turn|4\n|\n|t:|1741532821\n|move|p1a: Jynx|Lovely Kiss|p2a: Jynx|[miss]\n|-miss|p1a: Jynx\n|move|p2a: Jynx|Psychic|p1a: Jynx\n|-resisted|p1a: Jynx\n|-damage|p1a: Jynx|84/100\n|\n|upkeep\n|turn|5\n|\n|t:|1741532823\n|move|p1a: Jynx|Lovely Kiss|p2a: Jynx\n|-status|p2a: Jynx|slp|[from] move: Lovely Kiss\n|cant|p2a: Jynx|slp\n|\n|upkeep\n|turn|6\n|\n|t:|1741532825\n|switch|p2a: Chansey|Chansey|100/100\n|move|p1a: Jynx|Blizzard|p2a: Chansey\n|-damage|p2a: Chansey|81/100\n|\n|upkeep\n|turn|7\n|\n|t:|1741532829\n|move|p1a: Jynx|Blizzard|p2a: Chansey\n|-damage|p2a: Chansey|61/100\n|move|p2a: Chansey|Thunder Wave|p1a: Jynx\n|-status|p1a: Jynx|par\n|\n|upkeep\n|turn|8\n|\n|t:|1741532832\n|move|p2a: Chansey|Thunderbolt|p1a: Jynx\n|-damage|p1a: Jynx|58/100 par\n|cant|p1a: Jynx|par\n|\n|upkeep\n|turn|9\n|\n|t:|1741532835\n|switch|p1a: Chansey|Chansey|100/100\n|move|p2a: Chansey|Soft-Boiled|p2a: Chansey\n|-heal|p2a: Chansey|100/100\n|\n|upkeep\n|turn|10\n|\n|t:|1741532839\n|move|p1a: Chansey|Thunder Wave|p2a: Chansey\n|-status|p2a: Chansey|par\n|move|p2a: Chansey|Thunder Wave|p1a: Chansey\n|-status|p1a: Chansey|par\n|\n|upkeep\n|turn|11\n|\n|t:|1741532850\n|move|p2a: Chansey|Thunder Wave|p1a: Chansey\n|-fail|p1a: Chansey|par\n|move|p1a: Chansey|Ice Beam|p2a: Chansey\n|-damage|p2a: Chansey|89/100 par\n|\n|upkeep\n|turn|12\n|\n|t:|1741532863\n|move|p2a: Chansey|Thunderbolt|p1a: Chansey\n|-damage|p1a: Chansey|90/100 par\n|move|p1a: Chansey|Ice Beam|p2a: Chansey\n|-damage|p2a: Chansey|78/100 par\n|\n|upkeep\n|turn|13\n|\n|t:|1741532879\n|switch|p1a: Snorlax|Snorlax|100/100\n|move|p2a: Chansey|Thunderbolt|p1a: Snorlax\n|-crit|p1a: Snorlax\n|-damage|p1a: Snorlax|61/100\n|-status|p1a: Snorlax|par\n|\n|upkeep\n|turn|14\n|\n|t:|1741532894\n|switch|p2a: Snorlax|Snorlax|100/100\n|move|p1a: Snorlax|Reflect|p1a: Snorlax\n|-start|p1a: Snorlax|Reflect\n|\n|upkeep\n|turn|15\n|\n|t:|1741532898\n|move|p2a: Snorlax|Reflect|p2a: Snorlax\n|-start|p2a: Snorlax|Reflect\n|cant|p1a: Snorlax|par\n|\n|upkeep\n|turn|16\n|\n|t:|1741532902\n|move|p2a: Snorlax|Body Slam|p1a: Snorlax\n|-damage|p1a: Snorlax|49/100 par\n|move|p1a: Snorlax|Rest|p1a: Snorlax\n|-status|p1a: Snorlax|slp|[from] move: Rest\n|-heal|p1a: Snorlax|100/100 slp|[silent]\n|\n|upkeep\n|turn|17\n|\n|t:|1741532906\n|move|p2a: Snorlax|Body Slam|p1a: Snorlax\n|-crit|p1a: Snorlax\n|-damage|p1a: Snorlax|47/100 slp\n|cant|p1a: Snorlax|slp\n|\n|upkeep\n|turn|18\n|\n|t:|1741532912\n|move|p2a: Snorlax|Body Slam|p1a: Snorlax\n|-damage|p1a: Snorlax|34/100 slp\n|-curestatus|p1a: Snorlax|slp|[msg]\n|\n|upkeep\n|turn|19\n|\n|t:|1741532915\n|switch|p2a: Exeggutor|Exeggutor|100/100\n|move|p1a: Snorlax|Rest|p1a: Snorlax\n|-status|p1a: Snorlax|slp|[from] move: Rest\n|-heal|p1a: Snorlax|100/100 slp|[silent]\n|\n|upkeep\n|turn|20\n|\n|t:|1741532942\n|move|p2a: Exeggutor|Psychic|p1a: Snorlax\n|-damage|p1a: Snorlax|71/100 slp\n|-unboost|p1a: Snorlax|spa|1\n|-unboost|p1a: Snorlax|spd|1\n|cant|p1a: Snorlax|slp\n|\n|upkeep\n|turn|21\n|\n|t:|1741532949\n|switch|p1a: Chansey|Chansey|90/100 par\n|move|p2a: Exeggutor|Psychic|p1a: Chansey\n|-crit|p1a: Chansey\n|-damage|p1a: Chansey|56/100 par\n|-unboost|p1a: Chansey|spa|1\n|-unboost|p1a: Chansey|spd|1\n|\n|upkeep\n|turn|22\n|\n|t:|1741532965\n|move|p2a: Exeggutor|Psychic|p1a: Chansey\n|-damage|p1a: Chansey|32/100 par\n|cant|p1a: Chansey|par\n|\n|upkeep\n|turn|23\n|\n|t:|1741532988\n|move|p2a: Exeggutor|Psychic|p1a: Chansey\n|-crit|p1a: Chansey\n|-damage|p1a: Chansey|1/100 par\n|move|p1a: Chansey|Soft-Boiled|p1a: Chansey\n|-heal|p1a: Chansey|51/100 par\n|\n|upkeep\n|turn|24\n|\n|t:|1741532996\n|move|p2a: Exeggutor|Psychic|p1a: Chansey\n|-damage|p1a: Chansey|26/100 par\n|move|p1a: Chansey|Soft-Boiled|p1a: Chansey\n|-heal|p1a: Chansey|76/100 par\n|\n|upkeep\n|turn|25\n|\n|t:|1741533010\n|switch|p2a: Snorlax|Snorlax|100/100\n|move|p1a: Chansey|Soft-Boiled|p1a: Chansey\n|-heal|p1a: Chansey|100/100 par\n|\n|upkeep\n|turn|26\n|\n|t:|1741533014\n|switch|p2a: Chansey|Chansey|78/100 par\n|move|p1a: Chansey|Thunder Wave|p2a: Chansey\n|-fail|p2a: Chansey|par\n|\n|upkeep\n|turn|27\n|inactive|I ❤️ SZA has 270 seconds left.\n|\n|t:|1741533062\n|move|p2a: Chansey|Thunderbolt|p1a: Chansey\n|-crit|p1a: Chansey\n|-damage|p1a: Chansey|80/100 par\n|cant|p1a: Chansey|par\n|\n|upkeep\n|turn|28\n|\n|t:|1741533071\n|switch|p1a: Snorlax|Snorlax|71/100 slp\n|move|p2a: Chansey|Thunderbolt|p1a: Snorlax\n|-damage|p1a: Snorlax|52/100 slp\n|\n|upkeep\n|turn|29\n|\n|t:|1741533079\n|switch|p2a: Exeggutor|Exeggutor|100/100\n|-curestatus|p1a: Snorlax|slp|[msg]\n|\n|upkeep\n|turn|30\n|\n|t:|1741533084\n|switch|p1a: Chansey|Chansey|80/100 par\n|move|p2a: Exeggutor|Psychic|p1a: Chansey\n|-damage|p1a: Chansey|62/100 par\n|\n|upkeep\n|turn|31\n|\n|t:|1741533090\n|move|p2a: Exeggutor|Explosion|p1a: Chansey\n|-damage|p1a: Chansey|0 fnt\n|faint|p1a: Chansey\n|faint|p2a: Exeggutor\n|inactive|I ❤️ SZA has 270 seconds left.\n|inactive|I ❤️ SZA has 240 seconds left.\n|\n|t:|1741533156\n|switch|p2a: Tauros|Tauros|100/100\n|switch|p1a: Snorlax|Snorlax|52/100\n|turn|32\n|\n|t:|1741533162\n|move|p2a: Tauros|Body Slam|p1a: Snorlax\n|-damage|p1a: Snorlax|27/100\n|move|p1a: Snorlax|Body Slam|p2a: Tauros\n|-damage|p2a: Tauros|68/100\n|\n|upkeep\n|turn|33\n|\n|t:|1741533169\n|switch|p1a: Jynx|Jynx|58/100 par\n|move|p2a: Tauros|Blizzard|p1a: Jynx\n|-crit|p1a: Jynx\n|-resisted|p1a: Jynx\n|-damage|p1a: Jynx|37/100 par\n|\n|upkeep\n|turn|34\n|\n|t:|1741533174\n|move|p2a: Tauros|Body Slam|p1a: Jynx\n|-damage|p1a: Jynx|0 fnt\n|faint|p1a: Jynx\n|\n|t:|1741533175\n|switch|p1a: Tauros|Tauros|100/100\n|turn|35\n|\n|t:|1741533182\n|switch|p2a: Jynx|Jynx|68/100 slp\n|move|p1a: Tauros|Body Slam|p2a: Jynx\n|-damage|p2a: Jynx|12/100 slp\n|\n|upkeep\n|turn|36\n|inactive|I ❤️ SZA has 270 seconds left.\n|\n|t:|1741533196\n|switch|p1a: Snorlax|Snorlax|27/100\n|-curestatus|p2a: Jynx|slp|[msg]\n|\n|upkeep\n|turn|37\n|\n|t:|1741533208\n|switch|p1a: Starmie|Starmie|100/100 slp\n|move|p2a: Jynx|Blizzard|p1a: Starmie\n|-resisted|p1a: Starmie\n|-damage|p1a: Starmie|81/100 slp\n|\n|upkeep\n|turn|38\n|\n|t:|1741533215\n|switch|p2a: Tauros|Tauros|68/100\n|cant|p1a: Starmie|slp\n|\n|upkeep\n|turn|39\n|\n|t:|1741533217\n|cant|p1a: Starmie|slp\n|move|p2a: Tauros|Body Slam|p1a: Starmie\n|-damage|p1a: Starmie|47/100 slp\n|\n|upkeep\n|turn|40\n|\n|t:|1741533219\n|-curestatus|p1a: Starmie|slp|[msg]\n|move|p2a: Tauros|Body Slam|p1a: Starmie\n|-damage|p1a: Starmie|15/100\n|\n|upkeep\n|turn|41\n|\n|t:|1741533249\n|move|p1a: Starmie|Thunder Wave|p2a: Tauros\n|-status|p2a: Tauros|par\n|move|p2a: Tauros|Body Slam|p1a: Starmie\n|-damage|p1a: Starmie|0 fnt\n|faint|p1a: Starmie\n|\n|t:|1741533256\n|switch|p1a: Tauros|Tauros|100/100\n|turn|42\n|\n|t:|1741533263\n|move|p1a: Tauros|Body Slam|p2a: Tauros\n|-damage|p2a: Tauros|39/100 par\n|move|p2a: Tauros|Hyper Beam|p1a: Tauros\n|-damage|p1a: Tauros|52/100\n|-mustrecharge|p2a: Tauros\n|\n|upkeep\n|turn|43\n|\n|t:|1741533268\n|move|p1a: Tauros|Hyper Beam|p2a: Tauros\n|-damage|p2a: Tauros|0 fnt\n|faint|p2a: Tauros\n|\n|t:|1741533271\n|switch|p2a: Snorlax|Snorlax|100/100\n|turn|44\n|\n|t:|1741533281\n|move|p1a: Tauros|Body Slam|p2a: Snorlax\n|-damage|p2a: Snorlax|75/100\n|move|p2a: Snorlax|Body Slam|p1a: Tauros\n|-damage|p1a: Tauros|20/100\n|\n|upkeep\n|turn|45\n|\n|t:|1741533288\n|move|p1a: Tauros|Hyper Beam|p2a: Snorlax\n|-damage|p2a: Snorlax|34/100\n|-mustrecharge|p1a: Tauros\n|move|p2a: Snorlax|Body Slam|p1a: Tauros\n|-damage|p1a: Tauros|0 fnt\n|faint|p1a: Tauros\n|\n|t:|1741533290\n|switch|p1a: Rhydon|Rhydon|100/100\n|turn|46\n|\n|t:|1741533320\n|move|p1a: Rhydon|Substitute|p1a: Rhydon\n|-start|p1a: Rhydon|Substitute\n|-damage|p1a: Rhydon|76/100\n|move|p2a: Snorlax|Self-Destruct|p1a: Rhydon\n|-resisted|p1a: Rhydon\n|-end|p1a: Rhydon|Substitute\n|-hint|In Gen 1, the user of Self-Destruct will not take damage if it breaks a Substitute.\n|\n|upkeep\n|turn|47\n|\n|t:|1741533326\n|move|p1a: Rhydon|Earthquake|p2a: Snorlax\n|-crit|p2a: Snorlax\n|-damage|p2a: Snorlax|0 fnt\n|faint|p2a: Snorlax\n|\n|t:|1741533328\n|switch|p2a: Jynx|Jynx|12/100\n|turn|48\n|\n|t:|1741533330\n|move|p2a: Jynx|Blizzard|p1a: Rhydon\n|-crit|p1a: Rhydon\n|-supereffective|p1a: Rhydon\n|-damage|p1a: Rhydon|0 fnt\n|faint|p1a: Rhydon\n|\n|t:|1741533332\n|switch|p1a: Snorlax|Snorlax|27/100\n|turn|49\n|\n|t:|1741533337\n|move|p2a: Jynx|Blizzard|p1a: Snorlax\n|-crit|p1a: Snorlax\n|-damage|p1a: Snorlax|0 fnt\n|faint|p1a: Snorlax\n|\n|win|Amaranth\n|c|☆Amaranth|gg\n","uploadtime":1741533337,"views":"1697","formatid":"gen1ou","rating":null,"private":0,"password":null}