{"id":"smogtours-gen1ou-946420","format":"[Gen 1] OU","players":["magialice","Enigami"],"log":"|inactive|Battle timer is ON: inactive players will automatically lose when time's up.\n|t:|1781396223\n|gametype|singles\n|player|p1|magialice|#pmplivdachsbuns|\n|player|p2|Enigami|oak-gen1rb|\n|gen|1\n|tier|[Gen 1] OU\n|rule|Desync Clause Mod: Desyncs changed to move failure.\n|rule|HP Percentage Mod: HP is shown in percentages\n|rule|Endless Battle Clause: Forcing endless battles is banned\n|rule|Sleep Clause Mod: Limit one foe put to sleep\n|rule|Freeze Clause Mod: Limit one foe frozen\n|rule|Species Clause: Limit one of each Pokémon\n|rule|OHKO Clause: OHKO moves are banned\n|rule|Evasion Moves Clause: Evasion moves are banned\n|\n|t:|1781396223\n|teamsize|p1|6\n|teamsize|p2|6\n|start\n|switch|p1a: Gengar|Gengar|100/100\n|switch|p2a: Starmie|Starmie|100/100\n|turn|1\n|c|☆magialice|glhf\n|c|☆Enigami|u2\n|inactive|magialice has 270 seconds left.\n|\n|t:|1781396265\n|move|p2a: Starmie|Psychic|p1a: Gengar\n|-supereffective|p1a: Gengar\n|-damage|p1a: Gengar|48/100\n|move|p1a: Gengar|Hypnosis|p2a: Starmie\n|-status|p2a: Starmie|slp|[from] move: Hypnosis\n|\n|upkeep\n|turn|2\n|\n|t:|1781396278\n|switch|p2a: Chansey|Chansey|100/100\n|move|p1a: Gengar|Night Shade|p2a: Chansey\n|-damage|p2a: Chansey|86/100\n|\n|upkeep\n|turn|3\n|\n|t:|1781396291\n|switch|p2a: Exeggutor|Exeggutor|100/100\n|move|p1a: Gengar|Night Shade|p2a: Exeggutor\n|-damage|p2a: Exeggutor|75/100\n|\n|upkeep\n|turn|4\n|\n|t:|1781396300\n|move|p1a: Gengar|Explosion|p2a: Exeggutor\n|-damage|p2a: Exeggutor|13/100\n|faint|p1a: Gengar\n|\n|t:|1781396306\n|switch|p1a: Tauros|Tauros|100/100\n|turn|5\n|\n|t:|1781396320\n|switch|p2a: Snorlax|Snorlax|100/100\n|move|p1a: Tauros|Body Slam|p2a: Snorlax\n|-damage|p2a: Snorlax|74/100\n|\n|upkeep\n|turn|6\n|\n|t:|1781396331\n|move|p1a: Tauros|Body Slam|p2a: Snorlax\n|-damage|p2a: Snorlax|50/100\n|move|p2a: Snorlax|Reflect|p2a: Snorlax\n|-start|p2a: Snorlax|Reflect\n|\n|upkeep\n|turn|7\n|\n|t:|1781396345\n|switch|p1a: Cloyster|Cloyster|100/100\n|move|p2a: Snorlax|Body Slam|p1a: Cloyster\n|-damage|p1a: Cloyster|78/100\n|\n|upkeep\n|turn|8\n|\n|t:|1781396353\n|move|p1a: Cloyster|Blizzard|p2a: Snorlax\n|-damage|p2a: Snorlax|18/100\n|move|p2a: Snorlax|Rest|p2a: Snorlax\n|-status|p2a: Snorlax|slp|[from] move: Rest\n|-heal|p2a: Snorlax|100/100 slp|[silent]\n|\n|upkeep\n|turn|9\n|\n|t:|1781396361\n|switch|p2a: Chansey|Chansey|86/100\n|move|p1a: Cloyster|Blizzard|p2a: Chansey\n|-damage|p2a: Chansey|70/100\n|\n|upkeep\n|turn|10\n|\n|t:|1781396367\n|move|p1a: Cloyster|Clamp|p2a: Chansey\n|-damage|p2a: Chansey|65/100\n|cant|p2a: Chansey|partiallytrapped\n|\n|upkeep\n|turn|11\n|\n|t:|1781396373\n|switch|p1a: Tauros|Tauros|100/100\n|switch|p2a: Starmie|Starmie|100/100 slp\n|\n|upkeep\n|turn|12\n|\n|t:|1781396376\n|-curestatus|p2a: Starmie|slp|[msg]\n|move|p1a: Tauros|Body Slam|p2a: Starmie\n|-damage|p2a: Starmie|66/100\n|\n|upkeep\n|turn|13\n|\n|t:|1781396385\n|switch|p1a: Zapdos|Zapdos|100/100\n|move|p2a: Starmie|Recover|p2a: Starmie\n|-heal|p2a: Starmie|100/100\n|\n|upkeep\n|turn|14\n|\n|t:|1781396393\n|switch|p2a: Rhydon|Rhydon|100/100\n|move|p1a: Zapdos|Thunderbolt|p2a: Rhydon\n|-immune|p2a: Rhydon\n|\n|upkeep\n|turn|15\n|\n|t:|1781396404\n|switch|p1a: Exeggutor|Exeggutor|100/100\n|move|p2a: Rhydon|Rock Slide|p1a: Exeggutor\n|-damage|p1a: Exeggutor|70/100\n|\n|upkeep\n|turn|16\n|\n|t:|1781396428\n|switch|p2a: Chansey|Chansey|65/100\n|move|p1a: Exeggutor|Sleep Powder|p2a: Chansey\n|-status|p2a: Chansey|slp|[from] move: Sleep Powder\n|\n|upkeep\n|turn|17\n|inactive|Enigami has 270 seconds left.\n|\n|t:|1781396460\n|move|p1a: Exeggutor|Psychic|p2a: Chansey\n|-damage|p2a: Chansey|48/100 slp\n|cant|p2a: Chansey|slp\n|\n|upkeep\n|turn|18\n|\n|t:|1781396465\n|switch|p2a: Starmie|Starmie|100/100\n|move|p1a: Exeggutor|Psychic|p2a: Starmie\n|-resisted|p2a: Starmie\n|-damage|p2a: Starmie|81/100\n|-unboost|p2a: Starmie|spa|1\n|-unboost|p2a: Starmie|spd|1\n|\n|upkeep\n|turn|19\n|\n|t:|1781396474\n|move|p2a: Starmie|Blizzard|p1a: Exeggutor\n|-supereffective|p1a: Exeggutor\n|-damage|p1a: Exeggutor|42/100\n|move|p1a: Exeggutor|Psychic|p2a: Starmie\n|-resisted|p2a: Starmie\n|-damage|p2a: Starmie|54/100\n|\n|upkeep\n|turn|20\n|inactive|Enigami has 270 seconds left.\n|inactive|magialice has 270 seconds left.\n|\n|t:|1781396530\n|switch|p2a: Chansey|Chansey|48/100 slp\n|move|p1a: Exeggutor|Psychic|p2a: Chansey\n|-damage|p2a: Chansey|32/100 slp\n|\n|upkeep\n|turn|21\n|\n|t:|1781396538\n|switch|p1a: Tauros|Tauros|100/100\n|cant|p2a: Chansey|slp\n|\n|upkeep\n|turn|22\n|\n|t:|1781396546\n|move|p1a: Tauros|Body Slam|p2a: Chansey\n|-crit|p2a: Chansey\n|-damage|p2a: Chansey|0 fnt\n|faint|p2a: Chansey\n|\n|t:|1781396550\n|switch|p2a: Tauros|Tauros|100/100\n|turn|23\n|\n|t:|1781396552\n|move|p1a: Tauros|Body Slam|p2a: Tauros\n|-damage|p2a: Tauros|71/100\n|move|p2a: Tauros|Body Slam|p1a: Tauros\n|-damage|p1a: Tauros|70/100\n|\n|upkeep\n|turn|24\n|\n|t:|1781396555\n|move|p1a: Tauros|Body Slam|p2a: Tauros\n|-damage|p2a: Tauros|44/100\n|move|p2a: Tauros|Body Slam|p1a: Tauros\n|-crit|p1a: Tauros\n|-damage|p1a: Tauros|13/100\n|\n|upkeep\n|turn|25\n|\n|t:|1781396560\n|switch|p1a: Zapdos|Zapdos|100/100\n|move|p2a: Tauros|Body Slam|p1a: Zapdos\n|-damage|p1a: Zapdos|72/100\n|-status|p1a: Zapdos|par\n|\n|upkeep\n|turn|26\n|\n|t:|1781396575\n|switch|p1a: Cloyster|Cloyster|78/100\n|move|p2a: Tauros|Blizzard|p1a: Cloyster\n|-resisted|p1a: Cloyster\n|-damage|p1a: Cloyster|71/100\n|\n|upkeep\n|turn|27\n|\n|t:|1781396583\n|switch|p2a: Starmie|Starmie|54/100\n|move|p1a: Cloyster|Explosion|p2a: Starmie\n|-damage|p2a: Starmie|0 fnt\n|faint|p2a: Starmie\n|faint|p1a: Cloyster\n|\n|t:|1781396593\n|switch|p2a: Tauros|Tauros|44/100\n|switch|p1a: Zapdos|Zapdos|72/100 par\n|turn|28\n|\n|t:|1781396599\n|switch|p2a: Rhydon|Rhydon|100/100\n|move|p1a: Zapdos|Thunderbolt|p2a: Rhydon\n|-immune|p2a: Rhydon\n|\n|upkeep\n|turn|29\n|\n|t:|1781396604\n|switch|p1a: Exeggutor|Exeggutor|42/100\n|move|p2a: Rhydon|Body Slam|p1a: Exeggutor\n|-damage|p1a: Exeggutor|18/100\n|\n|upkeep\n|turn|30\n|\n|t:|1781396611\n|switch|p2a: Snorlax|Snorlax|100/100 slp\n|move|p1a: Exeggutor|Sleep Powder|p2a: Snorlax\n|-fail|p2a: Snorlax|slp\n|\n|upkeep\n|turn|31\n|\n|t:|1781396614\n|move|p1a: Exeggutor|Psychic|p2a: Snorlax\n|-crit|p2a: Snorlax\n|-damage|p2a: Snorlax|42/100 slp\n|-unboost|p2a: Snorlax|spa|1\n|-unboost|p2a: Snorlax|spd|1\n|cant|p2a: Snorlax|slp\n|\n|upkeep\n|turn|32\n|\n|t:|1781396617\n|move|p1a: Exeggutor|Psychic|p2a: Snorlax\n|-damage|p2a: Snorlax|0 fnt\n|faint|p2a: Snorlax\n|\n|t:|1781396619\n|switch|p2a: Tauros|Tauros|44/100\n|turn|33\n|\n|t:|1781396628\n|switch|p1a: Snorlax|Snorlax|100/100\n|move|p2a: Tauros|Body Slam|p1a: Snorlax\n|-damage|p1a: Snorlax|74/100\n|\n|upkeep\n|turn|34\n|\n|t:|1781396637\n|switch|p2a: Rhydon|Rhydon|100/100\n|move|p1a: Snorlax|Body Slam|p2a: Rhydon\n|-resisted|p2a: Rhydon\n|-damage|p2a: Rhydon|90/100\n|\n|upkeep\n|turn|35\n|\n|t:|1781396652\n|move|p2a: Rhydon|Rock Slide|p1a: Snorlax\n|-damage|p1a: Snorlax|48/100\n|move|p1a: Snorlax|Earthquake|p2a: Rhydon\n|-supereffective|p2a: Rhydon\n|-damage|p2a: Rhydon|56/100\n|\n|upkeep\n|turn|36\n|\n|t:|1781396669\n|move|p2a: Rhydon|Earthquake|p1a: Snorlax\n|-crit|p1a: Snorlax\n|-damage|p1a: Snorlax|0 fnt\n|faint|p1a: Snorlax\n|\n|t:|1781396673\n|switch|p1a: Exeggutor|Exeggutor|18/100\n|turn|37\n|\n|t:|1781396677\n|switch|p2a: Exeggutor|Exeggutor|13/100\n|move|p1a: Exeggutor|Sleep Powder|p2a: Exeggutor\n|-status|p2a: Exeggutor|slp|[from] move: Sleep Powder\n|\n|upkeep\n|turn|38\n|\n|t:|1781396684\n|move|p1a: Exeggutor|Psychic|p2a: Exeggutor\n|-resisted|p2a: Exeggutor\n|-damage|p2a: Exeggutor|0 fnt\n|faint|p2a: Exeggutor\n|\n|t:|1781396686\n|switch|p2a: Tauros|Tauros|44/100\n|turn|39\n|\n|t:|1781396695\n|switch|p1a: Zapdos|Zapdos|72/100 par\n|move|p2a: Tauros|Body Slam|p1a: Zapdos\n|-damage|p1a: Zapdos|41/100 par\n|\n|upkeep\n|turn|40\n|\n|t:|1781396708\n|move|p2a: Tauros|Hyper Beam|p1a: Zapdos|[miss]\n|-miss|p2a: Tauros\n|move|p1a: Zapdos|Thunder Wave|p2a: Tauros\n|-status|p2a: Tauros|par\n|\n|upkeep\n|turn|41\n|\n|t:|1781396713\n|cant|p2a: Tauros|par\n|move|p1a: Zapdos|Thunderbolt|p2a: Tauros\n|-damage|p2a: Tauros|0 fnt\n|faint|p2a: Tauros\n|\n|t:|1781396715\n|switch|p2a: Rhydon|Rhydon|56/100\n|turn|42\n|c|☆Enigami|Welp, gg\n|\n|t:|1781396723\n|move|p2a: Rhydon|Substitute|p2a: Rhydon\n|-start|p2a: Rhydon|Substitute\n|-damage|p2a: Rhydon|31/100\n|cant|p1a: Zapdos|par\n|\n|upkeep\n|turn|43\n|c|☆magialice|gg\n|\n|t:|1781396727\n|move|p2a: Rhydon|Rock Slide|p1a: Zapdos|[miss]\n|-miss|p2a: Rhydon\n|move|p1a: Zapdos|Drill Peck|p2a: Rhydon\n|-resisted|p2a: Rhydon\n|-activate|p2a: Rhydon|Substitute|[damage]\n|\n|upkeep\n|turn|44\n|\n|t:|1781396729\n|move|p2a: Rhydon|Rock Slide|p1a: Zapdos\n|-supereffective|p1a: Zapdos\n|-damage|p1a: Zapdos|0 fnt\n|faint|p1a: Zapdos\n|\n|t:|1781396731\n|switch|p1a: Tauros|Tauros|13/100\n|turn|45\n|\n|t:|1781396736\n|move|p1a: Tauros|Earthquake|p2a: Rhydon\n|-supereffective|p2a: Rhydon\n|-end|p2a: Rhydon|Substitute\n|move|p2a: Rhydon|Earthquake|p1a: Tauros\n|-damage|p1a: Tauros|0 fnt\n|faint|p1a: Tauros\n|\n|t:|1781396738\n|switch|p1a: Exeggutor|Exeggutor|18/100\n|turn|46\n|\n|t:|1781396739\n|move|p1a: Exeggutor|Psychic|p2a: Rhydon\n|-damage|p2a: Rhydon|0 fnt\n|faint|p2a: Rhydon\n|\n|win|magialice\n|player|p1|\n|player|p1|magialice|#pmplivdachsbuns|\n","uploadtime":1781396739,"views":"42","formatid":"gen1ou","rating":null,"private":0,"password":null}