{"id":"smogtours-gen1ou-956820","format":"[Gen 1] OU","players":["Amaranth","oakdeon"],"log":"|inactive|Battle timer is ON: inactive players will automatically lose when time's up.\n|t:|1784369252\n|gametype|singles\n|player|p1|Amaranth|#amaranth|\n|player|p2|oakdeon|#adpl|\n|gen|1\n|tier|[Gen 1] OU\n|rule|Desync Clause Mod: Desyncs resolve to link battle behavior from the acting player's perspective.\n|rule|HP Percentage Mod: HP is shown in percentages\n|rule|Endless Battle Clause: Forcing endless battles is banned\n|rule|Sleep Clause Mod: Limit one foe put to sleep\n|rule|Freeze Clause Mod: Limit one foe frozen\n|rule|Species Clause: Limit one of each Pokémon\n|rule|OHKO Clause: OHKO moves are banned\n|rule|Evasion Moves Clause: Evasion moves are banned\n|\n|t:|1784369252\n|teamsize|p1|6\n|teamsize|p2|6\n|start\n|switch|p1a: Zapdos|Zapdos|100/100\n|switch|p2a: Starmie|Starmie|100/100\n|turn|1\n|c|☆oakdeon|hf\n|c|☆Amaranth|glhf\n|inactive|oakdeon has 270 seconds left.\n|inactive|oakdeon has 240 seconds left.\n|\n|t:|1784369338\n|move|p2a: Starmie|Thunder Wave|p1a: Zapdos\n|-status|p1a: Zapdos|par\n|move|p1a: Zapdos|Thunder Wave|p2a: Starmie\n|-status|p2a: Starmie|par\n|\n|upkeep\n|turn|2\n|\n|t:|1784369349\n|switch|p2a: Chansey|Chansey|100/100\n|cant|p1a: Zapdos|par\n|\n|upkeep\n|turn|3\n|\n|t:|1784369352\n|move|p2a: Chansey|Ice Beam|p1a: Zapdos\n|-supereffective|p1a: Zapdos\n|-damage|p1a: Zapdos|68/100 par\n|move|p1a: Zapdos|Thunder Wave|p2a: Chansey\n|-status|p2a: Chansey|par\n|\n|upkeep\n|turn|4\n|\n|t:|1784369359\n|move|p1a: Zapdos|Drill Peck|p2a: Chansey\n|-damage|p2a: Chansey|65/100 par\n|move|p2a: Chansey|Ice Beam|p1a: Zapdos\n|-supereffective|p1a: Zapdos\n|-damage|p1a: Zapdos|34/100 par\n|\n|upkeep\n|turn|5\n|\n|t:|1784369366\n|switch|p2a: Snorlax|Snorlax|100/100\n|move|p1a: Zapdos|Rest|p1a: Zapdos\n|-status|p1a: Zapdos|slp|[from] move: Rest\n|-heal|p1a: Zapdos|100/100 slp|[silent]\n|\n|upkeep\n|turn|6\n|\n|t:|1784369369\n|switch|p1a: Chansey|Chansey|100/100\n|move|p2a: Snorlax|Body Slam|p1a: Chansey\n|-damage|p1a: Chansey|58/100\n|\n|upkeep\n|turn|7\n|\n|t:|1784369383\n|switch|p2a: Jynx|Jynx|100/100\n|move|p1a: Chansey|Sing|p2a: Jynx\n|-status|p2a: Jynx|slp|[from] move: Sing\n|\n|upkeep\n|turn|8\n|\n|t:|1784369391\n|switch|p2a: Chansey|Chansey|65/100 par\n|move|p1a: Chansey|Seismic Toss|p2a: Chansey\n|-damage|p2a: Chansey|50/100 par\n|\n|upkeep\n|turn|9\n|\n|t:|1784369399\n|move|p1a: Chansey|Soft-Boiled|p1a: Chansey\n|-heal|p1a: Chansey|100/100\n|cant|p2a: Chansey|par\n|\n|upkeep\n|turn|10\n|\n|t:|1784369403\n|switch|p1a: Snorlax|Snorlax|100/100\n|move|p2a: Chansey|Soft-Boiled|p2a: Chansey\n|-heal|p2a: Chansey|99/100 par\n|\n|upkeep\n|turn|11\n|\n|t:|1784369412\n|move|p1a: Snorlax|Body Slam|p2a: Chansey\n|-damage|p2a: Chansey|61/100 par\n|move|p2a: Chansey|Thunder Wave|p1a: Snorlax\n|-status|p1a: Snorlax|par\n|\n|upkeep\n|turn|12\n|\n|t:|1784369420\n|switch|p2a: Snorlax|Snorlax|100/100\n|move|p1a: Snorlax|Body Slam|p2a: Snorlax\n|-damage|p2a: Snorlax|74/100\n|\n|upkeep\n|turn|13\n|\n|t:|1784369434\n|move|p2a: Snorlax|Reflect|p2a: Snorlax\n|-start|p2a: Snorlax|Reflect\n|move|p1a: Snorlax|Reflect|p1a: Snorlax\n|-start|p1a: Snorlax|Reflect\n|\n|upkeep\n|turn|14\n|\n|t:|1784369438\n|move|p2a: Snorlax|Body Slam|p1a: Snorlax\n|-damage|p1a: Snorlax|87/100 par\n|move|p1a: Snorlax|Body Slam|p2a: Snorlax\n|-damage|p2a: Snorlax|60/100\n|\n|upkeep\n|turn|15\n|\n|t:|1784369443\n|move|p2a: Snorlax|Body Slam|p1a: Snorlax\n|-damage|p1a: Snorlax|73/100 par\n|move|p1a: Snorlax|Body Slam|p2a: Snorlax\n|-damage|p2a: Snorlax|45/100\n|\n|upkeep\n|turn|16\n|\n|t:|1784369447\n|move|p2a: Snorlax|Rest|p2a: Snorlax\n|-status|p2a: Snorlax|slp|[from] move: Rest\n|-heal|p2a: Snorlax|100/100 slp|[silent]\n|move|p1a: Snorlax|Rest|p1a: Snorlax\n|-status|p1a: Snorlax|slp|[from] move: Rest\n|-heal|p1a: Snorlax|100/100 slp|[silent]\n|\n|upkeep\n|turn|17\n|\n|t:|1784369450\n|cant|p2a: Snorlax|slp\n|cant|p1a: Snorlax|slp\n|\n|upkeep\n|turn|18\n|\n|t:|1784369451\n|-curestatus|p2a: Snorlax|slp|[msg]\n|-curestatus|p1a: Snorlax|slp|[msg]\n|\n|upkeep\n|turn|19\n|\n|t:|1784369453\n|move|p2a: Snorlax|Body Slam|p1a: Snorlax\n|-damage|p1a: Snorlax|87/100\n|move|p1a: Snorlax|Body Slam|p2a: Snorlax\n|-damage|p2a: Snorlax|88/100\n|\n|upkeep\n|turn|20\n|\n|t:|1784369461\n|move|p2a: Snorlax|Body Slam|p1a: Snorlax\n|-damage|p1a: Snorlax|75/100\n|move|p1a: Snorlax|Body Slam|p2a: Snorlax\n|-damage|p2a: Snorlax|75/100\n|\n|upkeep\n|turn|21\n|\n|t:|1784369472\n|move|p2a: Snorlax|Reflect|p2a: Snorlax\n|-fail|p2a: Snorlax\n|move|p1a: Snorlax|Body Slam|p2a: Snorlax\n|-damage|p2a: Snorlax|61/100\n|\n|upkeep\n|turn|22\n|\n|t:|1784369480\n|move|p2a: Snorlax|Rest|p2a: Snorlax\n|-status|p2a: Snorlax|slp|[from] move: Rest\n|-heal|p2a: Snorlax|100/100 slp|[silent]\n|move|p1a: Snorlax|Body Slam|p2a: Snorlax\n|-damage|p2a: Snorlax|88/100 slp\n|\n|upkeep\n|turn|23\n|\n|t:|1784369489\n|cant|p2a: Snorlax|slp\n|move|p1a: Snorlax|Body Slam|p2a: Snorlax\n|-damage|p2a: Snorlax|74/100 slp\n|\n|upkeep\n|turn|24\n|\n|t:|1784369492\n|-curestatus|p2a: Snorlax|slp|[msg]\n|move|p1a: Snorlax|Body Slam|p2a: Snorlax\n|-damage|p2a: Snorlax|62/100\n|\n|upkeep\n|turn|25\n|\n|t:|1784369497\n|move|p2a: Snorlax|Body Slam|p1a: Snorlax\n|-damage|p1a: Snorlax|62/100\n|move|p1a: Snorlax|Body Slam|p2a: Snorlax\n|-damage|p2a: Snorlax|48/100\n|\n|upkeep\n|turn|26\n|\n|t:|1784369501\n|switch|p1a: Zapdos|Zapdos|100/100 slp\n|move|p2a: Snorlax|Rest|p2a: Snorlax\n|-status|p2a: Snorlax|slp|[from] move: Rest\n|-heal|p2a: Snorlax|100/100 slp|[silent]\n|\n|upkeep\n|turn|27\n|\n|t:|1784369504\n|cant|p1a: Zapdos|slp\n|cant|p2a: Snorlax|slp\n|\n|upkeep\n|turn|28\n|\n|t:|1784369505\n|-curestatus|p1a: Zapdos|slp|[msg]\n|-curestatus|p2a: Snorlax|slp|[msg]\n|\n|upkeep\n|turn|29\n|\n|t:|1784369508\n|move|p1a: Zapdos|Thunder Wave|p2a: Snorlax\n|-status|p2a: Snorlax|par\n|move|p2a: Snorlax|Body Slam|p1a: Zapdos\n|-damage|p1a: Zapdos|70/100\n|-status|p1a: Zapdos|par\n|\n|upkeep\n|turn|30\n|\n|t:|1784369517\n|move|p1a: Zapdos|Thunderbolt|p2a: Snorlax\n|-damage|p2a: Snorlax|68/100 par\n|move|p2a: Snorlax|Body Slam|p1a: Zapdos\n|-damage|p1a: Zapdos|41/100 par\n|\n|upkeep\n|turn|31\n|\n|t:|1784369537\n|cant|p1a: Zapdos|par\n|move|p2a: Snorlax|Body Slam|p1a: Zapdos\n|-damage|p1a: Zapdos|9/100 par\n|\n|upkeep\n|turn|32\n|\n|t:|1784369540\n|switch|p2a: Tauros|Tauros|100/100\n|move|p1a: Zapdos|Rest|p1a: Zapdos\n|-status|p1a: Zapdos|slp|[from] move: Rest\n|-heal|p1a: Zapdos|100/100 slp|[silent]\n|\n|upkeep\n|turn|33\n|\n|t:|1784369543\n|switch|p1a: Starmie|Starmie|100/100\n|move|p2a: Tauros|Body Slam|p1a: Starmie\n|-damage|p1a: Starmie|66/100\n|\n|upkeep\n|turn|34\n|\n|t:|1784369556\n|switch|p2a: Chansey|Chansey|61/100 par\n|move|p1a: Starmie|Recover|p1a: Starmie\n|-heal|p1a: Starmie|100/100\n|\n|upkeep\n|turn|35\n|\n|t:|1784369565\n|switch|p1a: Snorlax|Snorlax|62/100\n|move|p2a: Chansey|Thunder Wave|p1a: Snorlax\n|-status|p1a: Snorlax|par\n|\n|upkeep\n|turn|36\n|\n|t:|1784369570\n|move|p2a: Chansey|Soft-Boiled|p2a: Chansey\n|-heal|p2a: Chansey|100/100 par\n|move|p1a: Snorlax|Body Slam|p2a: Chansey\n|-damage|p2a: Chansey|60/100 par\n|\n|upkeep\n|turn|37\n|\n|t:|1784369574\n|cant|p2a: Chansey|par\n|move|p1a: Snorlax|Body Slam|p2a: Chansey\n|-damage|p2a: Chansey|15/100 par\n|\n|upkeep\n|turn|38\n|\n|t:|1784369577\n|move|p2a: Chansey|Soft-Boiled|p2a: Chansey\n|-heal|p2a: Chansey|65/100 par\n|move|p1a: Snorlax|Body Slam|p2a: Chansey\n|-damage|p2a: Chansey|21/100 par\n|\n|upkeep\n|turn|39\n|\n|t:|1784369579\n|cant|p2a: Chansey|par\n|move|p1a: Snorlax|Body Slam|p2a: Chansey\n|-damage|p2a: Chansey|0 fnt\n|faint|p2a: Chansey\n|\n|t:|1784369582\n|switch|p2a: Tauros|Tauros|100/100\n|turn|40\n|\n|t:|1784369589\n|move|p2a: Tauros|Body Slam|p1a: Snorlax\n|-damage|p1a: Snorlax|38/100 par\n|move|p1a: Snorlax|Body Slam|p2a: Tauros\n|-damage|p2a: Tauros|68/100\n|\n|upkeep\n|turn|41\n|\n|t:|1784369600\n|switch|p1a: Starmie|Starmie|100/100\n|move|p2a: Tauros|Body Slam|p1a: Starmie\n|-damage|p1a: Starmie|66/100\n|\n|upkeep\n|turn|42\n|\n|t:|1784369606\n|move|p1a: Starmie|Psychic|p2a: Tauros\n|-damage|p2a: Tauros|33/100\n|move|p2a: Tauros|Body Slam|p1a: Starmie\n|-damage|p1a: Starmie|34/100\n|-status|p1a: Starmie|par\n|\n|upkeep\n|turn|43\n|\n|t:|1784369621\n|switch|p1a: Snorlax|Snorlax|38/100 par\n|move|p2a: Tauros|Body Slam|p1a: Snorlax\n|-damage|p1a: Snorlax|15/100 par\n|\n|upkeep\n|turn|44\n|\n|t:|1784369624\n|move|p2a: Tauros|Body Slam|p1a: Snorlax\n|-damage|p1a: Snorlax|0 fnt\n|faint|p1a: Snorlax\n|\n|t:|1784369631\n|switch|p1a: Tauros|Tauros|100/100\n|turn|45\n|\n|t:|1784369642\n|switch|p2a: Jynx|Jynx|100/100 slp\n|move|p1a: Tauros|Hyper Beam|p2a: Jynx\n|-damage|p2a: Jynx|3/100 slp\n|-mustrecharge|p1a: Tauros\n|\n|upkeep\n|turn|46\n|\n|t:|1784369649\n|switch|p2a: Zapdos|Zapdos|100/100\n|cant|p1a: Tauros|recharge\n|\n|upkeep\n|turn|47\n|\n|t:|1784369655\n|move|p1a: Tauros|Body Slam|p2a: Zapdos\n|-damage|p2a: Zapdos|72/100\n|move|p2a: Zapdos|Thunder Wave|p1a: Tauros\n|-status|p1a: Tauros|par\n|\n|upkeep\n|turn|48\n|\n|t:|1784369666\n|switch|p2a: Starmie|Starmie|100/100 par\n|move|p1a: Tauros|Body Slam|p2a: Starmie\n|-damage|p2a: Starmie|64/100 par\n|\n|upkeep\n|turn|49\n|\n|t:|1784369676\n|move|p2a: Starmie|Surf|p1a: Tauros\n|-damage|p1a: Tauros|59/100 par\n|move|p1a: Tauros|Body Slam|p2a: Starmie\n|-damage|p2a: Starmie|30/100 par\n|\n|upkeep\n|turn|50\n|\n|t:|1784369691\n|switch|p1a: Zapdos|Zapdos|100/100 slp\n|move|p2a: Starmie|Recover|p2a: Starmie\n|-heal|p2a: Starmie|79/100 par\n|\n|upkeep\n|turn|51\n|\n|t:|1784369709\n|cant|p1a: Zapdos|slp\n|move|p2a: Starmie|Surf|p1a: Zapdos\n|-damage|p1a: Zapdos|74/100 slp\n|\n|upkeep\n|turn|52\n|\n|t:|1784369712\n|-curestatus|p1a: Zapdos|slp|[msg]\n|cant|p2a: Starmie|par\n|\n|upkeep\n|turn|53\n|\n|t:|1784369724\n|switch|p2a: Jynx|Jynx|3/100 slp\n|move|p1a: Zapdos|Thunderbolt|p2a: Jynx\n|-damage|p2a: Jynx|0 fnt\n|faint|p2a: Jynx\n|\n|t:|1784369727\n|switch|p2a: Zapdos|Zapdos|72/100\n|turn|54\n|\n|t:|1784369730\n|move|p2a: Zapdos|Thunder Wave|p1a: Zapdos\n|-status|p1a: Zapdos|par\n|cant|p1a: Zapdos|par\n|\n|upkeep\n|turn|55\n|\n|t:|1784369739\n|move|p2a: Zapdos|Thunderbolt|p1a: Zapdos\n|-damage|p1a: Zapdos|44/100 par\n|move|p1a: Zapdos|Thunder Wave|p2a: Zapdos\n|-status|p2a: Zapdos|par\n|\n|upkeep\n|turn|56\n|\n|t:|1784369744\n|move|p1a: Zapdos|Thunderbolt|p2a: Zapdos\n|-damage|p2a: Zapdos|45/100 par\n|move|p2a: Zapdos|Agility|p2a: Zapdos\n|-boost|p2a: Zapdos|spe|2\n|\n|upkeep\n|turn|57\n|\n|t:|1784369750\n|switch|p1a: Chansey|Chansey|100/100\n|move|p2a: Zapdos|Thunderbolt|p1a: Chansey\n|-damage|p1a: Chansey|81/100\n|-status|p1a: Chansey|par\n|\n|upkeep\n|turn|58\n|\n|t:|1784369755\n|move|p2a: Zapdos|Drill Peck|p1a: Chansey\n|-damage|p1a: Chansey|44/100 par\n|move|p1a: Chansey|Soft-Boiled|p1a: Chansey\n|-heal|p1a: Chansey|94/100 par\n|\n|upkeep\n|turn|59\n|\n|t:|1784369758\n|move|p2a: Zapdos|Drill Peck|p1a: Chansey\n|-damage|p1a: Chansey|63/100 par\n|move|p1a: Chansey|Seismic Toss|p2a: Zapdos\n|-damage|p2a: Zapdos|19/100 par\n|\n|upkeep\n|turn|60\n|\n|t:|1784369760\n|move|p2a: Zapdos|Drill Peck|p1a: Chansey\n|-damage|p1a: Chansey|28/100 par\n|move|p1a: Chansey|Seismic Toss|p2a: Zapdos\n|-damage|p2a: Zapdos|0 fnt\n|faint|p2a: Zapdos\n|\n|t:|1784369763\n|switch|p2a: Tauros|Tauros|33/100\n|turn|61\n|\n|t:|1784369771\n|switch|p1a: Starmie|Starmie|34/100 par\n|move|p2a: Tauros|Body Slam|p1a: Starmie\n|-damage|p1a: Starmie|0 fnt\n|faint|p1a: Starmie\n|\n|t:|1784369780\n|switch|p1a: Exeggutor|Exeggutor|100/100\n|turn|62\n|inactive|oakdeon has 270 seconds left.\n|\n|t:|1784369826\n|switch|p2a: Starmie|Starmie|79/100 par\n|move|p1a: Exeggutor|Psychic|p2a: Starmie\n|-crit|p2a: Starmie\n|-resisted|p2a: Starmie\n|-damage|p2a: Starmie|40/100 par\n|\n|upkeep\n|turn|63\n|\n|t:|1784369832\n|switch|p1a: Zapdos|Zapdos|44/100 par\n|move|p2a: Starmie|Recover|p2a: Starmie\n|-heal|p2a: Starmie|90/100 par\n|\n|upkeep\n|turn|64\n|inactive|oakdeon has 270 seconds left.\n|\n|t:|1784369840\n|move|p2a: Starmie|Surf|p1a: Zapdos\n|-damage|p1a: Zapdos|17/100 par\n|move|p1a: Zapdos|Thunderbolt|p2a: Starmie\n|-supereffective|p2a: Starmie\n|-damage|p2a: Starmie|10/100 par\n|\n|upkeep\n|turn|65\n|\n|t:|1784369844\n|cant|p2a: Starmie|par\n|move|p1a: Zapdos|Thunderbolt|p2a: Starmie\n|-crit|p2a: Starmie\n|-supereffective|p2a: Starmie\n|-damage|p2a: Starmie|0 fnt\n|faint|p2a: Starmie\n|\n|t:|1784369847\n|switch|p2a: Tauros|Tauros|33/100\n|turn|66\n|\n|t:|1784369852\n|switch|p1a: Chansey|Chansey|28/100 par\n|move|p2a: Tauros|Body Slam|p1a: Chansey\n|-crit|p1a: Chansey\n|-damage|p1a: Chansey|0 fnt\n|faint|p1a: Chansey\n|\n|t:|1784369855\n|switch|p1a: Exeggutor|Exeggutor|100/100\n|turn|67\n|c|☆oakdeon|putain de game \n|\n|t:|1784369872\n|switch|p2a: Snorlax|Snorlax|68/100 par\n|move|p1a: Exeggutor|Psychic|p2a: Snorlax\n|-damage|p2a: Snorlax|36/100 par\n|\n|upkeep\n|turn|68\n|inactive|oakdeon has 270 seconds left.\n|\n|t:|1784369909\n|switch|p1a: Zapdos|Zapdos|17/100 par\n|move|p2a: Snorlax|Body Slam|p1a: Zapdos\n|-damage|p1a: Zapdos|0 fnt\n|faint|p1a: Zapdos\n|\n|t:|1784369912\n|switch|p1a: Tauros|Tauros|59/100 par\n|turn|69\n|\n|t:|1784369920\n|move|p1a: Tauros|Hyper Beam|p2a: Snorlax|[miss]\n|-miss|p1a: Tauros\n|move|p2a: Snorlax|Body Slam|p1a: Tauros\n|-damage|p1a: Tauros|26/100 par\n|\n|upkeep\n|turn|70\n|\n|t:|1784369932\n|move|p1a: Tauros|Hyper Beam|p2a: Snorlax\n|-crit|p2a: Snorlax\n|-damage|p2a: Snorlax|0 fnt\n|faint|p2a: Snorlax\n|\n|t:|1784369933\n|switch|p2a: Tauros|Tauros|33/100\n|turn|71\n|\n|t:|1784369935\n|move|p2a: Tauros|Body Slam|p1a: Tauros\n|-crit|p1a: Tauros\n|-damage|p1a: Tauros|0 fnt\n|faint|p1a: Tauros\n|\n|t:|1784369936\n|switch|p1a: Exeggutor|Exeggutor|100/100\n|turn|72\n|\n|t:|1784369942\n|move|p2a: Tauros|Body Slam|p1a: Exeggutor\n|-crit|p1a: Exeggutor\n|-damage|p1a: Exeggutor|42/100\n|move|p1a: Exeggutor|Psychic|p2a: Tauros\n|-damage|p2a: Tauros|0 fnt\n|faint|p2a: Tauros\n|\n|win|Amaranth\n|c|☆Amaranth|gg\n|c|☆oakdeon|gg\n|player|p1|\n","uploadtime":1784369942,"views":"114","formatid":"gen1ou","rating":null,"private":0,"password":null}