{"id":"smogtours-gen1ou-959350","format":"[Gen 1] OU","players":["emma","Tarvold"],"log":"|inactive|Battle timer is ON: inactive players will automatically lose when time's up.\n|t:|1785093233\n|gametype|singles\n|player|p1|emma|#splxviiscooters2|\n|player|p2|Tarvold|swimmerf-gen4dp|\n|gen|1\n|tier|[Gen 1] OU\n|rule|Desync Clause Mod: Desyncs resolve to link battle behavior from the acting player's perspective.\n|rule|HP Percentage Mod: HP is shown in percentages\n|rule|Endless Battle Clause: Forcing endless battles is banned\n|rule|Sleep Clause Mod: Limit one foe put to sleep\n|rule|Freeze Clause Mod: Limit one foe frozen\n|rule|Species Clause: Limit one of each Pokémon\n|rule|OHKO Clause: OHKO moves are banned\n|rule|Evasion Moves Clause: Evasion moves are banned\n|\n|t:|1785093233\n|teamsize|p1|6\n|teamsize|p2|6\n|start\n|switch|p1a: Yelan|Jolteon|100/100\n|switch|p2a: Tauros|Tauros|100/100\n|turn|1\n|c|☆emma|hf\n|c|☆Tarvold|hf\n|\n|t:|1785093254\n|move|p1a: Yelan|Thunder Wave|p2a: Tauros\n|-status|p2a: Tauros|par\n|move|p2a: Tauros|Body Slam|p1a: Yelan\n|-crit|p1a: Yelan\n|-damage|p1a: Yelan|25/100\n|\n|upkeep\n|turn|2\n|\n|t:|1785093264\n|move|p1a: Yelan|Thunderbolt|p2a: Tauros\n|-crit|p2a: Tauros\n|-damage|p2a: Tauros|21/100 par\n|move|p2a: Tauros|Body Slam|p1a: Yelan\n|-damage|p1a: Yelan|0 fnt\n|faint|p1a: Yelan\n|\n|t:|1785093268\n|switch|p1a: Kazuha|Tauros|100/100\n|turn|3\n|\n|t:|1785093297\n|move|p1a: Kazuha|Body Slam|p2a: Tauros\n|-damage|p2a: Tauros|0 fnt\n|faint|p2a: Tauros\n|\n|t:|1785093301\n|switch|p2a: Lapras|Lapras|100/100\n|turn|4\n|\n|t:|1785093308\n|switch|p1a: Nilou|Chansey|100/100\n|move|p2a: Lapras|Blizzard|p1a: Nilou\n|-damage|p1a: Nilou|82/100\n|\n|upkeep\n|turn|5\n|\n|t:|1785093314\n|move|p2a: Lapras|Sing|p1a: Nilou\n|-status|p1a: Nilou|slp|[from] move: Sing\n|cant|p1a: Nilou|slp\n|\n|upkeep\n|turn|6\n|\n|t:|1785093319\n|move|p2a: Lapras|Body Slam|p1a: Nilou\n|-damage|p1a: Nilou|57/100 slp\n|cant|p1a: Nilou|slp\n|\n|upkeep\n|turn|7\n|\n|t:|1785093324\n|move|p2a: Lapras|Blizzard|p1a: Nilou\n|-damage|p1a: Nilou|39/100 slp\n|cant|p1a: Nilou|slp\n|\n|upkeep\n|turn|8\n|\n|t:|1785093331\n|switch|p1a: Kokomi|Starmie|100/100\n|move|p2a: Lapras|Body Slam|p1a: Kokomi\n|-crit|p1a: Kokomi\n|-damage|p1a: Kokomi|60/100\n|\n|upkeep\n|turn|9\n|\n|t:|1785093337\n|switch|p2a: Chansey|Chansey|100/100\n|move|p1a: Kokomi|Thunder Wave|p2a: Chansey\n|-status|p2a: Chansey|par\n|\n|upkeep\n|turn|10\n|c|@ego|go emma\n|\n|t:|1785093350\n|switch|p1a: Nilou|Chansey|39/100 slp\n|move|p2a: Chansey|Thunder Wave|p1a: Nilou\n|-fail|p1a: Nilou\n|\n|upkeep\n|turn|11\n|\n|t:|1785093362\n|switch|p2a: Lapras|Lapras|100/100\n|cant|p1a: Nilou|slp\n|\n|upkeep\n|turn|12\n|\n|t:|1785093380\n|switch|p1a: Kokomi|Starmie|60/100\n|move|p2a: Lapras|Body Slam|p1a: Kokomi\n|-damage|p1a: Kokomi|38/100\n|\n|upkeep\n|turn|13\n|\n|t:|1785093387\n|move|p1a: Kokomi|Recover|p1a: Kokomi\n|-heal|p1a: Kokomi|88/100\n|move|p2a: Lapras|Thunderbolt|p1a: Kokomi\n|-supereffective|p1a: Kokomi\n|-damage|p1a: Kokomi|45/100\n|\n|upkeep\n|turn|14\n|\n|t:|1785093396\n|switch|p2a: Chansey|Chansey|100/100 par\n|move|p1a: Kokomi|Recover|p1a: Kokomi\n|-heal|p1a: Kokomi|95/100\n|\n|upkeep\n|turn|15\n|\n|t:|1785093401\n|switch|p1a: Nilou|Chansey|39/100 slp\n|cant|p2a: Chansey|par\n|\n|upkeep\n|turn|16\n|\n|t:|1785093407\n|switch|p2a: Lapras|Lapras|100/100\n|-curestatus|p1a: Nilou|slp|[msg]\n|\n|upkeep\n|turn|17\n|\n|t:|1785093416\n|move|p2a: Lapras|Sing|p1a: Nilou\n|-status|p1a: Nilou|slp|[from] move: Sing\n|cant|p1a: Nilou|slp\n|\n|upkeep\n|turn|18\n|c|☆emma|no way lapras has landed sing TWICE\n|\n|t:|1785093430\n|switch|p1a: Kokomi|Starmie|95/100\n|move|p2a: Lapras|Thunderbolt|p1a: Kokomi\n|-supereffective|p1a: Kokomi\n|-damage|p1a: Kokomi|47/100\n|\n|upkeep\n|turn|19\n|\n|t:|1785093436\n|move|p1a: Kokomi|Recover|p1a: Kokomi\n|-heal|p1a: Kokomi|96/100\n|move|p2a: Lapras|Thunderbolt|p1a: Kokomi\n|-supereffective|p1a: Kokomi\n|-damage|p1a: Kokomi|49/100\n|\n|upkeep\n|turn|20\n|\n|t:|1785093441\n|switch|p2a: Chansey|Chansey|100/100 par\n|move|p1a: Kokomi|Thunder Wave|p2a: Chansey\n|-fail|p2a: Chansey|par\n|\n|upkeep\n|turn|21\n|\n|t:|1785093449\n|switch|p1a: Wanderer|Snorlax|100/100\n|cant|p2a: Chansey|par\n|\n|upkeep\n|turn|22\n|\n|t:|1785093455\n|switch|p2a: Gengar|Gengar|100/100\n|move|p1a: Wanderer|Body Slam|p2a: Gengar\n|-immune|p2a: Gengar\n|\n|upkeep\n|turn|23\n|\n|t:|1785093461\n|switch|p1a: Alhaitham|Exeggutor|100/100\n|move|p2a: Gengar|Psychic|p1a: Alhaitham\n|-crit|p1a: Alhaitham\n|-resisted|p1a: Alhaitham\n|-damage|p1a: Alhaitham|84/100\n|\n|upkeep\n|turn|24\n|\n|t:|1785093467\n|switch|p2a: Chansey|Chansey|100/100 par\n|move|p1a: Alhaitham|Psychic|p2a: Chansey\n|-damage|p2a: Chansey|83/100 par\n|-unboost|p2a: Chansey|spa|1\n|-unboost|p2a: Chansey|spd|1\n|\n|upkeep\n|turn|25\n|\n|t:|1785093473\n|move|p1a: Alhaitham|Psychic|p2a: Chansey\n|-damage|p2a: Chansey|56/100 par\n|-unboost|p2a: Chansey|spa|1\n|-unboost|p2a: Chansey|spd|1\n|move|p2a: Chansey|Thunder Wave|p1a: Alhaitham\n|-status|p1a: Alhaitham|par\n|\n|upkeep\n|turn|26\n|\n|t:|1785093480\n|move|p1a: Alhaitham|Sleep Powder|p2a: Chansey\n|-fail|p2a: Chansey\n|move|p2a: Chansey|Soft-Boiled|p2a: Chansey\n|-heal|p2a: Chansey|100/100 par\n|\n|upkeep\n|turn|27\n|\n|t:|1785093485\n|move|p1a: Alhaitham|Sleep Powder|p2a: Chansey\n|-fail|p2a: Chansey\n|move|p2a: Chansey|Ice Beam|p1a: Alhaitham\n|-supereffective|p1a: Alhaitham\n|-damage|p1a: Alhaitham|68/100 par\n|\n|upkeep\n|turn|28\n|\n|t:|1785093491\n|move|p1a: Alhaitham|Psychic|p2a: Chansey\n|-damage|p2a: Chansey|67/100 par\n|cant|p2a: Chansey|par\n|\n|upkeep\n|turn|29\n|\n|t:|1785093495\n|move|p1a: Alhaitham|Psychic|p2a: Chansey\n|-damage|p2a: Chansey|31/100 par\n|move|p2a: Chansey|Soft-Boiled|p2a: Chansey\n|-heal|p2a: Chansey|81/100 par\n|\n|upkeep\n|turn|30\n|\n|t:|1785093500\n|move|p1a: Alhaitham|Psychic|p2a: Chansey\n|-damage|p2a: Chansey|48/100 par\n|-unboost|p2a: Chansey|spa|1\n|-unboost|p2a: Chansey|spd|1\n|move|p2a: Chansey|Soft-Boiled|p2a: Chansey\n|-heal|p2a: Chansey|98/100 par\n|\n|upkeep\n|turn|31\n|\n|t:|1785093506\n|move|p1a: Alhaitham|Psychic|p2a: Chansey\n|-damage|p2a: Chansey|52/100 par\n|move|p2a: Chansey|Soft-Boiled|p2a: Chansey\n|-heal|p2a: Chansey|100/100 par\n|\n|upkeep\n|turn|32\n|\n|t:|1785093517\n|move|p1a: Alhaitham|Psychic|p2a: Chansey\n|-damage|p2a: Chansey|60/100 par\n|move|p2a: Chansey|Ice Beam|p1a: Alhaitham\n|-supereffective|p1a: Alhaitham\n|-damage|p1a: Alhaitham|55/100 par\n|\n|upkeep\n|turn|33\n|\n|t:|1785093523\n|cant|p1a: Alhaitham|par\n|move|p2a: Chansey|Soft-Boiled|p2a: Chansey\n|-heal|p2a: Chansey|100/100 par\n|\n|upkeep\n|turn|34\n|\n|t:|1785093527\n|move|p1a: Alhaitham|Psychic|p2a: Chansey\n|-damage|p2a: Chansey|58/100 par\n|cant|p2a: Chansey|par\n|\n|upkeep\n|turn|35\n|\n|t:|1785093532\n|cant|p1a: Alhaitham|par\n|cant|p2a: Chansey|par\n|\n|upkeep\n|turn|36\n|\n|t:|1785093538\n|switch|p2a: Lapras|Lapras|100/100\n|move|p1a: Alhaitham|Psychic|p2a: Lapras\n|-damage|p2a: Lapras|73/100\n|\n|upkeep\n|turn|37\n|\n|t:|1785093544\n|switch|p1a: Kokomi|Starmie|49/100\n|move|p2a: Lapras|Blizzard|p1a: Kokomi\n|-resisted|p1a: Kokomi\n|-damage|p1a: Kokomi|29/100\n|\n|upkeep\n|turn|38\n|\n|t:|1785093550\n|switch|p1a: Wanderer|Snorlax|100/100\n|switch|p2a: Chansey|Chansey|58/100 par\n|\n|upkeep\n|turn|39\n|\n|t:|1785093554\n|switch|p2a: Gengar|Gengar|100/100\n|move|p1a: Wanderer|Body Slam|p2a: Gengar\n|-immune|p2a: Gengar\n|\n|upkeep\n|turn|40\n|\n|t:|1785093560\n|switch|p1a: Nilou|Chansey|39/100 slp\n|move|p2a: Gengar|Thunderbolt|p1a: Nilou\n|-damage|p1a: Nilou|28/100 slp\n|\n|upkeep\n|turn|41\n|\n|t:|1785093568\n|switch|p1a: Alhaitham|Exeggutor|55/100 par\n|move|p2a: Gengar|Thunderbolt|p1a: Alhaitham\n|-resisted|p1a: Alhaitham\n|-damage|p1a: Alhaitham|47/100 par\n|\n|upkeep\n|turn|42\n|\n|t:|1785093574\n|switch|p2a: Chansey|Chansey|58/100 par\n|switch|p1a: Kazuha|Tauros|100/100\n|\n|upkeep\n|turn|43\n|\n|t:|1785093586\n|switch|p2a: Snorlax|Snorlax|100/100\n|move|p1a: Kazuha|Body Slam|p2a: Snorlax\n|-damage|p2a: Snorlax|76/100\n|\n|upkeep\n|turn|44\n|\n|t:|1785093592\n|switch|p1a: Wanderer|Snorlax|100/100\n|move|p2a: Snorlax|Body Slam|p1a: Wanderer\n|-damage|p1a: Wanderer|73/100\n|\n|upkeep\n|turn|45\n|\n|t:|1785093598\n|move|p1a: Wanderer|Reflect|p1a: Wanderer\n|-start|p1a: Wanderer|Reflect\n|move|p2a: Snorlax|Earthquake|p1a: Wanderer\n|-damage|p1a: Wanderer|62/100\n|\n|upkeep\n|turn|46\n|\n|t:|1785093603\n|switch|p2a: Gengar|Gengar|100/100\n|move|p1a: Wanderer|Body Slam|p2a: Gengar\n|-immune|p2a: Gengar\n|\n|upkeep\n|turn|47\n|\n|t:|1785093610\n|switch|p1a: Alhaitham|Exeggutor|47/100 par\n|move|p2a: Gengar|Thunderbolt|p1a: Alhaitham\n|-resisted|p1a: Alhaitham\n|-damage|p1a: Alhaitham|37/100 par\n|\n|upkeep\n|turn|48\n|\n|t:|1785093621\n|switch|p2a: Chansey|Chansey|58/100 par\n|switch|p1a: Kazuha|Tauros|100/100\n|\n|upkeep\n|turn|49\n|\n|t:|1785093626\n|move|p1a: Kazuha|Earthquake|p2a: Chansey\n|-damage|p2a: Chansey|29/100 par\n|move|p2a: Chansey|Thunder Wave|p1a: Kazuha\n|-status|p1a: Kazuha|par\n|\n|upkeep\n|turn|50\n|inactive|Tarvold has 270 seconds left.\n|\n|t:|1785093658\n|cant|p1a: Kazuha|par\n|move|p2a: Chansey|Ice Beam|p1a: Kazuha\n|-damage|p1a: Kazuha|73/100 par\n|\n|upkeep\n|turn|51\n|inactive|Tarvold has 270 seconds left.\n|\n|t:|1785093672\n|cant|p1a: Kazuha|par\n|cant|p2a: Chansey|par\n|\n|upkeep\n|turn|52\n|\n|t:|1785093687\n|move|p1a: Kazuha|Earthquake|p2a: Chansey\n|-damage|p2a: Chansey|1/100 par\n|move|p2a: Chansey|Ice Beam|p1a: Kazuha\n|-damage|p1a: Kazuha|47/100 par\n|\n|upkeep\n|turn|53\n|\n|t:|1785093694\n|move|p1a: Kazuha|Body Slam|p2a: Chansey\n|-crit|p2a: Chansey\n|-damage|p2a: Chansey|0 fnt\n|faint|p2a: Chansey\n|inactive|Tarvold has 270 seconds left.\n|\n|t:|1785093717\n|switch|p2a: Snorlax|Snorlax|76/100\n|turn|54\n|\n|t:|1785093722\n|move|p2a: Snorlax|Body Slam|p1a: Kazuha\n|-damage|p1a: Kazuha|14/100 par\n|move|p1a: Kazuha|Hyper Beam|p2a: Snorlax\n|-damage|p2a: Snorlax|35/100\n|-mustrecharge|p1a: Kazuha\n|\n|upkeep\n|turn|55\n|inactive|Tarvold has 270 seconds left.\n|\n|t:|1785093743\n|move|p2a: Snorlax|Body Slam|p1a: Kazuha\n|-damage|p1a: Kazuha|0 fnt\n|faint|p1a: Kazuha\n|\n|t:|1785093747\n|switch|p1a: Wanderer|Snorlax|62/100\n|turn|56\n|\n|t:|1785093754\n|switch|p1a: Alhaitham|Exeggutor|37/100 par\n|move|p2a: Snorlax|Body Slam|p1a: Alhaitham\n|-damage|p1a: Alhaitham|6/100 par\n|\n|upkeep\n|turn|57\n|-message|emma forfeited.\n|\n|win|Tarvold\n|c|☆emma|gg\n|c|☆Tarvold|ggs\n|player|p1|\n","uploadtime":1785093758,"views":"69","formatid":"gen1ou","rating":null,"private":0,"password":null}