{"id":"smogtours-gen1ou-907142","format":"[Gen 1] OU","players":["BeeOrSomething","LNumbers"],"log":"|inactive|Battle timer is ON: inactive players will automatically lose when time's up.\n|t:|1770575183\n|gametype|singles\n|player|p1|BeeOrSomething|#beeorsomething|\n|player|p2|LNumbers|#splxviityrants2|\n|gen|1\n|tier|[Gen 1] OU\n|rule|Desync Clause Mod: Desyncs changed to move failure.\n|rule|Sleep Clause Mod: Limit one foe put to sleep\n|rule|Freeze Clause Mod: Limit one foe frozen\n|rule|Species Clause: Limit one of each Pokémon\n|rule|OHKO Clause: OHKO moves are banned\n|rule|Evasion Moves Clause: Evasion moves are banned\n|rule|Endless Battle Clause: Forcing endless battles is banned\n|rule|HP Percentage Mod: HP is shown in percentages\n|\n|t:|1770575183\n|teamsize|p1|6\n|teamsize|p2|6\n|start\n|switch|p1a: Time Eater|Alakazam|100/100\n|switch|p2a: Alakazam|Alakazam|100/100\n|turn|1\n|c|☆LNumbers|hf\n|c|☆BeeOrSomething|glhf\n|inactive|LNumbers has 270 seconds left.\n|inactive|LNumbers has 240 seconds left.\n|\n|t:|1770575251\n|switch|p2a: Exeggutor|Exeggutor|100/100\n|move|p1a: Time Eater|Seismic Toss|p2a: Exeggutor\n|-damage|p2a: Exeggutor|75/100\n|\n|upkeep\n|turn|2\n|rated|Smogon Premier League\n|\n|t:|1770575258\n|move|p1a: Time Eater|Thunder Wave|p2a: Exeggutor\n|-status|p2a: Exeggutor|par\n|cant|p2a: Exeggutor|par\n|\n|upkeep\n|turn|3\n|\n|t:|1770575263\n|move|p1a: Time Eater|Seismic Toss|p2a: Exeggutor\n|-damage|p2a: Exeggutor|50/100 par\n|move|p2a: Exeggutor|Sleep Powder|p1a: Time Eater|[miss]\n|-miss|p2a: Exeggutor\n|\n|upkeep\n|turn|4\n|\n|t:|1770575271\n|switch|p1a: Awakened One|Starmie|100/100\n|cant|p2a: Exeggutor|par\n|\n|upkeep\n|turn|5\n|\n|t:|1770575281\n|switch|p1a: Time Eater|Alakazam|100/100\n|switch|p2a: Chansey|Chansey|100/100\n|\n|upkeep\n|turn|6\n|\n|t:|1770575291\n|move|p1a: Time Eater|Psychic|p2a: Chansey\n|-crit|p2a: Chansey\n|-damage|p2a: Chansey|66/100\n|move|p2a: Chansey|Sing|p1a: Time Eater\n|-status|p1a: Time Eater|slp|[from] move: Sing\n|\n|upkeep\n|turn|7\n|\n|t:|1770575299\n|switch|p1a: The Collector|Exeggutor|100/100\n|move|p2a: Chansey|Seismic Toss|p1a: The Collector\n|-damage|p1a: The Collector|75/100\n|\n|upkeep\n|turn|8\n|\n|t:|1770575306\n|move|p1a: The Collector|Double-Edge|p2a: Chansey\n|-damage|p2a: Chansey|35/100\n|-damage|p1a: The Collector|62/100|[from] Recoil|[of] p2a: Chansey\n|move|p2a: Chansey|Thunder Wave|p1a: The Collector\n|-status|p1a: The Collector|par\n|\n|upkeep\n|turn|9\n|\n|t:|1770575317\n|switch|p2a: Exeggutor|Exeggutor|50/100 par\n|cant|p1a: The Collector|par\n|\n|upkeep\n|turn|10\n|\n|t:|1770575346\n|switch|p1a: Awakened One|Starmie|100/100\n|move|p2a: Exeggutor|Psychic|p1a: Awakened One\n|-resisted|p1a: Awakened One\n|-damage|p1a: Awakened One|82/100\n|\n|upkeep\n|turn|11\n|inactive|LNumbers has 270 seconds left.\n|\n|t:|1770575384\n|switch|p2a: Chansey|Chansey|35/100\n|move|p1a: Awakened One|Blizzard|p2a: Chansey\n|-crit|p2a: Chansey\n|-damage|p2a: Chansey|9/100\n|\n|upkeep\n|turn|12\n|\n|t:|1770575406\n|switch|p2a: Alakazam|Alakazam|100/100\n|move|p1a: Awakened One|Psychic|p2a: Alakazam\n|-resisted|p2a: Alakazam\n|-damage|p2a: Alakazam|86/100\n|\n|upkeep\n|turn|13\n|inactive|LNumbers has 240 seconds left.\n|\n|t:|1770575432\n|switch|p1a: The Collector|Exeggutor|62/100 par\n|move|p2a: Alakazam|Seismic Toss|p1a: The Collector\n|-damage|p1a: The Collector|36/100 par\n|\n|upkeep\n|turn|14\n|inactive|LNumbers has 210 seconds left.\n|inactive|BeeOrSomething has 270 seconds left.\n|\n|t:|1770575493\n|switch|p2a: Exeggutor|Exeggutor|50/100 par\n|cant|p1a: The Collector|par\n|\n|upkeep\n|turn|15\n|inactive|BeeOrSomething has 240 seconds left.\n|inactive|LNumbers has 180 seconds left.\n|inactive|BeeOrSomething has 210 seconds left.\n|inactive|LNumbers has 150 seconds left.\n|\n|t:|1770575550\n|move|p2a: Exeggutor|Stun Spore|p1a: The Collector\n|-fail|p1a: The Collector|par\n|move|p1a: The Collector|Sleep Powder|p2a: Exeggutor\n|-fail|p2a: Exeggutor\n|\n|upkeep\n|turn|16\n|\n|t:|1770575556\n|cant|p2a: Exeggutor|par\n|move|p1a: The Collector|Double-Edge|p2a: Exeggutor\n|-damage|p2a: Exeggutor|29/100 par\n|-damage|p1a: The Collector|31/100 par|[from] Recoil|[of] p2a: Exeggutor\n|\n|upkeep\n|turn|17\n|inactive|LNumbers has 150 seconds left.\n|\n|t:|1770575578\n|cant|p1a: The Collector|par\n|cant|p2a: Exeggutor|par\n|\n|upkeep\n|turn|18\n|\n|t:|1770575581\n|move|p1a: The Collector|Psychic|p2a: Exeggutor\n|-resisted|p2a: Exeggutor\n|-damage|p2a: Exeggutor|16/100 par\n|move|p2a: Exeggutor|Rest|p2a: Exeggutor\n|-status|p2a: Exeggutor|slp|[from] move: Rest\n|-heal|p2a: Exeggutor|100/100 slp|[silent]\n|\n|upkeep\n|turn|19\n|inactive|LNumbers has 150 seconds left.\n|\n|t:|1770575609\n|switch|p2a: Chansey|Chansey|9/100\n|switch|p1a: Awakened One|Starmie|82/100\n|\n|upkeep\n|turn|20\n|inactive|LNumbers has 150 seconds left.\n|inactive|BeeOrSomething has 210 seconds left.\n|\n|t:|1770575636\n|switch|p2a: Alakazam|Alakazam|86/100\n|move|p1a: Awakened One|Blizzard|p2a: Alakazam|[miss]\n|-miss|p1a: Awakened One\n|\n|upkeep\n|turn|21\n|inactive|BeeOrSomething has 210 seconds left.\n|\n|t:|1770575648\n|switch|p1a: The Champ|Chansey|100/100\n|move|p2a: Alakazam|Thunder Wave|p1a: The Champ\n|-status|p1a: The Champ|par\n|\n|upkeep\n|turn|22\n|inactive|BeeOrSomething has 210 seconds left.\n|inactive|LNumbers has 120 seconds left.\n|inactive|LNumbers has 90 seconds left.\n|\n|t:|1770575713\n|switch|p2a: Exeggutor|Exeggutor|100/100 slp\n|move|p1a: The Champ|Thunder Wave|p2a: Exeggutor\n|-fail|p2a: Exeggutor\n|\n|upkeep\n|turn|23\n|inactive|BeeOrSomething has 210 seconds left.\n|\n|t:|1770575737\n|cant|p2a: Exeggutor|slp\n|move|p1a: The Champ|Ice Beam|p2a: Exeggutor\n|-supereffective|p2a: Exeggutor\n|-damage|p2a: Exeggutor|66/100 slp\n|\n|upkeep\n|turn|24\n|\n|t:|1770575748\n|switch|p2a: Cloyster|Cloyster|100/100\n|move|p1a: The Champ|Thunder Wave|p2a: Cloyster\n|-status|p2a: Cloyster|par\n|\n|upkeep\n|turn|25\n|inactive|BeeOrSomething has 210 seconds left.\n|\n|t:|1770575754\n|move|p2a: Cloyster|Clamp|p1a: The Champ|[miss]\n|-miss|p2a: Cloyster\n|move|p1a: The Champ|Thunderbolt|p2a: Cloyster\n|-supereffective|p2a: Cloyster\n|-damage|p2a: Cloyster|47/100 par\n|\n|upkeep\n|turn|26\n|\n|t:|1770575762\n|switch|p2a: Chansey|Chansey|9/100\n|switch|p1a: Time Eater|Alakazam|100/100 slp\n|\n|upkeep\n|turn|27\n|\n|t:|1770575769\n|cant|p1a: Time Eater|slp\n|move|p2a: Chansey|Soft-Boiled|p2a: Chansey\n|-heal|p2a: Chansey|59/100\n|\n|upkeep\n|turn|28\n|inactive|LNumbers has 90 seconds left.\n|\n|t:|1770575779\n|cant|p1a: Time Eater|slp\n|move|p2a: Chansey|Soft-Boiled|p2a: Chansey\n|-heal|p2a: Chansey|100/100\n|\n|upkeep\n|turn|29\n|inactive|LNumbers has 90 seconds left.\n|\n|t:|1770575803\n|switch|p1a: The Champ|Chansey|100/100 par\n|move|p2a: Chansey|Seismic Toss|p1a: The Champ\n|-damage|p1a: The Champ|86/100 par\n|\n|upkeep\n|turn|30\n|inactive|LNumbers has 60 seconds left.\n|\n|t:|1770575835\n|switch|p2a: Exeggutor|Exeggutor|66/100 slp\n|move|p1a: The Champ|Ice Beam|p2a: Exeggutor\n|-supereffective|p2a: Exeggutor\n|-damage|p2a: Exeggutor|33/100 slp\n|\n|upkeep\n|turn|31\n|\n|t:|1770575843\n|switch|p2a: Alakazam|Alakazam|86/100\n|move|p1a: The Champ|Thunder Wave|p2a: Alakazam\n|-status|p2a: Alakazam|par\n|\n|upkeep\n|turn|32\n|\n|t:|1770575850\n|move|p2a: Alakazam|Psychic|p1a: The Champ\n|-damage|p1a: The Champ|69/100 par\n|-unboost|p1a: The Champ|spa|1\n|-unboost|p1a: The Champ|spd|1\n|move|p1a: The Champ|Ice Beam|p2a: Alakazam\n|-damage|p2a: Alakazam|74/100 par\n|\n|upkeep\n|turn|33\n|\n|t:|1770575856\n|move|p2a: Alakazam|Psychic|p1a: The Champ\n|-damage|p1a: The Champ|40/100 par\n|cant|p1a: The Champ|par\n|\n|upkeep\n|turn|34\n|inactive|LNumbers has 90 seconds left.\n|\n|t:|1770575880\n|move|p2a: Alakazam|Psychic|p1a: The Champ\n|-damage|p1a: The Champ|10/100 par\n|-unboost|p1a: The Champ|spa|1\n|-unboost|p1a: The Champ|spd|1\n|move|p1a: The Champ|Soft-Boiled|p1a: The Champ\n|-heal|p1a: The Champ|60/100 par\n|\n|upkeep\n|turn|35\n|\n|t:|1770575887\n|switch|p1a: Time Eater|Alakazam|100/100 slp\n|move|p2a: Alakazam|Psychic|p1a: Time Eater\n|-resisted|p1a: Time Eater\n|-damage|p1a: Time Eater|85/100 slp\n|-unboost|p1a: Time Eater|spa|1\n|-unboost|p1a: Time Eater|spd|1\n|\n|upkeep\n|turn|36\n|\n|t:|1770575898\n|switch|p1a: Slime Boss|Snorlax|100/100\n|switch|p2a: Tauros|Tauros|100/100\n|\n|upkeep\n|turn|37\n|\n|t:|1770575916\n|switch|p2a: Chansey|Chansey|100/100\n|move|p1a: Slime Boss|Body Slam|p2a: Chansey\n|-damage|p2a: Chansey|61/100\n|\n|upkeep\n|turn|38\n|\n|t:|1770575930\n|move|p2a: Chansey|Soft-Boiled|p2a: Chansey\n|-heal|p2a: Chansey|100/100\n|move|p1a: Slime Boss|Body Slam|p2a: Chansey\n|-crit|p2a: Chansey\n|-damage|p2a: Chansey|24/100\n|\n|upkeep\n|turn|39\n|\n|t:|1770575936\n|move|p2a: Chansey|Soft-Boiled|p2a: Chansey\n|-heal|p2a: Chansey|74/100\n|move|p1a: Slime Boss|Body Slam|p2a: Chansey\n|-damage|p2a: Chansey|32/100\n|\n|upkeep\n|turn|40\n|\n|t:|1770575940\n|move|p2a: Chansey|Soft-Boiled|p2a: Chansey\n|-heal|p2a: Chansey|82/100\n|move|p1a: Slime Boss|Body Slam|p2a: Chansey\n|-damage|p2a: Chansey|39/100\n|\n|upkeep\n|turn|41\n|\n|t:|1770575943\n|move|p2a: Chansey|Soft-Boiled|p2a: Chansey\n|-heal|p2a: Chansey|89/100\n|move|p1a: Slime Boss|Body Slam|p2a: Chansey\n|-damage|p2a: Chansey|47/100\n|\n|upkeep\n|turn|42\n|\n|t:|1770575947\n|move|p2a: Chansey|Soft-Boiled|p2a: Chansey\n|-heal|p2a: Chansey|97/100\n|move|p1a: Slime Boss|Body Slam|p2a: Chansey\n|-damage|p2a: Chansey|53/100\n|\n|upkeep\n|turn|43\n|inactive|LNumbers has 120 seconds left.\n|\n|t:|1770575956\n|switch|p1a: The Champ|Chansey|60/100 par\n|move|p2a: Chansey|Soft-Boiled|p2a: Chansey\n|-heal|p2a: Chansey|100/100\n|\n|upkeep\n|turn|44\n|inactive|LNumbers has 120 seconds left.\n|inactive|BeeOrSomething has 270 seconds left.\n|\n|t:|1770575989\n|switch|p2a: Cloyster|Cloyster|47/100 par\n|move|p1a: The Champ|Ice Beam|p2a: Cloyster\n|-resisted|p2a: Cloyster\n|-damage|p2a: Cloyster|39/100 par\n|\n|upkeep\n|turn|45\n|inactive|BeeOrSomething has 270 seconds left.\n|\n|t:|1770576005\n|switch|p2a: Rhydon|Rhydon|100/100\n|switch|p1a: The Collector|Exeggutor|31/100 par\n|\n|upkeep\n|turn|46\n|inactive|BeeOrSomething has 270 seconds left.\n|\n|t:|1770576023\n|switch|p2a: Exeggutor|Exeggutor|33/100 slp\n|move|p1a: The Collector|Psychic|p2a: Exeggutor\n|-resisted|p2a: Exeggutor\n|-damage|p2a: Exeggutor|20/100 slp\n|-unboost|p2a: Exeggutor|spa|1\n|-unboost|p2a: Exeggutor|spd|1\n|\n|upkeep\n|turn|47\n|inactive|LNumbers has 90 seconds left.\n|inactive|BeeOrSomething has 240 seconds left.\n|inactive|LNumbers has 60 seconds left.\n|\n|t:|1770576084\n|-curestatus|p2a: Exeggutor|slp|[msg]\n|cant|p1a: The Collector|par\n|\n|upkeep\n|turn|48\n|inactive|LNumbers has 60 seconds left.\n|\n|t:|1770576101\n|move|p2a: Exeggutor|Psychic|p1a: The Collector\n|-resisted|p1a: The Collector\n|-damage|p1a: The Collector|23/100 par\n|-unboost|p1a: The Collector|spa|1\n|-unboost|p1a: The Collector|spd|1\n|move|p1a: The Collector|Psychic|p2a: Exeggutor\n|-resisted|p2a: Exeggutor\n|-damage|p2a: Exeggutor|7/100\n|-unboost|p2a: Exeggutor|spa|1\n|-unboost|p2a: Exeggutor|spd|1\n|\n|upkeep\n|turn|49\n|inactive|BeeOrSomething has 210 seconds left.\n|\n|t:|1770576125\n|move|p2a: Exeggutor|Psychic|p1a: The Collector\n|-crit|p1a: The Collector\n|-resisted|p1a: The Collector\n|-damage|p1a: The Collector|0 fnt\n|faint|p1a: The Collector\n|inactive|BeeOrSomething has 210 seconds left.\n|\n|t:|1770576134\n|switch|p1a: Corrupted Heart|Tauros|100/100\n|turn|50\n|\n|t:|1770576156\n|move|p1a: Corrupted Heart|Body Slam|p2a: Exeggutor\n|-damage|p2a: Exeggutor|0 fnt\n|faint|p2a: Exeggutor\n|inactive|LNumbers has 30 seconds left.\n|\n|t:|1770576174\n|switch|p2a: Tauros|Tauros|100/100\n|turn|51\n|\n|t:|1770576178\n|move|p1a: Corrupted Heart|Body Slam|p2a: Tauros\n|-damage|p2a: Tauros|72/100\n|move|p2a: Tauros|Body Slam|p1a: Corrupted Heart\n|-damage|p1a: Corrupted Heart|72/100\n|\n|upkeep\n|turn|52\n|\n|t:|1770576182\n|move|p2a: Tauros|Body Slam|p1a: Corrupted Heart\n|-damage|p1a: Corrupted Heart|45/100\n|move|p1a: Corrupted Heart|Body Slam|p2a: Tauros\n|-damage|p2a: Tauros|40/100\n|\n|upkeep\n|turn|53\n|inactive|BeeOrSomething has 240 seconds left.\n|\n|t:|1770576203\n|switch|p1a: Slime Boss|Snorlax|100/100\n|switch|p2a: Chansey|Chansey|100/100\n|\n|upkeep\n|turn|54\n|\n|t:|1770576218\n|move|p2a: Chansey|Seismic Toss|p1a: Slime Boss\n|-damage|p1a: Slime Boss|81/100\n|move|p1a: Slime Boss|Body Slam|p2a: Chansey\n|-damage|p2a: Chansey|61/100\n|\n|upkeep\n|turn|55\n|\n|t:|1770576223\n|move|p2a: Chansey|Thunder Wave|p1a: Slime Boss\n|-status|p1a: Slime Boss|par\n|cant|p1a: Slime Boss|par\n|\n|upkeep\n|turn|56\n|\n|t:|1770576235\n|switch|p2a: Cloyster|Cloyster|39/100 par\n|move|p1a: Slime Boss|Body Slam|p2a: Cloyster\n|-damage|p2a: Cloyster|17/100 par\n|\n|upkeep\n|turn|57\n|\n|t:|1770576246\n|move|p2a: Cloyster|Rest|p2a: Cloyster\n|-status|p2a: Cloyster|slp|[from] move: Rest\n|-heal|p2a: Cloyster|100/100 slp|[silent]\n|move|p1a: Slime Boss|Body Slam|p2a: Cloyster\n|-damage|p2a: Cloyster|78/100 slp\n|\n|upkeep\n|turn|58\n|\n|t:|1770576251\n|switch|p1a: Awakened One|Starmie|82/100\n|cant|p2a: Cloyster|slp\n|\n|upkeep\n|turn|59\n|inactive|LNumbers has 60 seconds left.\n|inactive|BeeOrSomething has 240 seconds left.\n|inactive|LNumbers has 30 seconds left.\n|\n|t:|1770576301\n|switch|p1a: Corrupted Heart|Tauros|45/100\n|switch|p2a: Chansey|Chansey|61/100\n|\n|upkeep\n|turn|60\n|inactive|LNumbers has 30 seconds left.\n|inactive|LNumbers has 20 seconds left.\n|inactive|LNumbers has 15 seconds left.\n|inactive|LNumbers has 10 seconds left.\n|inactive|BeeOrSomething has 210 seconds left.\n|inactive|BeeOrSomething disconnected and has 300 seconds to reconnect!\n|player|p1|\n|inactive|BeeOrSomething has 270 seconds to reconnect!\n|inactive|BeeOrSomething has 240 seconds to reconnect!\n|inactive|LNumbers has 5 seconds left.\n|inactive|BeeOrSomething reconnected and has 210 seconds left.\n|player|p1|BeeOrSomething|#beeorsomething|\n|\n|t:|1770576429\n|move|p1a: Corrupted Heart|Hyper Beam|p2a: Chansey\n|-damage|p2a: Chansey|0 fnt\n|faint|p2a: Chansey\n|inactive|LNumbers has 10 seconds left this turn.\n|\n|t:|1770576434\n|switch|p2a: Cloyster|Cloyster|78/100 slp\n|turn|61\n|inactive|LNumbers has 20 seconds left this turn.\n|inactive|BeeOrSomething has 210 seconds left.\n|\n|t:|1770576454\n|move|p1a: Corrupted Heart|Body Slam|p2a: Cloyster\n|-damage|p2a: Cloyster|57/100 slp\n|-curestatus|p2a: Cloyster|slp|[msg]\n|\n|upkeep\n|turn|62\n|inactive|LNumbers has 30 seconds left this turn.\n|\n|t:|1770576472\n|switch|p1a: Time Eater|Alakazam|85/100 slp\n|move|p2a: Cloyster|Blizzard|p1a: Time Eater\n|-damage|p1a: Time Eater|50/100 slp\n|\n|upkeep\n|turn|63\n|inactive|LNumbers has 30 seconds left.\n|\n|t:|1770576484\n|switch|p1a: Awakened One|Starmie|82/100\n|switch|p2a: Alakazam|Alakazam|74/100 par\n|\n|upkeep\n|turn|64\n|inactive|LNumbers has 30 seconds left.\n|\n|t:|1770576501\n|switch|p1a: The Champ|Chansey|60/100 par\n|cant|p2a: Alakazam|par\n|\n|upkeep\n|turn|65\n|\n|t:|1770576505\n|move|p2a: Alakazam|Recover|p2a: Alakazam\n|-heal|p2a: Alakazam|100/100 par\n|move|p1a: The Champ|Soft-Boiled|p1a: The Champ\n|-heal|p1a: The Champ|100/100 par\n|\n|upkeep\n|turn|66\n|\n|t:|1770576509\n|move|p2a: Alakazam|Psychic|p1a: The Champ\n|-damage|p1a: The Champ|82/100 par\n|move|p1a: The Champ|Ice Beam|p2a: Alakazam\n|-damage|p2a: Alakazam|81/100 par\n|\n|upkeep\n|turn|67\n|\n|t:|1770576514\n|cant|p2a: Alakazam|par\n|move|p1a: The Champ|Ice Beam|p2a: Alakazam\n|-damage|p2a: Alakazam|61/100 par\n|\n|upkeep\n|turn|68\n|\n|t:|1770576519\n|switch|p1a: Slime Boss|Snorlax|81/100 par\n|move|p2a: Alakazam|Psychic|p1a: Slime Boss\n|-damage|p1a: Slime Boss|46/100 par\n|\n|upkeep\n|turn|69\n|inactive|LNumbers has 60 seconds left.\n|inactive|BeeOrSomething has 210 seconds left.\n|\n|t:|1770576565\n|switch|p2a: Cloyster|Cloyster|57/100\n|move|p1a: Slime Boss|Self-Destruct|p2a: Cloyster\n|-damage|p2a: Cloyster|0 fnt\n|faint|p2a: Cloyster\n|faint|p1a: Slime Boss\n|inactive|LNumbers has 30 seconds left.\n|inactive|LNumbers has 20 seconds left.\n|inactive|LNumbers has 15 seconds left.\n|inactive|LNumbers has 10 seconds left.\n|\n|t:|1770576608\n|switch|p2a: Tauros|Tauros|40/100\n|switch|p1a: Awakened One|Starmie|82/100\n|turn|70\n|inactive|LNumbers has 20 seconds left this turn.\n|inactive|LNumbers has 15 seconds left.\n|inactive|LNumbers has 10 seconds left.\n|inactive|BeeOrSomething has 180 seconds left.\n|\n|t:|1770576650\n|switch|p2a: Alakazam|Alakazam|61/100 par\n|move|p1a: Awakened One|Blizzard|p2a: Alakazam\n|-damage|p2a: Alakazam|39/100 par\n|\n|upkeep\n|turn|71\n|inactive|LNumbers has 20 seconds left this turn.\n|inactive|LNumbers has 15 seconds left.\n|inactive|LNumbers has 10 seconds left.\n|\n|t:|1770576661\n|move|p1a: Awakened One|Blizzard|p2a: Alakazam\n|-damage|p2a: Alakazam|12/100 par\n|move|p2a: Alakazam|Recover|p2a: Alakazam\n|-heal|p2a: Alakazam|62/100 par\n|\n|upkeep\n|turn|72\n|inactive|LNumbers has 20 seconds left this turn.\n|inactive|LNumbers has 15 seconds left.\n|\n|t:|1770576667\n|switch|p1a: The Champ|Chansey|82/100 par\n|move|p2a: Alakazam|Recover|p2a: Alakazam\n|-heal|p2a: Alakazam|100/100 par\n|\n|upkeep\n|turn|73\n|inactive|LNumbers has 25 seconds left this turn.\n|\n|t:|1770576672\n|cant|p2a: Alakazam|par\n|move|p1a: The Champ|Ice Beam|p2a: Alakazam\n|-damage|p2a: Alakazam|81/100 par\n|\n|upkeep\n|turn|74\n|\n|t:|1770576676\n|move|p2a: Alakazam|Psychic|p1a: The Champ\n|-damage|p1a: The Champ|65/100 par\n|cant|p1a: The Champ|par\n|\n|upkeep\n|turn|75\n|\n|t:|1770576679\n|move|p2a: Alakazam|Recover|p2a: Alakazam\n|-heal|p2a: Alakazam|100/100 par\n|move|p1a: The Champ|Ice Beam|p2a: Alakazam\n|-damage|p2a: Alakazam|80/100 par\n|\n|upkeep\n|turn|76\n|\n|t:|1770576694\n|move|p2a: Alakazam|Recover|p2a: Alakazam\n|-heal|p2a: Alakazam|100/100 par\n|move|p1a: The Champ|Thunderbolt|p2a: Alakazam\n|-crit|p2a: Alakazam\n|-damage|p2a: Alakazam|59/100 par\n|\n|upkeep\n|turn|77\n|\n|t:|1770576701\n|cant|p2a: Alakazam|par\n|cant|p1a: The Champ|par\n|\n|upkeep\n|turn|78\n|\n|t:|1770576704\n|cant|p2a: Alakazam|par\n|move|p1a: The Champ|Soft-Boiled|p1a: The Champ\n|-heal|p1a: The Champ|100/100 par\n|\n|upkeep\n|turn|79\n|inactive|BeeOrSomething has 240 seconds left.\n|\n|t:|1770576711\n|move|p2a: Alakazam|Recover|p2a: Alakazam\n|-heal|p2a: Alakazam|100/100 par\n|move|p1a: The Champ|Thunderbolt|p2a: Alakazam\n|-damage|p2a: Alakazam|82/100 par\n|\n|upkeep\n|turn|80\n|\n|t:|1770576715\n|move|p2a: Alakazam|Psychic|p1a: The Champ\n|-damage|p1a: The Champ|83/100 par\n|-unboost|p1a: The Champ|spa|1\n|-unboost|p1a: The Champ|spd|1\n|move|p1a: The Champ|Thunderbolt|p2a: Alakazam\n|-damage|p2a: Alakazam|68/100 par\n|\n|upkeep\n|turn|81\n|\n|t:|1770576721\n|switch|p1a: Time Eater|Alakazam|50/100 slp\n|move|p2a: Alakazam|Psychic|p1a: Time Eater\n|-resisted|p1a: Time Eater\n|-damage|p1a: Time Eater|33/100 slp\n|\n|upkeep\n|turn|82\n|inactive|LNumbers has 90 seconds left.\n|inactive|BeeOrSomething has 240 seconds left.\n|inactive|LNumbers has 60 seconds left.\n|\n|t:|1770576767\n|switch|p1a: The Champ|Chansey|83/100 par\n|move|p2a: Alakazam|Recover|p2a: Alakazam\n|-heal|p2a: Alakazam|100/100 par\n|\n|upkeep\n|turn|83\n|\n|t:|1770576771\n|cant|p2a: Alakazam|par\n|cant|p1a: The Champ|par\n|\n|upkeep\n|turn|84\n|\n|t:|1770576779\n|move|p2a: Alakazam|Psychic|p1a: The Champ\n|-damage|p1a: The Champ|66/100 par\n|move|p1a: The Champ|Thunderbolt|p2a: Alakazam\n|-damage|p2a: Alakazam|82/100 par\n|\n|upkeep\n|turn|85\n|\n|t:|1770576799\n|cant|p2a: Alakazam|par\n|move|p1a: The Champ|Ice Beam|p2a: Alakazam\n|-damage|p2a: Alakazam|61/100 par\n|\n|upkeep\n|turn|86\n|\n|t:|1770576813\n|move|p2a: Alakazam|Recover|p2a: Alakazam\n|-heal|p2a: Alakazam|100/100 par\n|cant|p1a: The Champ|par\n|\n|upkeep\n|turn|87\n|inactive|LNumbers has 60 seconds left.\n|\n|t:|1770576855\n|switch|p2a: Tauros|Tauros|40/100\n|move|p1a: The Champ|Soft-Boiled|p1a: The Champ\n|-heal|p1a: The Champ|100/100 par\n|\n|upkeep\n|turn|88\n|\n|t:|1770576869\n|switch|p2a: Alakazam|Alakazam|100/100 par\n|move|p1a: The Champ|Thunder Wave|p2a: Alakazam\n|-fail|p2a: Alakazam|par\n|\n|upkeep\n|turn|89\n|\n|t:|1770576881\n|move|p2a: Alakazam|Psychic|p1a: The Champ\n|-crit|p1a: The Champ\n|-damage|p1a: The Champ|63/100 par\n|-unboost|p1a: The Champ|spa|1\n|-unboost|p1a: The Champ|spd|1\n|move|p1a: The Champ|Thunderbolt|p2a: Alakazam\n|-damage|p2a: Alakazam|87/100 par\n|\n|upkeep\n|turn|90\n|\n|t:|1770576898\n|switch|p2a: Rhydon|Rhydon|100/100\n|cant|p1a: The Champ|par\n|\n|upkeep\n|turn|91\n|\n|t:|1770576920\n|move|p2a: Rhydon|Earthquake|p1a: The Champ\n|-damage|p1a: The Champ|10/100 par\n|move|p1a: The Champ|Ice Beam|p2a: Rhydon\n|-supereffective|p2a: Rhydon\n|-damage|p2a: Rhydon|61/100\n|\n|upkeep\n|turn|92\n|inactive|LNumbers has 30 seconds left.\n|\n|t:|1770576939\n|move|p2a: Rhydon|Body Slam|p1a: The Champ\n|-damage|p1a: The Champ|0 fnt\n|faint|p1a: The Champ\n|\n|t:|1770576941\n|switch|p1a: Corrupted Heart|Tauros|45/100\n|turn|93\n|inactive|LNumbers has 30 seconds left.\n|inactive|LNumbers has 20 seconds left.\n|inactive|LNumbers has 15 seconds left.\n|\n|t:|1770576974\n|move|p1a: Corrupted Heart|Blizzard|p2a: Rhydon\n|-supereffective|p2a: Rhydon\n|-damage|p2a: Rhydon|8/100\n|move|p2a: Rhydon|Earthquake|p1a: Corrupted Heart\n|-damage|p1a: Corrupted Heart|2/100\n|\n|upkeep\n|turn|94\n|inactive|LNumbers has 25 seconds left this turn.\n|inactive|LNumbers has 20 seconds left.\n|inactive|LNumbers has 15 seconds left.\n|\n|t:|1770576987\n|move|p1a: Corrupted Heart|Body Slam|p2a: Rhydon\n|-resisted|p2a: Rhydon\n|-damage|p2a: Rhydon|0 fnt\n|faint|p2a: Rhydon\n|inactive|LNumbers has 20 seconds left this turn.\n|\n|t:|1770576989\n|switch|p2a: Tauros|Tauros|40/100\n|turn|95\n|inactive|LNumbers has 30 seconds left this turn.\n|\n|t:|1770576997\n|switch|p1a: Time Eater|Alakazam|33/100 slp\n|move|p2a: Tauros|Body Slam|p1a: Time Eater\n|-damage|p1a: Time Eater|0 fnt\n|faint|p1a: Time Eater\n|\n|t:|1770577000\n|switch|p1a: Awakened One|Starmie|82/100\n|turn|96\n|inactive|LNumbers has 30 seconds left.\n|inactive|LNumbers has 20 seconds left.\n|inactive|LNumbers has 15 seconds left.\n|\n|t:|1770577028\n|move|p1a: Awakened One|Psychic|p2a: Tauros\n|-crit|p2a: Tauros\n|-damage|p2a: Tauros|0 fnt\n|faint|p2a: Tauros\n|inactive|LNumbers has 20 seconds left this turn.\n|\n|t:|1770577030\n|switch|p2a: Alakazam|Alakazam|87/100 par\n|turn|97\n|inactive|LNumbers has 30 seconds left this turn.\n|\n|t:|1770577033\n|move|p1a: Awakened One|Psychic|p2a: Alakazam\n|-resisted|p2a: Alakazam\n|-damage|p2a: Alakazam|73/100 par\n|move|p2a: Alakazam|Thunder Wave|p1a: Awakened One\n|-status|p1a: Awakened One|par\n|\n|upkeep\n|turn|98\n|\n|t:|1770577039\n|move|p2a: Alakazam|Seismic Toss|p1a: Awakened One\n|-damage|p1a: Awakened One|51/100 par\n|move|p1a: Awakened One|Psychic|p2a: Alakazam\n|-resisted|p2a: Alakazam\n|-damage|p2a: Alakazam|59/100 par\n|\n|upkeep\n|turn|99\n|\n|t:|1770577043\n|move|p2a: Alakazam|Recover|p2a: Alakazam\n|-heal|p2a: Alakazam|100/100 par\n|cant|p1a: Awakened One|par\n|\n|upkeep\n|turn|100\n|\n|t:|1770577050\n|move|p2a: Alakazam|Seismic Toss|p1a: Awakened One\n|-damage|p1a: Awakened One|20/100 par\n|move|p1a: Awakened One|Recover|p1a: Awakened One\n|-heal|p1a: Awakened One|70/100 par\n|\n|upkeep\n|turn|101\n|\n|t:|1770577053\n|cant|p2a: Alakazam|par\n|cant|p1a: Awakened One|par\n|\n|upkeep\n|turn|102\n|\n|t:|1770577060\n|move|p2a: Alakazam|Psychic|p1a: Awakened One\n|-crit|p1a: Awakened One\n|-resisted|p1a: Awakened One\n|-damage|p1a: Awakened One|34/100 par\n|move|p1a: Awakened One|Recover|p1a: Awakened One\n|-heal|p1a: Awakened One|84/100 par\n|\n|upkeep\n|turn|103\n|\n|t:|1770577064\n|cant|p2a: Alakazam|par\n|cant|p1a: Awakened One|par\n|\n|upkeep\n|turn|104\n|\n|t:|1770577066\n|move|p2a: Alakazam|Psychic|p1a: Awakened One\n|-crit|p1a: Awakened One\n|-resisted|p1a: Awakened One\n|-damage|p1a: Awakened One|43/100 par\n|move|p1a: Awakened One|Psychic|p2a: Alakazam\n|-crit|p2a: Alakazam\n|-resisted|p2a: Alakazam\n|-damage|p2a: Alakazam|74/100 par\n|\n|upkeep\n|turn|105\n|inactive|LNumbers has 90 seconds left.\n|\n|t:|1770577072\n|move|p2a: Alakazam|Recover|p2a: Alakazam\n|-heal|p2a: Alakazam|100/100 par\n|move|p1a: Awakened One|Recover|p1a: Awakened One\n|-heal|p1a: Awakened One|93/100 par\n|\n|upkeep\n|turn|106\n|\n|t:|1770577074\n|move|p2a: Alakazam|Seismic Toss|p1a: Awakened One\n|-damage|p1a: Awakened One|62/100 par\n|move|p1a: Awakened One|Psychic|p2a: Alakazam\n|-resisted|p2a: Alakazam\n|-damage|p2a: Alakazam|87/100 par\n|\n|upkeep\n|turn|107\n|\n|t:|1770577079\n|cant|p2a: Alakazam|par\n|move|p1a: Awakened One|Recover|p1a: Awakened One\n|-heal|p1a: Awakened One|100/100 par\n|\n|upkeep\n|turn|108\n|\n|t:|1770577082\n|move|p2a: Alakazam|Psychic|p1a: Awakened One\n|-resisted|p1a: Awakened One\n|-damage|p1a: Awakened One|80/100 par\n|-unboost|p1a: Awakened One|spa|1\n|-unboost|p1a: Awakened One|spd|1\n|move|p1a: Awakened One|Psychic|p2a: Alakazam\n|-crit|p2a: Alakazam\n|-resisted|p2a: Alakazam\n|-damage|p2a: Alakazam|59/100 par\n|\n|upkeep\n|turn|109\n|\n|t:|1770577087\n|cant|p2a: Alakazam|par\n|move|p1a: Awakened One|Psychic|p2a: Alakazam\n|-resisted|p2a: Alakazam\n|-damage|p2a: Alakazam|50/100 par\n|\n|upkeep\n|turn|110\n|\n|t:|1770577089\n|move|p2a: Alakazam|Recover|p2a: Alakazam\n|-heal|p2a: Alakazam|99/100 par\n|move|p1a: Awakened One|Psychic|p2a: Alakazam\n|-resisted|p2a: Alakazam\n|-damage|p2a: Alakazam|92/100 par\n|-unboost|p2a: Alakazam|spa|1\n|-unboost|p2a: Alakazam|spd|1\n|\n|upkeep\n|turn|111\n|\n|t:|1770577095\n|move|p2a: Alakazam|Psychic|p1a: Awakened One\n|-resisted|p1a: Awakened One\n|-damage|p1a: Awakened One|59/100 par\n|cant|p1a: Awakened One|par\n|\n|upkeep\n|turn|112\n|inactive|LNumbers has 150 seconds left.\n|\n|t:|1770577112\n|move|p2a: Alakazam|Seismic Toss|p1a: Awakened One\n|-damage|p1a: Awakened One|28/100 par\n|move|p1a: Awakened One|Recover|p1a: Awakened One\n|-heal|p1a: Awakened One|78/100 par\n|\n|upkeep\n|turn|113\n|\n|t:|1770577117\n|move|p2a: Alakazam|Seismic Toss|p1a: Awakened One\n|-damage|p1a: Awakened One|47/100 par\n|move|p1a: Awakened One|Psychic|p2a: Alakazam\n|-resisted|p2a: Alakazam\n|-damage|p2a: Alakazam|77/100 par\n|\n|upkeep\n|turn|114\n|\n|t:|1770577120\n|cant|p2a: Alakazam|par\n|move|p1a: Awakened One|Recover|p1a: Awakened One\n|-heal|p1a: Awakened One|96/100 par\n|\n|upkeep\n|turn|115\n|\n|t:|1770577123\n|move|p2a: Alakazam|Recover|p2a: Alakazam\n|-heal|p2a: Alakazam|100/100 par\n|move|p1a: Awakened One|Psychic|p2a: Alakazam\n|-crit|p2a: Alakazam\n|-resisted|p2a: Alakazam\n|-damage|p2a: Alakazam|76/100 par\n|\n|upkeep\n|turn|116\n|\n|t:|1770577132\n|cant|p2a: Alakazam|par\n|move|p1a: Awakened One|Psychic|p2a: Alakazam\n|-crit|p2a: Alakazam\n|-resisted|p2a: Alakazam\n|-damage|p2a: Alakazam|51/100 par\n|\n|upkeep\n|turn|117\n|\n|t:|1770577136\n|move|p2a: Alakazam|Recover|p2a: Alakazam\n|-heal|p2a: Alakazam|100/100 par\n|cant|p1a: Awakened One|par\n|\n|upkeep\n|turn|118\n|\n|t:|1770577141\n|move|p2a: Alakazam|Seismic Toss|p1a: Awakened One\n|-damage|p1a: Awakened One|66/100 par\n|move|p1a: Awakened One|Psychic|p2a: Alakazam\n|-resisted|p2a: Alakazam\n|-damage|p2a: Alakazam|88/100 par\n|\n|upkeep\n|turn|119\n|\n|t:|1770577146\n|move|p2a: Alakazam|Seismic Toss|p1a: Awakened One\n|-damage|p1a: Awakened One|35/100 par\n|move|p1a: Awakened One|Recover|p1a: Awakened One\n|-heal|p1a: Awakened One|84/100 par\n|\n|upkeep\n|turn|120\n|\n|t:|1770577166\n|move|p2a: Alakazam|Seismic Toss|p1a: Awakened One\n|-damage|p1a: Awakened One|53/100 par\n|move|p1a: Awakened One|Recover|p1a: Awakened One\n|-heal|p1a: Awakened One|100/100 par\n|\n|upkeep\n|turn|121\n|inactive|LNumbers has 180 seconds left.\n|\n|t:|1770577206\n|cant|p2a: Alakazam|par\n|cant|p1a: Awakened One|par\n|\n|upkeep\n|turn|122\n|\n|t:|1770577215\n|move|p2a: Alakazam|Thunder Wave|p1a: Awakened One\n|-fail|p1a: Awakened One|par\n|cant|p1a: Awakened One|par\n|\n|upkeep\n|turn|123\n|\n|t:|1770577221\n|move|p2a: Alakazam|Thunder Wave|p1a: Awakened One\n|-fail|p1a: Awakened One|par\n|move|p1a: Awakened One|Psychic|p2a: Alakazam\n|-crit|p2a: Alakazam\n|-resisted|p2a: Alakazam\n|-damage|p2a: Alakazam|61/100 par\n|\n|upkeep\n|turn|124\n|\n|t:|1770577225\n|move|p2a: Alakazam|Recover|p2a: Alakazam\n|-heal|p2a: Alakazam|100/100 par\n|move|p1a: Awakened One|Blizzard|p2a: Alakazam\n|-crit|p2a: Alakazam\n|-damage|p2a: Alakazam|54/100 par\n|\n|upkeep\n|turn|125\n|\n|t:|1770577236\n|move|p2a: Alakazam|Recover|p2a: Alakazam\n|-heal|p2a: Alakazam|100/100 par\n|move|p1a: Awakened One|Blizzard|p2a: Alakazam\n|-damage|p2a: Alakazam|75/100 par\n|\n|upkeep\n|turn|126\n|\n|t:|1770577244\n|move|p2a: Alakazam|Recover|p2a: Alakazam\n|-heal|p2a: Alakazam|100/100 par\n|cant|p1a: Awakened One|par\n|\n|upkeep\n|turn|127\n|\n|t:|1770577250\n|cant|p2a: Alakazam|par\n|cant|p1a: Awakened One|par\n|\n|upkeep\n|turn|128\n|\n|t:|1770577254\n|move|p2a: Alakazam|Seismic Toss|p1a: Awakened One\n|-damage|p1a: Awakened One|70/100 par\n|cant|p1a: Awakened One|par\n|\n|upkeep\n|turn|129\n|inactive|LNumbers has 210 seconds left.\n|\n|t:|1770577259\n|cant|p2a: Alakazam|par\n|move|p1a: Awakened One|Recover|p1a: Awakened One\n|-heal|p1a: Awakened One|100/100 par\n|\n|upkeep\n|turn|130\n|\n|t:|1770577268\n|move|p2a: Alakazam|Seismic Toss|p1a: Awakened One\n|-damage|p1a: Awakened One|70/100 par\n|move|p1a: Awakened One|Psychic|p2a: Alakazam\n|-resisted|p2a: Alakazam\n|-damage|p2a: Alakazam|87/100 par\n|\n|upkeep\n|turn|131\n|\n|t:|1770577277\n|move|p2a: Alakazam|Recover|p2a: Alakazam\n|-heal|p2a: Alakazam|100/100 par\n|cant|p1a: Awakened One|par\n|\n|upkeep\n|turn|132\n|\n|t:|1770577282\n|move|p2a: Alakazam|Seismic Toss|p1a: Awakened One\n|-damage|p1a: Awakened One|39/100 par\n|move|p1a: Awakened One|Psychic|p2a: Alakazam\n|-crit|p2a: Alakazam\n|-resisted|p2a: Alakazam\n|-damage|p2a: Alakazam|74/100 par\n|-unboost|p2a: Alakazam|spa|1\n|-unboost|p2a: Alakazam|spd|1\n|\n|upkeep\n|turn|133\n|inactive|LNumbers has 210 seconds left.\n|\n|t:|1770577334\n|move|p1a: Awakened One|Blizzard|p2a: Alakazam\n|-damage|p2a: Alakazam|40/100 par\n|move|p2a: Alakazam|Recover|p2a: Alakazam\n|-heal|p2a: Alakazam|90/100 par\n|\n|upkeep\n|turn|134\n|\n|t:|1770577344\n|cant|p1a: Awakened One|par\n|cant|p2a: Alakazam|par\n|\n|upkeep\n|turn|135\n|\n|t:|1770577359\n|move|p1a: Awakened One|Recover|p1a: Awakened One\n|-heal|p1a: Awakened One|88/100 par\n|cant|p2a: Alakazam|par\n|\n|upkeep\n|turn|136\n|\n|t:|1770577368\n|move|p1a: Awakened One|Blizzard|p2a: Alakazam\n|-damage|p2a: Alakazam|60/100 par\n|move|p2a: Alakazam|Seismic Toss|p1a: Awakened One\n|-damage|p1a: Awakened One|57/100 par\n|\n|upkeep\n|turn|137\n|\n|t:|1770577380\n|move|p1a: Awakened One|Recover|p1a: Awakened One\n|-heal|p1a: Awakened One|100/100 par\n|move|p2a: Alakazam|Recover|p2a: Alakazam\n|-heal|p2a: Alakazam|100/100 par\n|\n|upkeep\n|turn|138\n|\n|t:|1770577385\n|move|p1a: Awakened One|Thunder Wave|p2a: Alakazam\n|-fail|p2a: Alakazam|par\n|move|p2a: Alakazam|Thunder Wave|p1a: Awakened One\n|-fail|p1a: Awakened One|par\n|\n|upkeep\n|turn|139\n|\n|t:|1770577401\n|move|p1a: Awakened One|Thunder Wave|p2a: Alakazam\n|-fail|p2a: Alakazam|par\n|cant|p2a: Alakazam|par\n|\n|upkeep\n|turn|140\n|\n|t:|1770577403\n|move|p1a: Awakened One|Thunder Wave|p2a: Alakazam\n|-fail|p2a: Alakazam|par\n|move|p2a: Alakazam|Thunder Wave|p1a: Awakened One\n|-fail|p1a: Awakened One|par\n|\n|upkeep\n|turn|141\n|inactive|LNumbers has 210 seconds left.\n|\n|t:|1770577415\n|cant|p1a: Awakened One|par\n|move|p2a: Alakazam|Thunder Wave|p1a: Awakened One\n|-fail|p1a: Awakened One|par\n|\n|upkeep\n|turn|142\n|inactive|LNumbers has 210 seconds left.\n|\n|t:|1770577430\n|move|p1a: Awakened One|Thunder Wave|p2a: Alakazam\n|-fail|p2a: Alakazam|par\n|cant|p2a: Alakazam|par\n|\n|upkeep\n|turn|143\n|\n|t:|1770577435\n|move|p1a: Awakened One|Thunder Wave|p2a: Alakazam\n|-fail|p2a: Alakazam|par\n|move|p2a: Alakazam|Thunder Wave|p1a: Awakened One\n|-fail|p1a: Awakened One|par\n|\n|upkeep\n|turn|144\n|\n|t:|1770577439\n|move|p1a: Awakened One|Thunder Wave|p2a: Alakazam\n|-fail|p2a: Alakazam|par\n|move|p2a: Alakazam|Seismic Toss|p1a: Awakened One\n|-damage|p1a: Awakened One|70/100 par\n|\n|upkeep\n|turn|145\n|\n|t:|1770577446\n|move|p1a: Awakened One|Recover|p1a: Awakened One\n|-heal|p1a: Awakened One|100/100 par\n|move|p2a: Alakazam|Seismic Toss|p1a: Awakened One\n|-damage|p1a: Awakened One|70/100 par\n|\n|upkeep\n|turn|146\n|\n|t:|1770577449\n|move|p1a: Awakened One|Recover|p1a: Awakened One\n|-heal|p1a: Awakened One|100/100 par\n|move|p2a: Alakazam|Thunder Wave|p1a: Awakened One\n|-fail|p1a: Awakened One|par\n|\n|upkeep\n|turn|147\n|inactive|LNumbers has 240 seconds left.\n|\n|t:|1770577455\n|cant|p1a: Awakened One|par\n|move|p2a: Alakazam|Thunder Wave|p1a: Awakened One\n|-fail|p1a: Awakened One|par\n|\n|upkeep\n|turn|148\n|\n|t:|1770577461\n|move|p1a: Awakened One|Thunder Wave|p2a: Alakazam\n|-fail|p2a: Alakazam|par\n|cant|p2a: Alakazam|par\n|\n|upkeep\n|turn|149\n|inactive|LNumbers has 240 seconds left.\n|\n|t:|1770577480\n|move|p1a: Awakened One|Thunder Wave|p2a: Alakazam\n|-fail|p2a: Alakazam|par\n|move|p2a: Alakazam|Thunder Wave|p1a: Awakened One\n|-fail|p1a: Awakened One|par\n|\n|upkeep\n|turn|150\n|\n|t:|1770577486\n|move|p1a: Awakened One|Thunder Wave|p2a: Alakazam\n|-fail|p2a: Alakazam|par\n|move|p2a: Alakazam|Thunder Wave|p1a: Awakened One\n|-fail|p1a: Awakened One|par\n|\n|upkeep\n|turn|151\n|\n|t:|1770577491\n|cant|p1a: Awakened One|par\n|move|p2a: Alakazam|Recover|p2a: Alakazam\n|-fail|p2a: Alakazam\n|\n|upkeep\n|turn|152\n|\n|t:|1770577495\n|move|p1a: Awakened One|Thunder Wave|p2a: Alakazam\n|-fail|p2a: Alakazam|par\n|cant|p2a: Alakazam|par\n|\n|upkeep\n|turn|153\n|\n|t:|1770577500\n|move|p1a: Awakened One|Thunder Wave|p2a: Alakazam\n|-fail|p2a: Alakazam|par\n|cant|p2a: Alakazam|par\n|\n|upkeep\n|turn|154\n|\n|t:|1770577516\n|move|p1a: Awakened One|Thunder Wave|p2a: Alakazam\n|-fail|p2a: Alakazam|par\n|cant|p2a: Alakazam|par\n|\n|upkeep\n|turn|155\n|\n|t:|1770577528\n|move|p1a: Awakened One|Thunder Wave|p2a: Alakazam\n|-fail|p2a: Alakazam|par\n|move|p2a: Alakazam|Seismic Toss|p1a: Awakened One\n|-damage|p1a: Awakened One|70/100 par\n|\n|upkeep\n|turn|156\n|\n|t:|1770577532\n|move|p1a: Awakened One|Recover|p1a: Awakened One\n|-heal|p1a: Awakened One|100/100 par\n|move|p2a: Alakazam|Thunder Wave|p1a: Awakened One\n|-fail|p1a: Awakened One|par\n|\n|upkeep\n|turn|157\n|\n|t:|1770577551\n|move|p1a: Awakened One|Thunder Wave|p2a: Alakazam\n|-fail|p2a: Alakazam|par\n|cant|p2a: Alakazam|par\n|\n|upkeep\n|turn|158\n|\n|t:|1770577567\n|move|p1a: Awakened One|Thunder Wave|p2a: Alakazam\n|-fail|p2a: Alakazam|par\n|move|p2a: Alakazam|Thunder Wave|p1a: Awakened One\n|-fail|p1a: Awakened One|par\n|\n|upkeep\n|turn|159\n|inactive|LNumbers has 270 seconds left.\n|\n|t:|1770577596\n|cant|p1a: Awakened One|par\n|move|p2a: Alakazam|Thunder Wave|p1a: Awakened One\n|-fail|p1a: Awakened One|par\n|\n|upkeep\n|turn|160\n|inactive|LNumbers has 270 seconds left.\n|\n|t:|1770577608\n|cant|p1a: Awakened One|par\n|cant|p2a: Alakazam|par\n|\n|upkeep\n|turn|161\n|\n|t:|1770577612\n|move|p1a: Awakened One|Thunder Wave|p2a: Alakazam\n|-fail|p2a: Alakazam|par\n|move|p2a: Alakazam|Thunder Wave|p1a: Awakened One\n|-fail|p1a: Awakened One|par\n|\n|upkeep\n|turn|162\n|\n|t:|1770577615\n|move|p1a: Awakened One|Thunder Wave|p2a: Alakazam\n|-fail|p2a: Alakazam|par\n|move|p2a: Alakazam|Thunder Wave|p1a: Awakened One\n|-fail|p1a: Awakened One|par\n|\n|upkeep\n|turn|163\n|\n|t:|1770577619\n|move|p1a: Awakened One|Thunder Wave|p2a: Alakazam\n|-fail|p2a: Alakazam|par\n|cant|p2a: Alakazam|par\n|\n|upkeep\n|turn|164\n|\n|t:|1770577629\n|move|p1a: Awakened One|Thunder Wave|p2a: Alakazam\n|-fail|p2a: Alakazam|par\n|move|p2a: Alakazam|Thunder Wave|p1a: Awakened One\n|-fail|p1a: Awakened One|par\n|\n|upkeep\n|turn|165\n|\n|t:|1770577633\n|move|p1a: Awakened One|Thunder Wave|p2a: Alakazam\n|-fail|p2a: Alakazam|par\n|move|p2a: Alakazam|Thunder Wave|p1a: Awakened One\n|-fail|p1a: Awakened One|par\n|\n|upkeep\n|turn|166\n|\n|t:|1770577635\n|move|p1a: Awakened One|Thunder Wave|p2a: Alakazam\n|-fail|p2a: Alakazam|par\n|move|p2a: Alakazam|Thunder Wave|p1a: Awakened One\n|-fail|p1a: Awakened One|par\n|\n|upkeep\n|turn|167\n|\n|t:|1770577641\n|move|p1a: Awakened One|Thunder Wave|p2a: Alakazam\n|-fail|p2a: Alakazam|par\n|move|p2a: Alakazam|Recover|p2a: Alakazam\n|-fail|p2a: Alakazam\n|\n|upkeep\n|turn|168\n|\n|t:|1770577646\n|move|p1a: Awakened One|Thunder Wave|p2a: Alakazam\n|-fail|p2a: Alakazam|par\n|cant|p2a: Alakazam|par\n|\n|upkeep\n|turn|169\n|\n|t:|1770577654\n|move|p1a: Awakened One|Thunder Wave|p2a: Alakazam\n|-fail|p2a: Alakazam|par\n|cant|p2a: Alakazam|par\n|\n|upkeep\n|turn|170\n|\n|t:|1770577657\n|cant|p1a: Awakened One|par\n|cant|p2a: Alakazam|par\n|\n|upkeep\n|turn|171\n|\n|t:|1770577660\n|move|p1a: Awakened One|Thunder Wave|p2a: Alakazam\n|-fail|p2a: Alakazam|par\n|move|p2a: Alakazam|Recover|p2a: Alakazam\n|-fail|p2a: Alakazam\n|\n|upkeep\n|turn|172\n|\n|t:|1770577670\n|cant|p1a: Awakened One|par\n|move|p2a: Alakazam|Thunder Wave|p1a: Awakened One\n|-fail|p1a: Awakened One|par\n|\n|upkeep\n|turn|173\n|\n|t:|1770577675\n|move|p1a: Awakened One|Thunder Wave|p2a: Alakazam\n|-fail|p2a: Alakazam|par\n|move|p2a: Alakazam|Recover|p2a: Alakazam\n|-fail|p2a: Alakazam\n|\n|upkeep\n|turn|174\n|\n|t:|1770577684\n|cant|p1a: Awakened One|par\n|cant|p2a: Alakazam|par\n|\n|upkeep\n|turn|175\n|\n|t:|1770577688\n|move|p1a: Awakened One|Thunder Wave|p2a: Alakazam\n|-fail|p2a: Alakazam|par\n|move|p2a: Alakazam|Thunder Wave|p1a: Awakened One\n|-fail|p1a: Awakened One|par\n|\n|upkeep\n|turn|176\n|\n|t:|1770577693\n|move|p1a: Awakened One|Thunder Wave|p2a: Alakazam\n|-fail|p2a: Alakazam|par\n|move|p2a: Alakazam|Thunder Wave|p1a: Awakened One\n|-fail|p1a: Awakened One|par\n|\n|upkeep\n|turn|177\n|\n|t:|1770577700\n|move|p1a: Awakened One|Thunder Wave|p2a: Alakazam\n|-fail|p2a: Alakazam|par\n|move|p2a: Alakazam|Thunder Wave|p1a: Awakened One\n|-fail|p1a: Awakened One|par\n|\n|upkeep\n|turn|178\n|\n|t:|1770577705\n|cant|p1a: Awakened One|par\n|move|p2a: Alakazam|Thunder Wave|p1a: Awakened One\n|-fail|p1a: Awakened One|par\n|\n|upkeep\n|turn|179\n|\n|t:|1770577708\n|move|p1a: Awakened One|Thunder Wave|p2a: Alakazam\n|-fail|p2a: Alakazam|par\n|move|p2a: Alakazam|Thunder Wave|p1a: Awakened One\n|-fail|p1a: Awakened One|par\n|\n|upkeep\n|turn|180\n|inactive|LNumbers has 270 seconds left.\n|\n|t:|1770577738\n|cant|p1a: Awakened One|par\n|move|p2a: Alakazam|Seismic Toss|p1a: Awakened One\n|-damage|p1a: Awakened One|70/100 par\n|\n|upkeep\n|turn|181\n|\n|t:|1770577746\n|move|p1a: Awakened One|Recover|p1a: Awakened One\n|-heal|p1a: Awakened One|100/100 par\n|move|p2a: Alakazam|Seismic Toss|p1a: Awakened One\n|-damage|p1a: Awakened One|70/100 par\n|\n|upkeep\n|turn|182\n|\n|t:|1770577748\n|move|p1a: Awakened One|Recover|p1a: Awakened One\n|-heal|p1a: Awakened One|100/100 par\n|move|p2a: Alakazam|Thunder Wave|p1a: Awakened One\n|-fail|p1a: Awakened One|par\n|\n|upkeep\n|turn|183\n|\n|t:|1770577753\n|move|p1a: Awakened One|Thunder Wave|p2a: Alakazam\n|-fail|p2a: Alakazam|par\n|cant|p2a: Alakazam|par\n|\n|upkeep\n|turn|184\n|\n|t:|1770577761\n|cant|p1a: Awakened One|par\n|cant|p2a: Alakazam|par\n|\n|upkeep\n|turn|185\n|\n|t:|1770577764\n|cant|p1a: Awakened One|par\n|move|p2a: Alakazam|Thunder Wave|p1a: Awakened One\n|-fail|p1a: Awakened One|par\n|\n|upkeep\n|turn|186\n|\n|t:|1770577768\n|move|p1a: Awakened One|Thunder Wave|p2a: Alakazam\n|-fail|p2a: Alakazam|par\n|move|p2a: Alakazam|Thunder Wave|p1a: Awakened One\n|-fail|p1a: Awakened One|par\n|\n|upkeep\n|turn|187\n|\n|t:|1770577778\n|cant|p1a: Awakened One|par\n|move|p2a: Alakazam|Thunder Wave|p1a: Awakened One\n|-fail|p1a: Awakened One|par\n|\n|upkeep\n|turn|188\n|\n|t:|1770577781\n|move|p1a: Awakened One|Recover|p1a: Awakened One\n|-fail|p1a: Awakened One\n|move|p2a: Alakazam|Thunder Wave|p1a: Awakened One\n|-fail|p1a: Awakened One|par\n|\n|upkeep\n|turn|189\n|\n|t:|1770577801\n|cant|p1a: Awakened One|par\n|move|p2a: Alakazam|Psychic|p1a: Awakened One\n|-resisted|p1a: Awakened One\n|-damage|p1a: Awakened One|86/100 par\n|-unboost|p1a: Awakened One|spa|1\n|-unboost|p1a: Awakened One|spd|1\n|\n|upkeep\n|turn|190\n|\n|t:|1770577821\n|move|p2a: Alakazam|Seismic Toss|p1a: Awakened One\n|-damage|p1a: Awakened One|55/100 par\n|move|p1a: Awakened One|Recover|p1a: Awakened One\n|-heal|p1a: Awakened One|100/100 par\n|\n|upkeep\n|turn|191\n|\n|t:|1770577825\n|move|p2a: Alakazam|Thunder Wave|p1a: Awakened One\n|-fail|p1a: Awakened One|par\n|move|p1a: Awakened One|Recover|p1a: Awakened One\n|-fail|p1a: Awakened One\n|\n|upkeep\n|turn|192\n|\n|t:|1770577846\n|move|p2a: Alakazam|Recover|p2a: Alakazam\n|-fail|p2a: Alakazam\n|move|p1a: Awakened One|Recover|p1a: Awakened One\n|-fail|p1a: Awakened One\n|\n|upkeep\n|turn|193\n|\n|t:|1770577857\n|move|p1a: Awakened One|Recover|p1a: Awakened One\n|-fail|p1a: Awakened One\n|cant|p2a: Alakazam|par\n|\n|upkeep\n|turn|194\n|\n|t:|1770577870\n|cant|p2a: Alakazam|par\n|cant|p1a: Awakened One|par\n|\n|upkeep\n|turn|195\n|inactive|LNumbers has 270 seconds left.\n|\n|t:|1770577912\n|move|p2a: Alakazam|Recover|p2a: Alakazam\n|-fail|p2a: Alakazam\n|move|p1a: Awakened One|Recover|p1a: Awakened One\n|-fail|p1a: Awakened One\n|\n|upkeep\n|turn|196\n|\n|t:|1770577924\n|move|p2a: Alakazam|Recover|p2a: Alakazam\n|-fail|p2a: Alakazam\n|move|p1a: Awakened One|Recover|p1a: Awakened One\n|-fail|p1a: Awakened One\n|\n|upkeep\n|turn|197\n|\n|t:|1770577928\n|cant|p1a: Awakened One|par\n|move|p2a: Alakazam|Seismic Toss|p1a: Awakened One\n|-damage|p1a: Awakened One|70/100 par\n|\n|upkeep\n|turn|198\n|\n|t:|1770577942\n|move|p2a: Alakazam|Seismic Toss|p1a: Awakened One\n|-damage|p1a: Awakened One|39/100 par\n|move|p1a: Awakened One|Recover|p1a: Awakened One\n|-heal|p1a: Awakened One|88/100 par\n|\n|upkeep\n|turn|199\n|\n|t:|1770577952\n|move|p2a: Alakazam|Seismic Toss|p1a: Awakened One\n|-damage|p1a: Awakened One|57/100 par\n|move|p1a: Awakened One|Recover|p1a: Awakened One\n|-heal|p1a: Awakened One|100/100 par\n|\n|upkeep\n|turn|200\n|\n|t:|1770577959\n|move|p1a: Awakened One|Recover|p1a: Awakened One\n|-fail|p1a: Awakened One\n|cant|p2a: Alakazam|par\n|\n|upkeep\n|turn|201\n|inactive|LNumbers has 270 seconds left.\n|\n|t:|1770577981\n|cant|p2a: Alakazam|par\n|move|p1a: Awakened One|Recover|p1a: Awakened One\n|-fail|p1a: Awakened One\n|\n|upkeep\n|turn|202\n|\n|t:|1770577994\n|cant|p2a: Alakazam|par\n|move|p1a: Awakened One|Recover|p1a: Awakened One\n|-fail|p1a: Awakened One\n|\n|upkeep\n|turn|203\n|\n|t:|1770578007\n|move|p1a: Awakened One|Recover|p1a: Awakened One\n|-fail|p1a: Awakened One\n|move|p2a: Alakazam|Seismic Toss|p1a: Awakened One\n|-damage|p1a: Awakened One|70/100 par\n|\n|upkeep\n|turn|204\n|\n|t:|1770578014\n|cant|p2a: Alakazam|par\n|move|p1a: Awakened One|Recover|p1a: Awakened One\n|-heal|p1a: Awakened One|100/100 par\n|\n|upkeep\n|turn|205\n|\n|t:|1770578019\n|cant|p1a: Awakened One|par\n|cant|p2a: Alakazam|par\n|\n|upkeep\n|turn|206\n|\n|t:|1770578023\n|move|p1a: Awakened One|Recover|p1a: Awakened One\n|-fail|p1a: Awakened One\n|move|p2a: Alakazam|Seismic Toss|p1a: Awakened One\n|-damage|p1a: Awakened One|70/100 par\n|\n|upkeep\n|turn|207\n|\n|t:|1770578032\n|move|p1a: Awakened One|Recover|p1a: Awakened One\n|-heal|p1a: Awakened One|100/100 par\n|move|p2a: Alakazam|Seismic Toss|p1a: Awakened One\n|-damage|p1a: Awakened One|70/100 par\n|\n|upkeep\n|turn|208\n|\n|t:|1770578037\n|move|p1a: Awakened One|Struggle|p2a: Alakazam\n|-crit|p2a: Alakazam\n|-damage|p2a: Alakazam|70/100 par\n|-damage|p1a: Awakened One|55/100 par|[from] Recoil|[of] p2a: Alakazam\n|move|p2a: Alakazam|Seismic Toss|p1a: Awakened One\n|-damage|p1a: Awakened One|24/100 par\n|\n|upkeep\n|turn|209\n|inactive|LNumbers has 270 seconds left.\n|inactive|BeeOrSomething has 270 seconds left.\n|inactive|LNumbers has 240 seconds left.\n|inactive|BeeOrSomething has 240 seconds left.\n|inactive|LNumbers has 210 seconds left.\n|inactive|BeeOrSomething has 210 seconds left.\n|inactive|LNumbers has 180 seconds left.\n|inactive|BeeOrSomething has 180 seconds left.\n|inactive|LNumbers has 150 seconds left.\n|inactive|BeeOrSomething has 150 seconds left.\n|inactive|LNumbers has 120 seconds left.\n|inactive|BeeOrSomething has 120 seconds left.\n|inactive|LNumbers has 90 seconds left.\n|inactive|BeeOrSomething has 90 seconds left.\n|inactive|BeeOrSomething has 60 seconds left.\n|\n|t:|1770578317\n|move|p2a: Alakazam|Recover|p2a: Alakazam\n|-heal|p2a: Alakazam|100/100 par\n|move|p1a: Awakened One|Struggle|p2a: Alakazam\n|-damage|p2a: Alakazam|84/100 par\n|-damage|p1a: Awakened One|16/100 par|[from] Recoil|[of] p2a: Alakazam\n|\n|upkeep\n|turn|210\n|\n|t:|1770578336\n|cant|p1a: Awakened One|par\n|move|p2a: Alakazam|Recover|p2a: Alakazam\n|-heal|p2a: Alakazam|100/100 par\n|\n|upkeep\n|turn|211\n|inactive|LNumbers has 60 seconds left.\n|\n|t:|1770578360\n|move|p2a: Alakazam|Seismic Toss|p1a: Awakened One\n|-damage|p1a: Awakened One|0 fnt\n|faint|p1a: Awakened One\n|\n|t:|1770578364\n|switch|p1a: Corrupted Heart|Tauros|2/100\n|turn|212\n|inactive|LNumbers has 60 seconds left.\n|\n|t:|1770578378\n|move|p1a: Corrupted Heart|Body Slam|p2a: Alakazam\n|-damage|p2a: Alakazam|50/100 par\n|cant|p2a: Alakazam|par\n|\n|upkeep\n|turn|213\n|\n|t:|1770578384\n|move|p1a: Corrupted Heart|Body Slam|p2a: Alakazam\n|-damage|p2a: Alakazam|0 fnt\n|faint|p2a: Alakazam\n|\n|win|BeeOrSomething\n|c|☆LNumbers|gg\n|c|☆BeeOrSomething|gg\n|player|p1|\n","uploadtime":1770578384,"views":"1104","formatid":"gen1ou","rating":null,"private":0,"password":null}