{"id":"smogtours-gen1ou-950338","format":"[Gen 1] OU","players":["stunner047","big will 2024"],"log":"|inactive|Battle timer is ON: inactive players will automatically lose when time's up.\n|t:|1782507735\n|gametype|singles\n|player|p1|stunner047|#rbypliiidingdangdewgongs|\n|player|p2|big will 2024|morty-gen2|\n|gen|1\n|tier|[Gen 1] OU\n|rule|Desync Clause Mod: Desyncs changed to move failure.\n|rule|HP Percentage Mod: HP is shown in percentages\n|rule|Endless Battle Clause: Forcing endless battles is banned\n|rule|Sleep Clause Mod: Limit one foe put to sleep\n|rule|Freeze Clause Mod: Limit one foe frozen\n|rule|Species Clause: Limit one of each Pokémon\n|rule|OHKO Clause: OHKO moves are banned\n|rule|Evasion Moves Clause: Evasion moves are banned\n|\n|t:|1782507735\n|teamsize|p1|6\n|teamsize|p2|6\n|start\n|switch|p1a: Starmie|Starmie|100/100\n|switch|p2a: LeBron|Alakazam|100/100\n|turn|1\n|inactive|big will 2024 also wants the timer to be on.\n|c|☆stunner047|gl hf\n|c|☆big will 2024|u2\n|\n|t:|1782507755\n|switch|p1a: Exeggutor|Exeggutor|100/100\n|move|p2a: LeBron|Thunder Wave|p1a: Exeggutor\n|-status|p1a: Exeggutor|par\n|\n|upkeep\n|turn|2\n|\n|t:|1782507770\n|move|p2a: LeBron|Seismic Toss|p1a: Exeggutor\n|-damage|p1a: Exeggutor|75/100 par\n|cant|p1a: Exeggutor|par\n|\n|upkeep\n|turn|3\n|\n|t:|1782507774\n|move|p2a: LeBron|Seismic Toss|p1a: Exeggutor\n|-damage|p1a: Exeggutor|50/100 par\n|move|p1a: Exeggutor|Sleep Powder|p2a: LeBron\n|-status|p2a: LeBron|slp|[from] move: Sleep Powder\n|\n|upkeep\n|turn|4\n|\n|t:|1782507787\n|switch|p2a: Chansey|Chansey|100/100\n|cant|p1a: Exeggutor|par\n|\n|upkeep\n|turn|5\n|\n|t:|1782507791\n|move|p2a: Chansey|Reflect|p2a: Chansey\n|-start|p2a: Chansey|Reflect\n|move|p1a: Exeggutor|Explosion|p2a: Chansey\n|-damage|p2a: Chansey|49/100\n|faint|p1a: Exeggutor\n|\n|t:|1782507816\n|switch|p1a: Chansey|Chansey|100/100\n|turn|6\n|\n|t:|1782507824\n|move|p2a: Chansey|Soft-Boiled|p2a: Chansey\n|-heal|p2a: Chansey|99/100\n|move|p1a: Chansey|Ice Beam|p2a: Chansey\n|-damage|p2a: Chansey|88/100\n|\n|upkeep\n|turn|7\n|\n|t:|1782507842\n|move|p1a: Chansey|Ice Beam|p2a: Chansey\n|-damage|p2a: Chansey|77/100\n|move|p2a: Chansey|Seismic Toss|p1a: Chansey\n|-damage|p1a: Chansey|86/100\n|\n|upkeep\n|turn|8\n|\n|t:|1782507847\n|move|p2a: Chansey|Seismic Toss|p1a: Chansey\n|-damage|p1a: Chansey|72/100\n|move|p1a: Chansey|Ice Beam|p2a: Chansey\n|-damage|p2a: Chansey|67/100\n|\n|upkeep\n|turn|9\n|\n|t:|1782507849\n|switch|p2a: Dwyane Wade|Exeggutor|100/100\n|move|p1a: Chansey|Ice Beam|p2a: Dwyane Wade\n|-supereffective|p2a: Dwyane Wade\n|-damage|p2a: Dwyane Wade|64/100\n|\n|upkeep\n|turn|10\n|\n|t:|1782507853\n|switch|p1a: Starmie|Starmie|100/100\n|move|p2a: Dwyane Wade|Sleep Powder|p1a: Starmie\n|-status|p1a: Starmie|slp|[from] move: Sleep Powder\n|\n|upkeep\n|turn|11\n|\n|t:|1782507874\n|switch|p1a: Chansey|Chansey|72/100\n|switch|p2a: Loaded Gun|Tauros|100/100\n|\n|upkeep\n|turn|12\n|\n|t:|1782507878\n|switch|p2a: Chansey|Chansey|67/100\n|move|p1a: Chansey|Thunder Wave|p2a: Chansey\n|-status|p2a: Chansey|par\n|\n|upkeep\n|turn|13\n|\n|t:|1782507883\n|switch|p1a: Snorlax|Snorlax|100/100\n|move|p2a: Chansey|Soft-Boiled|p2a: Chansey\n|-heal|p2a: Chansey|100/100 par\n|\n|upkeep\n|turn|14\n|inactive|big will 2024 has 270 seconds left.\n|\n|t:|1782507929\n|move|p1a: Snorlax|Earthquake|p2a: Chansey\n|-damage|p2a: Chansey|70/100 par\n|move|p2a: Chansey|Thunder Wave|p1a: Snorlax\n|-status|p1a: Snorlax|par\n|\n|upkeep\n|turn|15\n|\n|t:|1782507940\n|switch|p2a: ICEMAN|Cloyster|100/100\n|move|p1a: Snorlax|Body Slam|p2a: ICEMAN\n|-damage|p2a: ICEMAN|79/100\n|\n|upkeep\n|turn|16\n|\n|t:|1782507952\n|switch|p1a: Starmie|Starmie|100/100 slp\n|move|p2a: ICEMAN|Clamp|p1a: Starmie\n|-resisted|p1a: Starmie\n|-damage|p1a: Starmie|94/100 slp\n|\n|upkeep\n|turn|17\n|\n|t:|1782507956\n|switch|p2a: Snorlax|Snorlax|100/100\n|cant|p1a: Starmie|slp\n|\n|upkeep\n|turn|18\n|\n|t:|1782507965\n|switch|p1a: Chansey|Chansey|72/100\n|move|p2a: Snorlax|Body Slam|p1a: Chansey\n|-damage|p1a: Chansey|31/100\n|\n|upkeep\n|turn|19\n|\n|t:|1782507972\n|move|p1a: Chansey|Soft-Boiled|p1a: Chansey\n|-heal|p1a: Chansey|80/100\n|move|p2a: Snorlax|Body Slam|p1a: Chansey\n|-damage|p1a: Chansey|38/100\n|\n|upkeep\n|turn|20\n|inactive|big will 2024 has 270 seconds left.\n|\n|t:|1782507996\n|move|p1a: Chansey|Soft-Boiled|p1a: Chansey\n|-heal|p1a: Chansey|88/100\n|move|p2a: Snorlax|Body Slam|p1a: Chansey\n|-damage|p1a: Chansey|47/100\n|\n|upkeep\n|turn|21\n|\n|t:|1782508001\n|switch|p2a: Chansey|Chansey|70/100 par\n|move|p1a: Chansey|Soft-Boiled|p1a: Chansey\n|-heal|p1a: Chansey|97/100\n|\n|upkeep\n|turn|22\n|\n|t:|1782508006\n|switch|p1a: Snorlax|Snorlax|100/100 par\n|cant|p2a: Chansey|par\n|\n|upkeep\n|turn|23\n|\n|t:|1782508019\n|cant|p2a: Chansey|par\n|move|p1a: Snorlax|Body Slam|p2a: Chansey\n|-damage|p2a: Chansey|26/100 par\n|\n|upkeep\n|turn|24\n|\n|t:|1782508023\n|switch|p2a: Snorlax|Snorlax|100/100\n|move|p1a: Snorlax|Body Slam|p2a: Snorlax\n|-damage|p2a: Snorlax|76/100\n|\n|upkeep\n|turn|25\n|\n|t:|1782508028\n|move|p2a: Snorlax|Body Slam|p1a: Snorlax\n|-damage|p1a: Snorlax|72/100 par\n|move|p1a: Snorlax|Reflect|p1a: Snorlax\n|-start|p1a: Snorlax|Reflect\n|\n|upkeep\n|turn|26\n|\n|t:|1782508031\n|cant|p1a: Snorlax|par\n|move|p2a: Snorlax|Counter|p1a: Snorlax\n|-hint|Desync Clause Mod activated!\n|-fail|p2a: Snorlax\n|\n|upkeep\n|turn|27\n|\n|t:|1782508041\n|move|p2a: Snorlax|Body Slam|p1a: Snorlax\n|-damage|p1a: Snorlax|58/100 par\n|move|p1a: Snorlax|Earthquake|p2a: Snorlax\n|-damage|p2a: Snorlax|56/100\n|\n|upkeep\n|turn|28\n|\n|t:|1782508045\n|move|p2a: Snorlax|Body Slam|p1a: Snorlax\n|-damage|p1a: Snorlax|44/100 par\n|move|p1a: Snorlax|Rest|p1a: Snorlax\n|-status|p1a: Snorlax|slp|[from] move: Rest\n|-heal|p1a: Snorlax|100/100 slp|[silent]\n|\n|upkeep\n|turn|29\n|\n|t:|1782508048\n|switch|p2a: ICEMAN|Cloyster|79/100\n|cant|p1a: Snorlax|slp\n|\n|upkeep\n|turn|30\n|\n|t:|1782508051\n|switch|p2a: Chansey|Chansey|26/100 par\n|-curestatus|p1a: Snorlax|slp|[msg]\n|\n|upkeep\n|turn|31\n|\n|t:|1782508055\n|switch|p2a: ICEMAN|Cloyster|79/100\n|move|p1a: Snorlax|Body Slam|p2a: ICEMAN\n|-damage|p2a: ICEMAN|57/100\n|\n|upkeep\n|turn|32\n|\n|t:|1782508058\n|move|p2a: ICEMAN|Blizzard|p1a: Snorlax\n|-damage|p1a: Snorlax|69/100\n|-status|p1a: Snorlax|frz\n|cant|p1a: Snorlax|frz\n|\n|upkeep\n|turn|33\n|\n|t:|1782508067\n|switch|p1a: Chansey|Chansey|97/100\n|move|p2a: ICEMAN|Clamp|p1a: Chansey|[miss]\n|-miss|p2a: ICEMAN\n|\n|upkeep\n|turn|34\n|\n|t:|1782508091\n|switch|p2a: Snorlax|Snorlax|56/100\n|switch|p1a: Starmie|Starmie|94/100 slp\n|\n|upkeep\n|turn|35\n|\n|t:|1782508095\n|switch|p1a: Chansey|Chansey|97/100\n|switch|p2a: Chansey|Chansey|26/100 par\n|\n|upkeep\n|turn|36\n|\n|t:|1782508100\n|switch|p1a: Tauros|Tauros|100/100\n|move|p2a: Chansey|Soft-Boiled|p2a: Chansey\n|-heal|p2a: Chansey|76/100 par\n|\n|upkeep\n|turn|37\n|inactive|big will 2024 has 270 seconds left.\n|\n|t:|1782508152\n|move|p1a: Tauros|Body Slam|p2a: Chansey\n|-damage|p2a: Chansey|37/100 par\n|cant|p2a: Chansey|par\n|\n|upkeep\n|turn|38\n|inactive|big will 2024 has 240 seconds left.\n|\n|t:|1782508177\n|switch|p2a: ICEMAN|Cloyster|57/100\n|move|p1a: Tauros|Body Slam|p2a: ICEMAN\n|-crit|p2a: ICEMAN\n|-damage|p2a: ICEMAN|14/100\n|\n|upkeep\n|turn|39\n|\n|t:|1782508181\n|move|p1a: Tauros|Body Slam|p2a: ICEMAN\n|-damage|p2a: ICEMAN|0 fnt\n|faint|p2a: ICEMAN\n|\n|t:|1782508182\n|switch|p2a: Snorlax|Snorlax|56/100\n|turn|40\n|\n|t:|1782508196\n|switch|p1a: Chansey|Chansey|97/100\n|move|p2a: Snorlax|Self-Destruct|p1a: Chansey\n|-damage|p1a: Chansey|0 fnt\n|faint|p1a: Chansey\n|faint|p2a: Snorlax\n|\n|t:|1782508209\n|switch|p1a: Articuno|Articuno|100/100\n|switch|p2a: Dwyane Wade|Exeggutor|64/100\n|turn|41\n|inactive|big will 2024 has 240 seconds left.\n|\n|t:|1782508236\n|switch|p2a: LeBron|Alakazam|100/100 slp\n|move|p1a: Articuno|Blizzard|p2a: LeBron\n|-damage|p2a: LeBron|58/100 slp\n|\n|upkeep\n|turn|42\n|\n|t:|1782508243\n|cant|p2a: LeBron|slp\n|move|p1a: Articuno|Agility|p1a: Articuno\n|-boost|p1a: Articuno|spe|2\n|\n|upkeep\n|turn|43\n|\n|t:|1782508246\n|move|p1a: Articuno|Ice Beam|p2a: LeBron\n|-damage|p2a: LeBron|25/100 slp\n|cant|p2a: LeBron|slp\n|\n|upkeep\n|turn|44\n|\n|t:|1782508251\n|move|p1a: Articuno|Ice Beam|p2a: LeBron\n|-damage|p2a: LeBron|0 fnt\n|faint|p2a: LeBron\n|\n|t:|1782508252\n|switch|p2a: Chansey|Chansey|37/100 par\n|turn|45\n|\n|t:|1782508260\n|switch|p2a: Loaded Gun|Tauros|100/100\n|move|p1a: Articuno|Hyper Beam|p2a: Loaded Gun\n|-damage|p2a: Loaded Gun|70/100\n|-mustrecharge|p1a: Articuno\n|\n|upkeep\n|turn|46\n|\n|t:|1782508264\n|cant|p1a: Articuno|recharge\n|move|p2a: Loaded Gun|Body Slam|p1a: Articuno\n|-damage|p1a: Articuno|73/100\n|\n|upkeep\n|turn|47\n|\n|t:|1782508274\n|move|p1a: Articuno|Ice Beam|p2a: Loaded Gun\n|-crit|p2a: Loaded Gun\n|-damage|p2a: Loaded Gun|0 fnt\n|faint|p2a: Loaded Gun\n|\n|t:|1782508285\n|switch|p2a: Chansey|Chansey|37/100 par\n|turn|48\n|\n|t:|1782508289\n|move|p1a: Articuno|Hyper Beam|p2a: Chansey\n|-damage|p2a: Chansey|0 fnt\n|faint|p2a: Chansey\n|\n|t:|1782508291\n|switch|p2a: Dwyane Wade|Exeggutor|64/100\n|turn|49\n|\n|t:|1782508294\n|move|p1a: Articuno|Ice Beam|p2a: Dwyane Wade\n|-supereffective|p2a: Dwyane Wade\n|-damage|p2a: Dwyane Wade|6/100\n|move|p2a: Dwyane Wade|Psychic|p1a: Articuno\n|-damage|p1a: Articuno|44/100\n|\n|upkeep\n|turn|50\n|\n|t:|1782508296\n|move|p1a: Articuno|Ice Beam|p2a: Dwyane Wade\n|-crit|p2a: Dwyane Wade\n|-supereffective|p2a: Dwyane Wade\n|-damage|p2a: Dwyane Wade|0 fnt\n|faint|p2a: Dwyane Wade\n|\n|win|stunner047\n|c|☆stunner047|gg\n|c|☆big will 2024|gg\n","uploadtime":1782508296,"views":"41","formatid":"gen1ou","rating":null,"private":2,"password":null}