{"id":"smogtours-gen1ou-824926","format":"[Gen 1] OU","players":["Serpi n_n","chuva de perereca"],"log":"|inactive|Battle timer is ON: inactive players will automatically lose when time's up.\n|t:|1742057592\n|gametype|singles\n|player|p1|Serpi n_n|#splxviraiders|\n|player|p2|chuva de perereca|lyra|\n|teamsize|p1|6\n|teamsize|p2|6\n|gen|1\n|tier|[Gen 1] OU\n|rule|Desync Clause Mod: Desyncs changed to move failure.\n|rule|Sleep Clause Mod: Limit one foe put to sleep\n|rule|Freeze Clause Mod: Limit one foe frozen\n|rule|Species Clause: Limit one of each Pokémon\n|rule|OHKO Clause: OHKO moves are banned\n|rule|Evasion Moves Clause: Evasion moves are banned\n|rule|Endless Battle Clause: Forcing endless battles is banned\n|rule|HP Percentage Mod: HP is shown in percentages\n|\n|t:|1742057592\n|start\n|switch|p1a: Starmie|Starmie|100/100\n|switch|p2a: Gengar|Gengar|100/100\n|turn|1\n|c|☆Serpi n_n|hf\n|c|☆chuva de perereca|hf\n|inactive|Serpi n_n has 270 seconds left.\n|\n|t:|1742057629\n|switch|p2a: Starmie|Starmie|100/100\n|move|p1a: Starmie|Psychic|p2a: Starmie\n|-resisted|p2a: Starmie\n|-damage|p2a: Starmie|85/100\n|\n|upkeep\n|turn|2\n|\n|t:|1742057654\n|move|p1a: Starmie|Thunder Wave|p2a: Starmie\n|-status|p2a: Starmie|par\n|move|p2a: Starmie|Thunderbolt|p1a: Starmie\n|-supereffective|p1a: Starmie\n|-damage|p1a: Starmie|57/100\n|\n|upkeep\n|turn|3\n|\n|t:|1742057673\n|move|p1a: Starmie|Thunderbolt|p2a: Starmie\n|-supereffective|p2a: Starmie\n|-damage|p2a: Starmie|38/100 par\n|cant|p2a: Starmie|par\n|\n|upkeep\n|turn|4\n|\n|t:|1742057683\n|switch|p1a: Gengar|Gengar|100/100\n|switch|p2a: Exeggutor|Exeggutor|100/100\n|\n|upkeep\n|turn|5\n|inactive|Serpi n_n has 270 seconds left.\n|\n|t:|1742057708\n|switch|p2a: Starmie|Starmie|38/100 par\n|move|p1a: Gengar|Hypnosis|p2a: Starmie\n|-fail|p2a: Starmie\n|\n|upkeep\n|turn|6\n|inactive|Serpi n_n has 270 seconds left.\n|\n|t:|1742057720\n|switch|p2a: Gengar|Gengar|100/100\n|move|p1a: Gengar|Hypnosis|p2a: Gengar\n|-status|p2a: Gengar|slp|[from] move: Hypnosis\n|\n|upkeep\n|turn|7\n|inactive|Serpi n_n has 270 seconds left.\n|\n|t:|1742057733\n|move|p1a: Gengar|Night Shade|p2a: Gengar\n|-damage|p2a: Gengar|70/100 slp\n|cant|p2a: Gengar|slp\n|\n|upkeep\n|turn|8\n|inactive|Serpi n_n has 270 seconds left.\n|\n|t:|1742057740\n|move|p1a: Gengar|Night Shade|p2a: Gengar\n|-damage|p2a: Gengar|39/100 slp\n|cant|p2a: Gengar|slp\n|\n|upkeep\n|turn|9\n|\n|t:|1742057747\n|switch|p2a: Exeggutor|Exeggutor|100/100\n|move|p1a: Gengar|Night Shade|p2a: Exeggutor\n|-damage|p2a: Exeggutor|75/100\n|\n|upkeep\n|turn|10\n|\n|t:|1742057760\n|switch|p2a: Starmie|Starmie|38/100 par\n|move|p1a: Gengar|Night Shade|p2a: Starmie\n|-damage|p2a: Starmie|7/100 par\n|\n|upkeep\n|turn|11\n|\n|t:|1742057769\n|move|p1a: Gengar|Night Shade|p2a: Starmie\n|-damage|p2a: Starmie|0 fnt\n|faint|p2a: Starmie\n|\n|t:|1742057771\n|switch|p2a: Tauros|Tauros|100/100\n|turn|12\n|inactive|Serpi n_n has 270 seconds left.\n|\n|t:|1742057816\n|switch|p1a: Exeggutor|Exeggutor|100/100\n|move|p2a: Tauros|Body Slam|p1a: Exeggutor\n|-damage|p1a: Exeggutor|71/100\n|\n|upkeep\n|turn|13\n|\n|t:|1742057823\n|switch|p2a: Exeggutor|Exeggutor|75/100\n|move|p1a: Exeggutor|Stun Spore|p2a: Exeggutor\n|-status|p2a: Exeggutor|par\n|\n|upkeep\n|turn|14\n|\n|t:|1742057830\n|switch|p2a: Gengar|Gengar|39/100 slp\n|move|p1a: Exeggutor|Psychic|p2a: Gengar\n|-supereffective|p2a: Gengar\n|-damage|p2a: Gengar|0 fnt\n|faint|p2a: Gengar\n|\n|t:|1742057836\n|switch|p2a: Zapdos|Zapdos|100/100\n|turn|15\n|\n|t:|1742057842\n|move|p2a: Zapdos|Drill Peck|p1a: Exeggutor\n|-supereffective|p1a: Exeggutor\n|-damage|p1a: Exeggutor|18/100\n|move|p1a: Exeggutor|Explosion|p2a: Zapdos\n|-damage|p2a: Zapdos|30/100\n|faint|p1a: Exeggutor\n|inactive|Serpi n_n has 270 seconds left.\n|inactive|Serpi n_n has 240 seconds left.\n|\n|t:|1742057895\n|switch|p1a: Snorlax|Snorlax|100/100\n|turn|16\n|\n|t:|1742057903\n|move|p2a: Zapdos|Thunderbolt|p1a: Snorlax\n|-damage|p1a: Snorlax|66/100\n|-status|p1a: Snorlax|par\n|move|p1a: Snorlax|Body Slam|p2a: Zapdos\n|-damage|p2a: Zapdos|0 fnt\n|faint|p2a: Zapdos\n|\n|t:|1742057909\n|switch|p2a: Tauros|Tauros|100/100\n|turn|17\n|\n|t:|1742057913\n|move|p2a: Tauros|Hyper Beam|p1a: Snorlax\n|-damage|p1a: Snorlax|24/100 par\n|-mustrecharge|p2a: Tauros\n|move|p1a: Snorlax|Self-Destruct|p2a: Tauros\n|-damage|p2a: Tauros|7/100\n|faint|p1a: Snorlax\n|inactive|Serpi n_n has 240 seconds left.\n|\n|t:|1742057947\n|switch|p1a: Gengar|Gengar|100/100\n|turn|18\n|\n|t:|1742057950\n|cant|p2a: Tauros|recharge\n|move|p1a: Gengar|Night Shade|p2a: Tauros\n|-damage|p2a: Tauros|0 fnt\n|faint|p2a: Tauros\n|\n|t:|1742057962\n|switch|p2a: Exeggutor|Exeggutor|75/100 par\n|turn|19\n|inactive|Serpi n_n has 240 seconds left.\n|\n|t:|1742057980\n|move|p1a: Gengar|Explosion|p2a: Exeggutor\n|-damage|p2a: Exeggutor|19/100 par\n|faint|p1a: Gengar\n|inactive|Serpi n_n has 240 seconds left.\n|\n|t:|1742057991\n|switch|p1a: Chansey|Chansey|100/100\n|turn|20\n|\n|t:|1742057995\n|switch|p2a: Snorlax|Snorlax|100/100\n|move|p1a: Chansey|Ice Beam|p2a: Snorlax\n|-damage|p2a: Snorlax|80/100\n|\n|upkeep\n|turn|21\n|\n|t:|1742058005\n|move|p1a: Chansey|Thunder Wave|p2a: Snorlax\n|-status|p2a: Snorlax|par\n|move|p2a: Snorlax|Body Slam|p1a: Chansey\n|-damage|p1a: Chansey|59/100\n|\n|upkeep\n|turn|22\n|\n|t:|1742058013\n|move|p1a: Chansey|Soft-Boiled|p1a: Chansey\n|-heal|p1a: Chansey|100/100\n|move|p2a: Snorlax|Body Slam|p1a: Chansey\n|-damage|p1a: Chansey|59/100\n|\n|upkeep\n|turn|23\n|\n|t:|1742058017\n|move|p1a: Chansey|Soft-Boiled|p1a: Chansey\n|-heal|p1a: Chansey|100/100\n|move|p2a: Snorlax|Body Slam|p1a: Chansey\n|-damage|p1a: Chansey|57/100\n|\n|upkeep\n|turn|24\n|inactive|Serpi n_n has 270 seconds left.\n|\n|t:|1742058025\n|move|p1a: Chansey|Soft-Boiled|p1a: Chansey\n|-heal|p1a: Chansey|100/100\n|move|p2a: Snorlax|Body Slam|p1a: Chansey\n|-damage|p1a: Chansey|59/100\n|\n|upkeep\n|turn|25\n|\n|t:|1742058027\n|move|p1a: Chansey|Soft-Boiled|p1a: Chansey\n|-heal|p1a: Chansey|100/100\n|move|p2a: Snorlax|Body Slam|p1a: Chansey\n|-crit|p1a: Chansey\n|-damage|p1a: Chansey|19/100\n|\n|upkeep\n|turn|26\n|\n|t:|1742058043\n|move|p1a: Chansey|Ice Beam|p2a: Snorlax\n|-damage|p2a: Snorlax|60/100 par\n|move|p2a: Snorlax|Body Slam|p1a: Chansey\n|-damage|p1a: Chansey|0 fnt\n|faint|p1a: Chansey\n|\n|t:|1742058047\n|switch|p1a: Starmie|Starmie|57/100\n|turn|27\n|\n|t:|1742058069\n|move|p1a: Starmie|Psychic|p2a: Snorlax\n|-damage|p2a: Snorlax|35/100 par\n|-unboost|p2a: Snorlax|spa|1\n|-unboost|p2a: Snorlax|spd|1\n|cant|p2a: Snorlax|par\n|\n|upkeep\n|turn|28\n|c|☆chuva de perereca|gg\n|-message|chuva de perereca forfeited.\n|\n|win|Serpi n_n\n|c|☆Serpi n_n|gg\n|player|p1|\n","uploadtime":1742058077,"views":"1935","formatid":"gen1ou","rating":null,"private":0,"password":null}