{"id":"smogtours-gen1ou-950343","format":"[Gen 1] OU","players":["big will 2024","stunner047"],"log":"|inactive|Battle timer is ON: inactive players will automatically lose when time's up.\n|t:|1782508386\n|gametype|singles\n|player|p1|big will 2024|morty-gen2|\n|player|p2|stunner047|#rbypliiidingdangdewgongs|\n|gen|1\n|tier|[Gen 1] OU\n|rule|Desync Clause Mod: Desyncs changed to move failure.\n|rule|HP Percentage Mod: HP is shown in percentages\n|rule|Endless Battle Clause: Forcing endless battles is banned\n|rule|Sleep Clause Mod: Limit one foe put to sleep\n|rule|Freeze Clause Mod: Limit one foe frozen\n|rule|Species Clause: Limit one of each Pokémon\n|rule|OHKO Clause: OHKO moves are banned\n|rule|Evasion Moves Clause: Evasion moves are banned\n|\n|t:|1782508386\n|teamsize|p1|6\n|teamsize|p2|6\n|start\n|switch|p1a: Michael Beasley|Jolteon|100/100\n|switch|p2a: Starmie|Starmie|100/100\n|turn|1\n|inactive|big will 2024 also wants the timer to be on.\n|c|☆stunner047|gl hf\n|c|☆big will 2024|u2\n|\n|t:|1782508408\n|switch|p2a: Rhydon|Rhydon|100/100\n|move|p1a: Michael Beasley|Thunder Wave|p2a: Rhydon\n|-immune|p2a: Rhydon\n|\n|upkeep\n|turn|2\n|\n|t:|1782508420\n|switch|p1a: Exeggutor|Exeggutor|100/100\n|move|p2a: Rhydon|Body Slam|p1a: Exeggutor\n|-damage|p1a: Exeggutor|79/100\n|\n|upkeep\n|turn|3\n|\n|t:|1782508426\n|switch|p2a: Starmie|Starmie|100/100\n|move|p1a: Exeggutor|Sleep Powder|p2a: Starmie|[miss]\n|-miss|p1a: Exeggutor\n|\n|upkeep\n|turn|4\n|\n|t:|1782508433\n|switch|p1a: Michael Beasley|Jolteon|100/100\n|move|p2a: Starmie|Blizzard|p1a: Michael Beasley\n|-damage|p1a: Michael Beasley|74/100\n|\n|upkeep\n|turn|5\n|\n|t:|1782508436\n|switch|p1a: Exeggutor|Exeggutor|79/100\n|switch|p2a: Rhydon|Rhydon|100/100\n|\n|upkeep\n|turn|6\n|\n|t:|1782508439\n|switch|p2a: Starmie|Starmie|100/100\n|move|p1a: Exeggutor|Sleep Powder|p2a: Starmie\n|-status|p2a: Starmie|slp|[from] move: Sleep Powder\n|\n|upkeep\n|turn|7\n|\n|t:|1782508467\n|switch|p2a: Exeggutor|Exeggutor|100/100\n|move|p1a: Exeggutor|Psychic|p2a: Exeggutor\n|-crit|p2a: Exeggutor\n|-resisted|p2a: Exeggutor\n|-damage|p2a: Exeggutor|73/100\n|\n|upkeep\n|turn|8\n|\n|t:|1782508472\n|switch|p1a: Michael Beasley|Jolteon|74/100\n|move|p2a: Exeggutor|Sleep Powder|p1a: Michael Beasley\n|-status|p1a: Michael Beasley|slp|[from] move: Sleep Powder\n|\n|upkeep\n|turn|9\n|\n|t:|1782508484\n|switch|p1a: Exeggutor|Exeggutor|79/100\n|move|p2a: Exeggutor|Psychic|p1a: Exeggutor\n|-resisted|p1a: Exeggutor\n|-damage|p1a: Exeggutor|66/100\n|-unboost|p1a: Exeggutor|spa|1\n|-unboost|p1a: Exeggutor|spd|1\n|\n|upkeep\n|turn|10\n|\n|t:|1782508494\n|move|p2a: Exeggutor|Stun Spore|p1a: Exeggutor\n|-status|p1a: Exeggutor|par\n|move|p1a: Exeggutor|Psychic|p2a: Exeggutor\n|-resisted|p2a: Exeggutor\n|-damage|p2a: Exeggutor|63/100\n|\n|upkeep\n|turn|11\n|\n|t:|1782508501\n|switch|p2a: Starmie|Starmie|100/100 slp\n|move|p1a: Exeggutor|Rest|p1a: Exeggutor\n|-status|p1a: Exeggutor|slp|[from] move: Rest\n|-heal|p1a: Exeggutor|100/100 slp|[silent]\n|\n|upkeep\n|turn|12\n|\n|t:|1782508504\n|switch|p2a: Cloyster|Cloyster|100/100\n|switch|p1a: Alakazam|Alakazam|100/100\n|\n|upkeep\n|turn|13\n|\n|t:|1782508511\n|switch|p2a: Chansey|Chansey|100/100\n|move|p1a: Alakazam|Psychic|p2a: Chansey\n|-damage|p2a: Chansey|83/100\n|\n|upkeep\n|turn|14\n|inactive|big will 2024 has 270 seconds left.\n|\n|t:|1782508554\n|move|p1a: Alakazam|Thunder Wave|p2a: Chansey\n|-status|p2a: Chansey|par\n|cant|p2a: Chansey|par\n|\n|upkeep\n|turn|15\n|\n|t:|1782508558\n|move|p1a: Alakazam|Psychic|p2a: Chansey\n|-damage|p2a: Chansey|64/100 par\n|cant|p2a: Chansey|par\n|\n|upkeep\n|turn|16\n|inactive|big will 2024 has 270 seconds left.\n|\n|t:|1782508569\n|switch|p1a: Snorlax|Snorlax|100/100\n|move|p2a: Chansey|Thunder Wave|p1a: Snorlax\n|-status|p1a: Snorlax|par\n|\n|upkeep\n|turn|17\n|\n|t:|1782508575\n|switch|p2a: Cloyster|Cloyster|100/100\n|move|p1a: Snorlax|Body Slam|p2a: Cloyster\n|-damage|p2a: Cloyster|78/100\n|\n|upkeep\n|turn|18\n|\n|t:|1782508579\n|switch|p1a: Alakazam|Alakazam|100/100\n|move|p2a: Cloyster|Blizzard|p1a: Alakazam\n|-damage|p1a: Alakazam|66/100\n|-status|p1a: Alakazam|frz\n|\n|upkeep\n|turn|19\n|inactive|big will 2024 has 270 seconds left.\n|\n|t:|1782508621\n|switch|p1a: Snorlax|Snorlax|100/100 par\n|move|p2a: Cloyster|Blizzard|p1a: Snorlax\n|-crit|p1a: Snorlax\n|-damage|p1a: Snorlax|36/100 par\n|\n|upkeep\n|turn|20\n|inactive|big will 2024 has 240 seconds left.\n|\n|t:|1782508668\n|move|p2a: Cloyster|Clamp|p1a: Snorlax\n|-crit|p1a: Snorlax\n|-damage|p1a: Snorlax|16/100 par\n|cant|p1a: Snorlax|partiallytrapped\n|\n|upkeep\n|turn|21\n|inactive|big will 2024 has 210 seconds left.\n|\n|t:|1782508693\n|switch|p1a: Loaded Gun|Tauros|100/100\n|move|p2a: Cloyster|Clamp|p1a: Loaded Gun\n|-damage|p1a: Loaded Gun|87/100\n|\n|upkeep\n|turn|22\n|\n|t:|1782508698\n|switch|p1a: Snorlax|Snorlax|16/100 par\n|move|p2a: Cloyster|Clamp|p1a: Snorlax|[miss]\n|-miss|p2a: Cloyster\n|\n|upkeep\n|turn|23\n|inactive|big will 2024 has 210 seconds left.\n|\n|t:|1782508740\n|move|p2a: Cloyster|Blizzard|p1a: Snorlax\n|-damage|p1a: Snorlax|0 fnt\n|faint|p1a: Snorlax\n|inactive|big will 2024 has 180 seconds left.\n|\n|t:|1782508754\n|switch|p1a: Lance Stephenson|Zapdos|100/100\n|turn|24\n|\n|t:|1782508758\n|switch|p1a: Exeggutor|Exeggutor|100/100 slp\n|switch|p2a: Rhydon|Rhydon|100/100\n|\n|upkeep\n|turn|25\n|\n|t:|1782508767\n|switch|p2a: Cloyster|Cloyster|78/100\n|cant|p1a: Exeggutor|slp\n|\n|upkeep\n|turn|26\n|\n|t:|1782508772\n|switch|p1a: Alakazam|Alakazam|66/100 frz\n|move|p2a: Cloyster|Blizzard|p1a: Alakazam\n|-damage|p1a: Alakazam|32/100 frz\n|\n|upkeep\n|turn|27\n|\n|t:|1782508776\n|cant|p1a: Alakazam|frz\n|move|p2a: Cloyster|Blizzard|p1a: Alakazam\n|-damage|p1a: Alakazam|0 fnt\n|faint|p1a: Alakazam\n|\n|t:|1782508778\n|switch|p1a: Lance Stephenson|Zapdos|100/100\n|turn|28\n|\n|t:|1782508782\n|switch|p1a: Exeggutor|Exeggutor|100/100 slp\n|switch|p2a: Rhydon|Rhydon|100/100\n|\n|upkeep\n|turn|29\n|\n|t:|1782508786\n|switch|p2a: Exeggutor|Exeggutor|63/100\n|-curestatus|p1a: Exeggutor|slp|[msg]\n|\n|upkeep\n|turn|30\n|inactive|big will 2024 has 240 seconds left.\n|\n|t:|1782508826\n|move|p2a: Exeggutor|Stun Spore|p1a: Exeggutor\n|-status|p1a: Exeggutor|par\n|cant|p1a: Exeggutor|par\n|\n|upkeep\n|turn|31\n|\n|t:|1782508832\n|move|p2a: Exeggutor|Psychic|p1a: Exeggutor\n|-resisted|p1a: Exeggutor\n|-damage|p1a: Exeggutor|87/100 par\n|move|p1a: Exeggutor|Psychic|p2a: Exeggutor\n|-resisted|p2a: Exeggutor\n|-damage|p2a: Exeggutor|50/100\n|\n|upkeep\n|turn|32\n|\n|t:|1782508842\n|move|p2a: Exeggutor|Psychic|p1a: Exeggutor\n|-resisted|p1a: Exeggutor\n|-damage|p1a: Exeggutor|74/100 par\n|move|p1a: Exeggutor|Psychic|p2a: Exeggutor\n|-resisted|p2a: Exeggutor\n|-damage|p2a: Exeggutor|37/100\n|\n|upkeep\n|turn|33\n|\n|t:|1782508845\n|switch|p1a: Loaded Gun|Tauros|87/100\n|move|p2a: Exeggutor|Psychic|p1a: Loaded Gun\n|-crit|p1a: Loaded Gun\n|-damage|p1a: Loaded Gun|0 fnt\n|faint|p1a: Loaded Gun\n|inactive|big will 2024 has 240 seconds left.\n|\n|t:|1782508851\n|switch|p1a: Lance Stephenson|Zapdos|100/100\n|turn|34\n|\n|t:|1782508856\n|switch|p1a: Exeggutor|Exeggutor|74/100 par\n|switch|p2a: Rhydon|Rhydon|100/100\n|\n|upkeep\n|turn|35\n|\n|t:|1782508869\n|switch|p2a: Exeggutor|Exeggutor|37/100\n|move|p1a: Exeggutor|Psychic|p2a: Exeggutor\n|-resisted|p2a: Exeggutor\n|-damage|p2a: Exeggutor|23/100\n|\n|upkeep\n|turn|36\n|\n|t:|1782508874\n|switch|p1a: Michael Beasley|Jolteon|74/100 slp\n|move|p2a: Exeggutor|Psychic|p1a: Michael Beasley\n|-damage|p1a: Michael Beasley|39/100 slp\n|\n|upkeep\n|turn|37\n|\n|t:|1782508880\n|switch|p1a: Exeggutor|Exeggutor|74/100 par\n|move|p2a: Exeggutor|Psychic|p1a: Exeggutor\n|-resisted|p1a: Exeggutor\n|-damage|p1a: Exeggutor|60/100 par\n|\n|upkeep\n|turn|38\n|\n|t:|1782508882\n|move|p2a: Exeggutor|Psychic|p1a: Exeggutor\n|-resisted|p1a: Exeggutor\n|-damage|p1a: Exeggutor|48/100 par\n|move|p1a: Exeggutor|Hyper Beam|p2a: Exeggutor\n|-damage|p2a: Exeggutor|0 fnt\n|faint|p2a: Exeggutor\n|\n|t:|1782508885\n|switch|p2a: Cloyster|Cloyster|78/100\n|turn|39\n|\n|t:|1782508887\n|switch|p1a: Michael Beasley|Jolteon|39/100 slp\n|move|p2a: Cloyster|Blizzard|p1a: Michael Beasley|[miss]\n|-miss|p2a: Cloyster\n|\n|upkeep\n|turn|40\n|\n|t:|1782508890\n|cant|p1a: Michael Beasley|slp\n|move|p2a: Cloyster|Blizzard|p1a: Michael Beasley\n|-damage|p1a: Michael Beasley|1/100 slp\n|\n|upkeep\n|turn|41\n|\n|t:|1782508895\n|cant|p1a: Michael Beasley|slp\n|move|p2a: Cloyster|Clamp|p1a: Michael Beasley\n|-damage|p1a: Michael Beasley|0 fnt\n|faint|p1a: Michael Beasley\n|\n|t:|1782508897\n|switch|p1a: Lance Stephenson|Zapdos|100/100\n|turn|42\n|\n|t:|1782508901\n|switch|p2a: Rhydon|Rhydon|100/100\n|move|p1a: Lance Stephenson|Thunderbolt|p2a: Rhydon\n|-immune|p2a: Rhydon\n|\n|upkeep\n|turn|43\n|\n|t:|1782508905\n|switch|p1a: Exeggutor|Exeggutor|48/100 par\n|move|p2a: Rhydon|Rock Slide|p1a: Exeggutor\n|-damage|p1a: Exeggutor|20/100 par\n|\n|upkeep\n|turn|44\n|\n|t:|1782508910\n|move|p2a: Rhydon|Rock Slide|p1a: Exeggutor\n|-damage|p1a: Exeggutor|0 fnt\n|faint|p1a: Exeggutor\n|c|☆big will 2024|gg\n|-message|big will 2024 forfeited.\n|\n|win|stunner047\n|c|☆stunner047|ggs\n|c|☆stunner047|/log stunner047 made the replay of this battle unlisted.\n|c|☆big will 2024|isnt it bo5\n","uploadtime":1782508914,"views":"32","formatid":"gen1ou","rating":null,"private":2,"password":null}