{"id":"smogtours-gen1ou-821541","format":"[Gen 1] OU","players":["nicole7735","Prinz"],"log":"|inactive|Battle timer is ON: inactive players will automatically lose when time's up.\n|t:|1740304899\n|gametype|singles\n|player|p1|nicole7735|lady-gen4|\n|player|p2|Prinz|baker|\n|teamsize|p1|6\n|teamsize|p2|6\n|gen|1\n|tier|[Gen 1] OU\n|rule|Desync Clause Mod: Desyncs changed to move failure.\n|rule|Sleep Clause Mod: Limit one foe put to sleep\n|rule|Freeze Clause Mod: Limit one foe frozen\n|rule|Species Clause: Limit one of each Pokémon\n|rule|OHKO Clause: OHKO moves are banned\n|rule|Evasion Moves Clause: Evasion moves are banned\n|rule|Endless Battle Clause: Forcing endless battles is banned\n|rule|HP Percentage Mod: HP is shown in percentages\n|\n|t:|1740304899\n|start\n|switch|p1a: Starmie|Starmie|100/100\n|switch|p2a: Gengar|Gengar|100/100\n|turn|1\n|c|☆nicole7735|hf\n|c|☆Prinz|hf\n|inactive|Prinz has 270 seconds left.\n|\n|t:|1740304933\n|switch|p2a: Chansey|Chansey|100/100\n|move|p1a: Starmie|Blizzard|p2a: Chansey|[miss]\n|-miss|p1a: Starmie\n|\n|upkeep\n|turn|2\n|\n|t:|1740304937\n|move|p1a: Starmie|Blizzard|p2a: Chansey\n|-damage|p2a: Chansey|87/100\n|move|p2a: Chansey|Ice Beam|p1a: Starmie\n|-resisted|p1a: Starmie\n|-damage|p1a: Starmie|89/100\n|-status|p1a: Starmie|frz\n|\n|upkeep\n|turn|3\n|inactive|nicole7735 has 270 seconds left.\n|inactive|Prinz has 270 seconds left.\n|inactive|nicole7735 has 240 seconds left.\n|inactive|nicole7735 has 210 seconds left.\n|\n|t:|1740305036\n|switch|p1a: Exeggutor|Exeggutor|100/100\n|switch|p2a: Gengar|Gengar|100/100\n|\n|upkeep\n|turn|4\n|\n|t:|1740305045\n|move|p2a: Gengar|Hypnosis|p1a: Exeggutor\n|-status|p1a: Exeggutor|slp|[from] move: Hypnosis\n|-curestatus|p1a: Exeggutor|slp|[msg]\n|\n|upkeep\n|turn|5\n|inactive|Prinz has 270 seconds left.\n|\n|t:|1740305056\n|move|p2a: Gengar|Hypnosis|p1a: Exeggutor\n|-status|p1a: Exeggutor|slp|[from] move: Hypnosis\n|cant|p1a: Exeggutor|slp\n|\n|upkeep\n|turn|6\n|rated|Smogon Premier League\n|inactive|Prinz has 270 seconds left.\n|\n|t:|1740305072\n|switch|p2a: Tauros|Tauros|100/100\n|switch|p1a: Chansey|Chansey|100/100\n|\n|upkeep\n|turn|7\n|\n|t:|1740305081\n|switch|p2a: Chansey|Chansey|87/100\n|move|p1a: Chansey|Thunder Wave|p2a: Chansey\n|-status|p2a: Chansey|par\n|\n|upkeep\n|turn|8\n|inactive|nicole7735 has 210 seconds left.\n|\n|t:|1740305112\n|switch|p1a: Snorlax|Snorlax|100/100\n|move|p2a: Chansey|Thunder Wave|p1a: Snorlax\n|-status|p1a: Snorlax|par\n|\n|upkeep\n|turn|9\n|\n|t:|1740305126\n|switch|p2a: Snorlax|Snorlax|100/100\n|cant|p1a: Snorlax|par\n|\n|upkeep\n|turn|10\n|\n|t:|1740305129\n|move|p2a: Snorlax|Body Slam|p1a: Snorlax\n|-damage|p1a: Snorlax|74/100 par\n|move|p1a: Snorlax|Reflect|p1a: Snorlax\n|-start|p1a: Snorlax|Reflect\n|\n|upkeep\n|turn|11\n|\n|t:|1740305136\n|switch|p2a: Gengar|Gengar|100/100\n|move|p1a: Snorlax|Body Slam|p2a: Gengar\n|-immune|p2a: Gengar\n|\n|upkeep\n|turn|12\n|inactive|nicole7735 has 210 seconds left.\n|\n|t:|1740305175\n|move|p2a: Gengar|Psychic|p1a: Snorlax\n|-crit|p1a: Snorlax\n|-damage|p1a: Snorlax|30/100 par\n|-unboost|p1a: Snorlax|spa|1\n|-unboost|p1a: Snorlax|spd|1\n|cant|p1a: Snorlax|par\n|\n|upkeep\n|turn|13\n|inactive|nicole7735 has 210 seconds left.\n|\n|t:|1740305200\n|switch|p1a: Chansey|Chansey|100/100\n|move|p2a: Gengar|Thunderbolt|p1a: Chansey\n|-damage|p1a: Chansey|89/100\n|\n|upkeep\n|turn|14\n|\n|t:|1740305214\n|switch|p2a: Chansey|Chansey|87/100 par\n|move|p1a: Chansey|Thunder Wave|p2a: Chansey\n|-fail|p2a: Chansey|par\n|\n|upkeep\n|turn|15\n|\n|t:|1740305220\n|move|p1a: Chansey|Ice Beam|p2a: Chansey\n|-damage|p2a: Chansey|77/100 par\n|move|p2a: Chansey|Ice Beam|p1a: Chansey\n|-damage|p1a: Chansey|78/100\n|\n|upkeep\n|turn|16\n|\n|t:|1740305227\n|move|p1a: Chansey|Ice Beam|p2a: Chansey\n|-damage|p2a: Chansey|66/100 par\n|move|p2a: Chansey|Ice Beam|p1a: Chansey\n|-damage|p1a: Chansey|67/100\n|\n|upkeep\n|turn|17\n|\n|t:|1740305232\n|move|p1a: Chansey|Soft-Boiled|p1a: Chansey\n|-heal|p1a: Chansey|100/100\n|cant|p2a: Chansey|par\n|\n|upkeep\n|turn|18\n|\n|t:|1740305239\n|move|p1a: Chansey|Ice Beam|p2a: Chansey\n|-damage|p2a: Chansey|56/100 par\n|cant|p2a: Chansey|par\n|\n|upkeep\n|turn|19\n|\n|t:|1740305246\n|move|p1a: Chansey|Ice Beam|p2a: Chansey\n|-damage|p2a: Chansey|45/100 par\n|cant|p2a: Chansey|par\n|\n|upkeep\n|turn|20\n|\n|t:|1740305250\n|switch|p1a: Snorlax|Snorlax|30/100 par\n|move|p2a: Chansey|Soft-Boiled|p2a: Chansey\n|-heal|p2a: Chansey|95/100 par\n|\n|upkeep\n|turn|21\n|\n|t:|1740305268\n|switch|p2a: Snorlax|Snorlax|100/100\n|move|p1a: Snorlax|Rest|p1a: Snorlax\n|-status|p1a: Snorlax|slp|[from] move: Rest\n|-heal|p1a: Snorlax|100/100 slp|[silent]\n|\n|upkeep\n|turn|22\n|\n|t:|1740305277\n|switch|p1a: Chansey|Chansey|100/100\n|move|p2a: Snorlax|Body Slam|p1a: Chansey\n|-damage|p1a: Chansey|61/100\n|\n|upkeep\n|turn|23\n|\n|t:|1740305295\n|move|p1a: Chansey|Soft-Boiled|p1a: Chansey\n|-heal|p1a: Chansey|100/100\n|move|p2a: Snorlax|Self-Destruct|p1a: Chansey\n|-damage|p1a: Chansey|0 fnt\n|faint|p1a: Chansey\n|faint|p2a: Snorlax\n|inactive|nicole7735 has 240 seconds left.\n|inactive|Prinz has 270 seconds left.\n|\n|t:|1740305320\n|switch|p1a: Tauros|Tauros|100/100\n|switch|p2a: Tauros|Tauros|100/100\n|turn|24\n|\n|t:|1740305324\n|move|p1a: Tauros|Blizzard|p2a: Tauros\n|-damage|p2a: Tauros|75/100\n|move|p2a: Tauros|Body Slam|p1a: Tauros\n|-damage|p1a: Tauros|72/100\n|\n|upkeep\n|turn|25\n|\n|t:|1740305329\n|move|p1a: Tauros|Blizzard|p2a: Tauros\n|-damage|p2a: Tauros|47/100\n|move|p2a: Tauros|Body Slam|p1a: Tauros\n|-damage|p1a: Tauros|41/100\n|\n|upkeep\n|turn|26\n|inactive|nicole7735 has 240 seconds left.\n|\n|t:|1740305363\n|switch|p2a: Starmie|Starmie|100/100\n|move|p1a: Tauros|Hyper Beam|p2a: Starmie|[miss]\n|-miss|p1a: Tauros\n|\n|upkeep\n|turn|27\n|inactive|nicole7735 has 210 seconds left.\n|inactive|nicole7735 has 180 seconds left.\n|inactive|Prinz has 270 seconds left.\n|inactive|nicole7735 has 150 seconds left.\n|\n|t:|1740305458\n|switch|p1a: Starmie|Starmie|89/100 frz\n|move|p2a: Starmie|Surf|p1a: Starmie\n|-crit|p1a: Starmie\n|-resisted|p1a: Starmie\n|-damage|p1a: Starmie|55/100 frz\n|\n|upkeep\n|turn|28\n|inactive|nicole7735 has 150 seconds left.\n|\n|t:|1740305472\n|switch|p2a: Tauros|Tauros|47/100\n|switch|p1a: Exeggutor|Exeggutor|100/100 slp\n|\n|upkeep\n|turn|29\n|\n|t:|1740305480\n|switch|p1a: Starmie|Starmie|55/100 frz\n|move|p2a: Tauros|Body Slam|p1a: Starmie\n|-crit|p1a: Starmie\n|-damage|p1a: Starmie|0 fnt\n|faint|p1a: Starmie\n|inactive|nicole7735 has 150 seconds left.\n|\n|t:|1740305494\n|switch|p1a: Tauros|Tauros|41/100\n|turn|30\n|\n|t:|1740305499\n|switch|p2a: Exeggutor|Exeggutor|100/100\n|move|p1a: Tauros|Body Slam|p2a: Exeggutor\n|-crit|p2a: Exeggutor\n|-damage|p2a: Exeggutor|50/100\n|\n|upkeep\n|turn|31\n|\n|t:|1740305517\n|move|p1a: Tauros|Body Slam|p2a: Exeggutor\n|-damage|p2a: Exeggutor|23/100\n|move|p2a: Exeggutor|Psychic|p1a: Tauros\n|-damage|p1a: Tauros|0 fnt\n|faint|p1a: Tauros\n|\n|t:|1740305520\n|switch|p1a: Zapdos|Zapdos|100/100\n|turn|32\n|\n|t:|1740305529\n|move|p1a: Zapdos|Drill Peck|p2a: Exeggutor\n|-supereffective|p2a: Exeggutor\n|-damage|p2a: Exeggutor|0 fnt\n|faint|p2a: Exeggutor\n|inactive|Prinz has 270 seconds left.\n|\n|t:|1740305588\n|switch|p2a: Gengar|Gengar|100/100\n|turn|33\n|inactive|Prinz has 240 seconds left.\n|inactive|nicole7735 has 150 seconds left.\n|inactive|nicole7735 has 120 seconds left.\n|\n|t:|1740305666\n|switch|p1a: Snorlax|Snorlax|100/100 slp\n|move|p2a: Gengar|Psychic|p1a: Snorlax\n|-damage|p1a: Snorlax|79/100 slp\n|\n|upkeep\n|turn|34\n|\n|t:|1740305676\n|move|p2a: Gengar|Psychic|p1a: Snorlax\n|-crit|p1a: Snorlax\n|-damage|p1a: Snorlax|40/100 slp\n|-unboost|p1a: Snorlax|spa|1\n|-unboost|p1a: Snorlax|spd|1\n|cant|p1a: Snorlax|slp\n|\n|upkeep\n|turn|35\n|inactive|nicole7735 has 120 seconds left.\n|\n|t:|1740305693\n|switch|p1a: Exeggutor|Exeggutor|100/100 slp\n|move|p2a: Gengar|Thunderbolt|p1a: Exeggutor\n|-resisted|p1a: Exeggutor\n|-damage|p1a: Exeggutor|91/100 slp\n|\n|upkeep\n|turn|36\n|inactive|Prinz has 240 seconds left.\n|\n|t:|1740305713\n|switch|p2a: Tauros|Tauros|47/100\n|switch|p1a: Zapdos|Zapdos|100/100\n|\n|upkeep\n|turn|37\n|inactive|Prinz has 240 seconds left.\n|\n|t:|1740305728\n|switch|p2a: Chansey|Chansey|95/100 par\n|move|p1a: Zapdos|Thunderbolt|p2a: Chansey\n|-crit|p2a: Chansey\n|-damage|p2a: Chansey|58/100 par\n|\n|upkeep\n|turn|38\n|inactive|Prinz has 240 seconds left.\n|\n|t:|1740305742\n|move|p1a: Zapdos|Drill Peck|p2a: Chansey\n|-crit|p2a: Chansey\n|-damage|p2a: Chansey|0 fnt\n|faint|p2a: Chansey\n|\n|t:|1740305749\n|switch|p2a: Gengar|Gengar|100/100\n|turn|39\n|\n|t:|1740305759\n|switch|p1a: Exeggutor|Exeggutor|91/100 slp\n|move|p2a: Gengar|Psychic|p1a: Exeggutor\n|-crit|p1a: Exeggutor\n|-resisted|p1a: Exeggutor\n|-damage|p1a: Exeggutor|72/100 slp\n|-unboost|p1a: Exeggutor|spa|1\n|-unboost|p1a: Exeggutor|spd|1\n|\n|upkeep\n|turn|40\n|inactive|Prinz has 240 seconds left.\n|\n|t:|1740305791\n|move|p2a: Gengar|Psychic|p1a: Exeggutor\n|-resisted|p1a: Exeggutor\n|-damage|p1a: Exeggutor|59/100 slp\n|-unboost|p1a: Exeggutor|spa|1\n|-unboost|p1a: Exeggutor|spd|1\n|-curestatus|p1a: Exeggutor|slp|[msg]\n|\n|upkeep\n|turn|41\n|inactive|nicole7735 has 150 seconds left.\n|inactive|Prinz has 210 seconds left.\n|\n|t:|1740305817\n|move|p2a: Gengar|Hypnosis|p1a: Exeggutor|[miss]\n|-miss|p2a: Gengar\n|move|p1a: Exeggutor|Sleep Powder|p2a: Gengar|[miss]\n|-miss|p1a: Exeggutor\n|\n|upkeep\n|turn|42\n|inactive|Prinz has 210 seconds left.\n|\n|t:|1740305830\n|move|p2a: Gengar|Hypnosis|p1a: Exeggutor|[miss]\n|-miss|p2a: Gengar\n|move|p1a: Exeggutor|Sleep Powder|p2a: Gengar\n|-status|p2a: Gengar|slp|[from] move: Sleep Powder\n|\n|upkeep\n|turn|43\n|inactive|nicole7735 has 150 seconds left.\n|\n|t:|1740305845\n|-curestatus|p2a: Gengar|slp|[msg]\n|move|p1a: Exeggutor|Stun Spore|p2a: Gengar\n|-status|p2a: Gengar|par\n|\n|upkeep\n|turn|44\n|inactive|Prinz has 210 seconds left.\n|inactive|nicole7735 has 120 seconds left.\n|inactive|nicole7735 has 90 seconds left.\n|\n|t:|1740305910\n|switch|p1a: Snorlax|Snorlax|40/100 slp\n|cant|p2a: Gengar|par\n|\n|upkeep\n|turn|45\n|\n|t:|1740305923\n|-curestatus|p1a: Snorlax|slp|[msg]\n|move|p2a: Gengar|Hypnosis|p1a: Snorlax|[miss]\n|-miss|p2a: Gengar\n|\n|upkeep\n|turn|46\n|\n|t:|1740305925\n|move|p1a: Snorlax|Earthquake|p2a: Gengar\n|-supereffective|p2a: Gengar\n|-damage|p2a: Gengar|24/100 par\n|cant|p2a: Gengar|par\n|\n|upkeep\n|turn|47\n|inactive|Prinz has 210 seconds left.\n|\n|t:|1740305940\n|switch|p2a: Starmie|Starmie|100/100\n|move|p1a: Snorlax|Earthquake|p2a: Starmie\n|-damage|p2a: Starmie|72/100\n|\n|upkeep\n|turn|48\n|\n|t:|1740305952\n|move|p2a: Starmie|Surf|p1a: Snorlax\n|-damage|p1a: Snorlax|13/100\n|move|p1a: Snorlax|Body Slam|p2a: Starmie\n|-damage|p2a: Starmie|37/100\n|-status|p2a: Starmie|par\n|\n|upkeep\n|turn|49\n|inactive|Prinz has 210 seconds left.\n|\n|t:|1740305967\n|move|p1a: Snorlax|Body Slam|p2a: Starmie\n|-damage|p2a: Starmie|0 fnt\n|faint|p2a: Starmie\n|\n|t:|1740305971\n|switch|p2a: Tauros|Tauros|47/100\n|turn|50\n|inactive|nicole7735 has 120 seconds left.\n|\n|t:|1740305982\n|move|p2a: Tauros|Body Slam|p1a: Snorlax\n|-damage|p1a: Snorlax|0 fnt\n|faint|p1a: Snorlax\n|\n|t:|1740305987\n|switch|p1a: Zapdos|Zapdos|100/100\n|turn|51\n|\n|t:|1740306004\n|move|p2a: Tauros|Blizzard|p1a: Zapdos|[miss]\n|-miss|p2a: Tauros\n|move|p1a: Zapdos|Thunder Wave|p2a: Tauros\n|-status|p2a: Tauros|par\n|\n|upkeep\n|turn|52\n|\n|t:|1740306009\n|move|p1a: Zapdos|Thunderbolt|p2a: Tauros\n|-damage|p2a: Tauros|0 fnt\n|faint|p2a: Tauros\n|c|☆Prinz|Gg\n|c|☆nicole7735|gg\n|-message|Prinz forfeited.\n|\n|win|nicole7735\n|player|p1|\n|player|p2|\n|player|p1|nicole7735|lady-gen4|\n","uploadtime":1740306013,"views":"2046","formatid":"gen1ou","rating":null,"private":0,"password":null}