{"id":"smogtours-gen1ou-965306","format":"[Gen 1] OU","players":["Laroxyl","mjfblaze"],"log":"|inactive|Battle timer is ON: inactive players will automatically lose when time's up.\n|t:|1787349568\n|gametype|singles\n|player|p1|Laroxyl|#wcop2026italy2|\n|player|p2|mjfblaze|acetrainersnow|\n|gen|1\n|tier|[Gen 1] OU\n|rule|Desync Clause Mod: Desyncs resolve to link battle behavior from the acting player's perspective.\n|rule|HP Percentage Mod: HP is shown in percentages\n|rule|Endless Battle Clause: Forcing endless battles is banned\n|rule|Sleep Clause Mod: Limit one foe put to sleep\n|rule|Freeze Clause Mod: Limit one foe frozen\n|rule|Species Clause: Limit one of each Pokémon\n|rule|OHKO Clause: OHKO moves are banned\n|rule|Evasion Moves Clause: Evasion moves are banned\n|\n|t:|1787349568\n|teamsize|p1|6\n|teamsize|p2|6\n|start\n|switch|p1a: Jynx|Jynx|100/100\n|switch|p2a: Gengar|Gengar|100/100\n|turn|1\n|c|☆mjfblaze|gl hf!\n|c|☆Laroxyl|u2\n|\n|t:|1787349596\n|move|p2a: Gengar|Explosion|p1a: Jynx\n|-damage|p1a: Jynx|0 fnt\n|faint|p1a: Jynx\n|faint|p2a: Gengar\n|\n|t:|1787349606\n|switch|p2a: Jynx|Jynx|100/100\n|switch|p1a: Starmie|Starmie|100/100\n|turn|2\n|\n|t:|1787349613\n|move|p1a: Starmie|Thunder Wave|p2a: Jynx\n|-status|p2a: Jynx|par\n|move|p2a: Jynx|Lovely Kiss|p1a: Starmie|[miss]\n|-miss|p2a: Jynx\n|\n|upkeep\n|turn|3\n|\n|t:|1787349626\n|move|p1a: Starmie|Thunderbolt|p2a: Jynx\n|-damage|p2a: Jynx|78/100 par\n|move|p2a: Jynx|Lovely Kiss|p1a: Starmie\n|-status|p1a: Starmie|slp|[from] move: Lovely Kiss\n|\n|upkeep\n|turn|4\n|\n|t:|1787349652\n|cant|p1a: Starmie|slp\n|move|p2a: Jynx|Psychic|p1a: Starmie\n|-resisted|p1a: Starmie\n|-damage|p1a: Starmie|84/100 slp\n|-unboost|p1a: Starmie|spa|1\n|-unboost|p1a: Starmie|spd|1\n|\n|upkeep\n|turn|5\n|\n|t:|1787349676\n|switch|p1a: Chansey|Chansey|100/100\n|switch|p2a: Tauros|Tauros|100/100\n|\n|upkeep\n|turn|6\n|inactive|Laroxyl has 270 seconds left.\n|\n|t:|1787349700\n|switch|p2a: Jynx|Jynx|78/100 par\n|move|p1a: Chansey|Thunder Wave|p2a: Jynx\n|-fail|p2a: Jynx|par\n|\n|upkeep\n|turn|7\n|\n|t:|1787349709\n|move|p1a: Chansey|Seismic Toss|p2a: Jynx\n|-damage|p2a: Jynx|48/100 par\n|cant|p2a: Jynx|par\n|\n|upkeep\n|turn|8\n|\n|t:|1787349718\n|move|p1a: Chansey|Seismic Toss|p2a: Jynx\n|-damage|p2a: Jynx|18/100 par\n|move|p2a: Jynx|Blizzard|p1a: Chansey\n|-damage|p1a: Chansey|83/100\n|\n|upkeep\n|turn|9\n|\n|t:|1787349733\n|move|p1a: Chansey|Seismic Toss|p2a: Jynx\n|-damage|p2a: Jynx|0 fnt\n|faint|p2a: Jynx\n|inactive|mjfblaze has 270 seconds left.\n|\n|t:|1787349759\n|switch|p2a: Snorlax|Snorlax|100/100\n|turn|10\n|\n|t:|1787349769\n|move|p1a: Chansey|Reflect|p1a: Chansey\n|-start|p1a: Chansey|Reflect\n|move|p2a: Snorlax|Body Slam|p1a: Chansey\n|-damage|p1a: Chansey|60/100\n|\n|upkeep\n|turn|11\n|inactive|mjfblaze has 270 seconds left.\n|\n|t:|1787349811\n|move|p1a: Chansey|Soft-Boiled|p1a: Chansey\n|-heal|p1a: Chansey|100/100\n|move|p2a: Snorlax|Body Slam|p1a: Chansey\n|-damage|p1a: Chansey|81/100\n|\n|upkeep\n|turn|12\n|inactive|mjfblaze has 240 seconds left.\n|\n|t:|1787349833\n|switch|p2a: Alakazam|Alakazam|100/100\n|move|p1a: Chansey|Thunder Wave|p2a: Alakazam\n|-status|p2a: Alakazam|par\n|\n|upkeep\n|turn|13\n|inactive|Laroxyl has 270 seconds left.\n|\n|t:|1787349873\n|switch|p1a: Starmie|Starmie|84/100 slp\n|move|p2a: Alakazam|Psychic|p1a: Starmie\n|-crit|p1a: Starmie\n|-resisted|p1a: Starmie\n|-damage|p1a: Starmie|43/100 slp\n|\n|upkeep\n|turn|14\n|\n|t:|1787349882\n|switch|p1a: Exeggutor|Exeggutor|100/100\n|switch|p2a: Snorlax|Snorlax|100/100\n|\n|upkeep\n|turn|15\n|\n|t:|1787349889\n|switch|p2a: Alakazam|Alakazam|100/100 par\n|move|p1a: Exeggutor|Psychic|p2a: Alakazam\n|-resisted|p2a: Alakazam\n|-damage|p2a: Alakazam|84/100 par\n|\n|upkeep\n|turn|16\n|\n|t:|1787349904\n|move|p1a: Exeggutor|Psychic|p2a: Alakazam\n|-crit|p2a: Alakazam\n|-resisted|p2a: Alakazam\n|-damage|p2a: Alakazam|54/100 par\n|-unboost|p2a: Alakazam|spa|1\n|-unboost|p2a: Alakazam|spd|1\n|move|p2a: Alakazam|Thunder Wave|p1a: Exeggutor\n|-status|p1a: Exeggutor|par\n|\n|upkeep\n|turn|17\n|\n|t:|1787349910\n|move|p1a: Exeggutor|Psychic|p2a: Alakazam\n|-resisted|p2a: Alakazam\n|-damage|p2a: Alakazam|28/100 par\n|move|p2a: Alakazam|Recover|p2a: Alakazam\n|-heal|p2a: Alakazam|78/100 par\n|\n|upkeep\n|turn|18\n|inactive|mjfblaze has 270 seconds left.\n|\n|t:|1787349917\n|move|p1a: Exeggutor|Psychic|p2a: Alakazam\n|-resisted|p2a: Alakazam\n|-damage|p2a: Alakazam|52/100 par\n|cant|p2a: Alakazam|par\n|\n|upkeep\n|turn|19\n|\n|t:|1787349921\n|move|p1a: Exeggutor|Psychic|p2a: Alakazam\n|-resisted|p2a: Alakazam\n|-damage|p2a: Alakazam|29/100 par\n|cant|p2a: Alakazam|par\n|\n|upkeep\n|turn|20\n|\n|t:|1787349926\n|move|p1a: Exeggutor|Psychic|p2a: Alakazam\n|-resisted|p2a: Alakazam\n|-damage|p2a: Alakazam|4/100 par\n|move|p2a: Alakazam|Recover|p2a: Alakazam\n|-heal|p2a: Alakazam|54/100 par\n|\n|upkeep\n|turn|21\n|\n|t:|1787349930\n|cant|p1a: Exeggutor|par\n|move|p2a: Alakazam|Recover|p2a: Alakazam\n|-heal|p2a: Alakazam|100/100 par\n|\n|upkeep\n|turn|22\n|\n|t:|1787349933\n|cant|p1a: Exeggutor|par\n|move|p2a: Alakazam|Seismic Toss|p1a: Exeggutor\n|-damage|p1a: Exeggutor|75/100 par\n|\n|upkeep\n|turn|23\n|\n|t:|1787349937\n|move|p1a: Exeggutor|Psychic|p2a: Alakazam\n|-resisted|p2a: Alakazam\n|-damage|p2a: Alakazam|75/100 par\n|move|p2a: Alakazam|Seismic Toss|p1a: Exeggutor\n|-damage|p1a: Exeggutor|50/100 par\n|\n|upkeep\n|turn|24\n|\n|t:|1787349941\n|cant|p1a: Exeggutor|par\n|move|p2a: Alakazam|Seismic Toss|p1a: Exeggutor\n|-damage|p1a: Exeggutor|24/100 par\n|\n|upkeep\n|turn|25\n|\n|t:|1787349946\n|move|p1a: Exeggutor|Explosion|p2a: Alakazam\n|-damage|p2a: Alakazam|0 fnt\n|faint|p2a: Alakazam\n|faint|p1a: Exeggutor\n|inactive|mjfblaze has 270 seconds left.\n|\n|t:|1787349993\n|switch|p2a: Snorlax|Snorlax|100/100\n|switch|p1a: Snorlax|Snorlax|100/100\n|turn|26\n|\n|t:|1787350009\n|switch|p1a: Starmie|Starmie|43/100 slp\n|move|p2a: Snorlax|Body Slam|p1a: Starmie\n|-damage|p1a: Starmie|6/100 slp\n|\n|upkeep\n|turn|27\n|\n|t:|1787350014\n|cant|p1a: Starmie|slp\n|move|p2a: Snorlax|Body Slam|p1a: Starmie\n|-damage|p1a: Starmie|0 fnt\n|faint|p1a: Starmie\n|\n|t:|1787350015\n|switch|p1a: Chansey|Chansey|81/100\n|turn|28\n|\n|t:|1787350021\n|move|p1a: Chansey|Reflect|p1a: Chansey\n|-start|p1a: Chansey|Reflect\n|move|p2a: Snorlax|Self-Destruct|p1a: Chansey\n|-damage|p1a: Chansey|16/100\n|faint|p2a: Snorlax\n|\n|t:|1787350023\n|switch|p2a: Persian|Persian|100/100\n|turn|29\n|\n|t:|1787350038\n|move|p2a: Persian|Slash|p1a: Chansey\n|-crit|p1a: Chansey\n|-damage|p1a: Chansey|0 fnt\n|faint|p1a: Chansey\n|inactive|Laroxyl has 270 seconds left.\n|inactive|Laroxyl has 240 seconds left.\n|\n|t:|1787350107\n|switch|p1a: Snorlax|Snorlax|100/100\n|turn|30\n|inactive|mjfblaze has 270 seconds left.\n|inactive|Laroxyl has 210 seconds left.\n|inactive|mjfblaze has 240 seconds left.\n|\n|t:|1787350195\n|move|p2a: Persian|Growl|p1a: Snorlax\n|-unboost|p1a: Snorlax|atk|1\n|move|p1a: Snorlax|Counter|p2a: Persian\n|-fail|p1a: Snorlax\n|\n|upkeep\n|turn|31\n|\n|t:|1787350204\n|move|p2a: Persian|Slash|p1a: Snorlax\n|-crit|p1a: Snorlax\n|-damage|p1a: Snorlax|70/100\n|move|p1a: Snorlax|Body Slam|p2a: Persian\n|-damage|p2a: Persian|71/100\n|\n|upkeep\n|turn|32\n|inactive|Laroxyl has 210 seconds left.\n|\n|t:|1787350231\n|move|p2a: Persian|Thunderbolt|p1a: Snorlax\n|-crit|p1a: Snorlax\n|-damage|p1a: Snorlax|43/100\n|move|p1a: Snorlax|Counter|p2a: Persian\n|-fail|p1a: Snorlax\n|\n|upkeep\n|turn|33\n|inactive|Laroxyl has 210 seconds left.\n|\n|t:|1787350264\n|move|p2a: Persian|Thunderbolt|p1a: Snorlax\n|-damage|p1a: Snorlax|29/100\n|move|p1a: Snorlax|Self-Destruct|p2a: Persian\n|-crit|p2a: Persian\n|-damage|p2a: Persian|0 fnt\n|faint|p2a: Persian\n|faint|p1a: Snorlax\n|inactive|mjfblaze has 210 seconds left.\n|\n|t:|1787350282\n|switch|p2a: Tauros|Tauros|100/100\n|switch|p1a: Tauros|Tauros|100/100\n|turn|34\n|\n|t:|1787350291\n|move|p1a: Tauros|Body Slam|p2a: Tauros\n|-crit|p2a: Tauros\n|-damage|p2a: Tauros|48/100\n|move|p2a: Tauros|Body Slam|p1a: Tauros\n|-damage|p1a: Tauros|69/100\n|\n|upkeep\n|turn|35\n|inactive|mjfblaze has 210 seconds left.\n|\n|t:|1787350309\n|move|p2a: Tauros|Hyper Beam|p1a: Tauros\n|-damage|p1a: Tauros|20/100\n|-mustrecharge|p2a: Tauros\n|move|p1a: Tauros|Hyper Beam|p2a: Tauros\n|-damage|p2a: Tauros|0 fnt\n|faint|p2a: Tauros\n|\n|win|Laroxyl\n","uploadtime":1787350309,"views":"85","formatid":"gen1ou","rating":null,"private":0,"password":null}