{"id":"smogtours-gen1ou-953178","format":"[Gen 1] OU","players":["Soda Krys","Deezcastforms"],"log":"|inactive|Battle timer is ON: inactive players will automatically lose when time's up.\n|t:|1783213515\n|gametype|singles\n|player|p1|Soda Krys|266|\n|player|p2|Deezcastforms|#adpl8|\n|gen|1\n|tier|[Gen 1] OU\n|rule|Desync Clause Mod: Desyncs changed to move failure.\n|rule|HP Percentage Mod: HP is shown in percentages\n|rule|Endless Battle Clause: Forcing endless battles is banned\n|rule|Sleep Clause Mod: Limit one foe put to sleep\n|rule|Freeze Clause Mod: Limit one foe frozen\n|rule|Species Clause: Limit one of each Pokémon\n|rule|OHKO Clause: OHKO moves are banned\n|rule|Evasion Moves Clause: Evasion moves are banned\n|\n|t:|1783213515\n|teamsize|p1|6\n|teamsize|p2|6\n|start\n|switch|p1a: Jynx|Jynx|100/100\n|switch|p2a: Gengar|Gengar|100/100\n|turn|1\n|\n|t:|1783213533\n|move|p2a: Gengar|Explosion|p1a: Jynx\n|-damage|p1a: Jynx|0 fnt\n|faint|p1a: Jynx\n|faint|p2a: Gengar\n|c|☆Soda Krys|good luck\n|c|☆Deezcastforms|hf\n|\n|t:|1783213541\n|switch|p2a: Jynx|Jynx|100/100\n|switch|p1a: Venusaur|Venusaur|100/100\n|turn|2\n|\n|t:|1783213548\n|switch|p1a: Chansey|Chansey|100/100\n|move|p2a: Jynx|Lovely Kiss|p1a: Chansey|[miss]\n|-miss|p2a: Jynx\n|\n|upkeep\n|turn|3\n|\n|t:|1783213552\n|move|p2a: Jynx|Lovely Kiss|p1a: Chansey\n|-status|p1a: Chansey|slp|[from] move: Lovely Kiss\n|cant|p1a: Chansey|slp\n|\n|upkeep\n|turn|4\n|\n|t:|1783213580\n|switch|p1a: Starmie|Starmie|100/100\n|move|p2a: Jynx|Psychic|p1a: Starmie\n|-crit|p1a: Starmie\n|-resisted|p1a: Starmie\n|-damage|p1a: Starmie|70/100\n|-unboost|p1a: Starmie|spa|1\n|-unboost|p1a: Starmie|spd|1\n|\n|upkeep\n|turn|5\n|\n|t:|1783213583\n|move|p1a: Starmie|Thunder Wave|p2a: Jynx\n|-status|p2a: Jynx|par\n|move|p2a: Jynx|Blizzard|p1a: Starmie\n|-crit|p1a: Starmie\n|-resisted|p1a: Starmie\n|-damage|p1a: Starmie|29/100\n|\n|upkeep\n|turn|6\n|\n|t:|1783213589\n|move|p1a: Starmie|Recover|p1a: Starmie\n|-heal|p1a: Starmie|79/100\n|move|p2a: Jynx|Blizzard|p1a: Starmie\n|-resisted|p1a: Starmie\n|-damage|p1a: Starmie|44/100\n|\n|upkeep\n|turn|7\n|\n|t:|1783213595\n|move|p1a: Starmie|Recover|p1a: Starmie\n|-heal|p1a: Starmie|94/100\n|move|p2a: Jynx|Blizzard|p1a: Starmie\n|-resisted|p1a: Starmie\n|-damage|p1a: Starmie|64/100\n|\n|upkeep\n|turn|8\n|\n|t:|1783213612\n|switch|p1a: Chansey|Chansey|100/100 slp\n|switch|p2a: Exeggutor|Exeggutor|100/100\n|\n|upkeep\n|turn|9\n|\n|t:|1783213627\n|move|p2a: Exeggutor|Psychic|p1a: Chansey\n|-damage|p1a: Chansey|82/100 slp\n|cant|p1a: Chansey|slp\n|\n|upkeep\n|turn|10\n|\n|t:|1783213645\n|move|p2a: Exeggutor|Psychic|p1a: Chansey\n|-crit|p1a: Chansey\n|-damage|p1a: Chansey|50/100 slp\n|-unboost|p1a: Chansey|spa|1\n|-unboost|p1a: Chansey|spd|1\n|cant|p1a: Chansey|slp\n|\n|upkeep\n|turn|11\n|\n|t:|1783213647\n|switch|p1a: Starmie|Starmie|64/100\n|move|p2a: Exeggutor|Psychic|p1a: Starmie\n|-resisted|p1a: Starmie\n|-damage|p1a: Starmie|45/100\n|\n|upkeep\n|turn|12\n|inactive|Soda Krys has 270 seconds left.\n|\n|t:|1783213698\n|move|p1a: Starmie|Thunder Wave|p2a: Exeggutor\n|-status|p2a: Exeggutor|par\n|move|p2a: Exeggutor|Stun Spore|p1a: Starmie\n|-status|p1a: Starmie|par\n|\n|upkeep\n|turn|13\n|\n|t:|1783213721\n|switch|p2a: Snorlax|Snorlax|100/100\n|move|p1a: Starmie|Recover|p1a: Starmie\n|-heal|p1a: Starmie|95/100 par\n|\n|upkeep\n|turn|14\n|\n|t:|1783213728\n|move|p2a: Snorlax|Body Slam|p1a: Starmie\n|-damage|p1a: Starmie|60/100 par\n|cant|p1a: Starmie|par\n|\n|upkeep\n|turn|15\n|\n|t:|1783213738\n|move|p2a: Snorlax|Body Slam|p1a: Starmie\n|-damage|p1a: Starmie|26/100 par\n|move|p1a: Starmie|Thunder Wave|p2a: Snorlax\n|-status|p2a: Snorlax|par\n|\n|upkeep\n|turn|16\n|\n|t:|1783213745\n|move|p1a: Starmie|Recover|p1a: Starmie\n|-heal|p1a: Starmie|75/100 par\n|cant|p2a: Snorlax|par\n|\n|upkeep\n|turn|17\n|\n|t:|1783213752\n|move|p1a: Starmie|Surf|p2a: Snorlax\n|-damage|p2a: Snorlax|71/100 par\n|move|p2a: Snorlax|Body Slam|p1a: Starmie\n|-damage|p1a: Starmie|39/100 par\n|\n|upkeep\n|turn|18\n|\n|t:|1783213767\n|move|p1a: Starmie|Recover|p1a: Starmie\n|-heal|p1a: Starmie|89/100 par\n|move|p2a: Snorlax|Body Slam|p1a: Starmie\n|-damage|p1a: Starmie|55/100 par\n|\n|upkeep\n|turn|19\n|\n|t:|1783213773\n|move|p1a: Starmie|Recover|p1a: Starmie\n|-heal|p1a: Starmie|100/100 par\n|cant|p2a: Snorlax|par\n|\n|upkeep\n|turn|20\n|\n|t:|1783213777\n|switch|p2a: Exeggutor|Exeggutor|100/100 par\n|cant|p1a: Starmie|par\n|\n|upkeep\n|turn|21\n|\n|t:|1783213782\n|switch|p1a: Chansey|Chansey|50/100 slp\n|move|p2a: Exeggutor|Psychic|p1a: Chansey\n|-damage|p1a: Chansey|33/100 slp\n|-unboost|p1a: Chansey|spa|1\n|-unboost|p1a: Chansey|spd|1\n|\n|upkeep\n|turn|22\n|\n|t:|1783213789\n|switch|p2a: Tauros|Tauros|100/100\n|cant|p1a: Chansey|slp\n|\n|upkeep\n|turn|23\n|\n|t:|1783213791\n|switch|p1a: Golem|Golem|100/100\n|move|p2a: Tauros|Body Slam|p1a: Golem\n|-crit|p1a: Golem\n|-resisted|p1a: Golem\n|-damage|p1a: Golem|80/100\n|\n|upkeep\n|turn|24\n|\n|t:|1783213799\n|switch|p1a: Tauros|Tauros|100/100\n|move|p2a: Tauros|Blizzard|p1a: Tauros\n|-damage|p1a: Tauros|75/100\n|\n|upkeep\n|turn|25\n|\n|t:|1783213824\n|move|p1a: Tauros|Body Slam|p2a: Tauros\n|-damage|p2a: Tauros|73/100\n|move|p2a: Tauros|Body Slam|p1a: Tauros\n|-damage|p1a: Tauros|43/100\n|\n|upkeep\n|turn|26\n|inactive|Deezcastforms has 270 seconds left.\n|\n|t:|1783213840\n|switch|p2a: Exeggutor|Exeggutor|100/100 par\n|move|p1a: Tauros|Body Slam|p2a: Exeggutor\n|-damage|p2a: Exeggutor|74/100 par\n|\n|upkeep\n|turn|27\n|\n|t:|1783213849\n|move|p1a: Tauros|Body Slam|p2a: Exeggutor\n|-damage|p2a: Exeggutor|45/100 par\n|move|p2a: Exeggutor|Psychic|p1a: Tauros\n|-damage|p1a: Tauros|2/100\n|\n|upkeep\n|turn|28\n|inactive|Deezcastforms has 270 seconds left.\n|\n|t:|1783213877\n|switch|p2a: Jynx|Jynx|100/100 par\n|move|p1a: Tauros|Hyper Beam|p2a: Jynx\n|-damage|p2a: Jynx|0 fnt\n|faint|p2a: Jynx\n|\n|t:|1783213895\n|switch|p2a: Tauros|Tauros|73/100\n|turn|29\n|\n|t:|1783213899\n|switch|p1a: Chansey|Chansey|33/100 slp\n|move|p2a: Tauros|Body Slam|p1a: Chansey\n|-crit|p1a: Chansey\n|-damage|p1a: Chansey|0 fnt\n|faint|p1a: Chansey\n|\n|t:|1783213901\n|switch|p1a: Venusaur|Venusaur|100/100\n|turn|30\n|inactive|Deezcastforms has 270 seconds left.\n|inactive|Deezcastforms has 240 seconds left.\n|inactive|Deezcastforms has 210 seconds left.\n|\n|t:|1783213975\n|switch|p2a: Snorlax|Snorlax|71/100 par\n|move|p1a: Venusaur|Swords Dance|p1a: Venusaur\n|-boost|p1a: Venusaur|atk|2\n|\n|upkeep\n|turn|31\n|inactive|Deezcastforms has 210 seconds left.\n|\n|t:|1783213982\n|move|p1a: Venusaur|Razor Leaf|p2a: Snorlax\n|-crit|p2a: Snorlax\n|-damage|p2a: Snorlax|40/100 par\n|move|p2a: Snorlax|Self-Destruct|p1a: Venusaur\n|-damage|p1a: Venusaur|7/100\n|faint|p2a: Snorlax\n|inactive|Deezcastforms has 210 seconds left.\n|\n|t:|1783214008\n|switch|p2a: Tauros|Tauros|73/100\n|turn|32\n|\n|t:|1783214015\n|move|p2a: Tauros|Earthquake|p1a: Venusaur\n|-damage|p1a: Venusaur|0 fnt\n|faint|p1a: Venusaur\n|\n|t:|1783214018\n|switch|p1a: Starmie|Starmie|100/100 par\n|turn|33\n|\n|t:|1783214031\n|switch|p2a: Exeggutor|Exeggutor|45/100 par\n|move|p1a: Starmie|Surf|p2a: Exeggutor\n|-resisted|p2a: Exeggutor\n|-damage|p2a: Exeggutor|33/100 par\n|\n|upkeep\n|turn|34\n|\n|t:|1783214041\n|switch|p1a: Golem|Golem|80/100\n|move|p2a: Exeggutor|Explosion|p1a: Golem\n|-resisted|p1a: Golem\n|-damage|p1a: Golem|51/100\n|faint|p2a: Exeggutor\n|\n|t:|1783214046\n|switch|p2a: Tauros|Tauros|73/100\n|turn|35\n|\n|t:|1783214048\n|switch|p1a: Tauros|Tauros|2/100\n|move|p2a: Tauros|Blizzard|p1a: Tauros\n|-damage|p1a: Tauros|0 fnt\n|faint|p1a: Tauros\n|\n|t:|1783214050\n|switch|p1a: Starmie|Starmie|100/100 par\n|turn|36\n|inactive|Deezcastforms has 210 seconds left.\n|\n|t:|1783214076\n|switch|p2a: Zapdos|Zapdos|100/100\n|move|p1a: Starmie|Thunder Wave|p2a: Zapdos\n|-status|p2a: Zapdos|par\n|\n|upkeep\n|turn|37\n|inactive|Deezcastforms has 210 seconds left.\n|inactive|Deezcastforms has 180 seconds left.\n|\n|t:|1783214137\n|move|p1a: Starmie|Thunder Wave|p2a: Zapdos\n|-fail|p2a: Zapdos|par\n|move|p2a: Zapdos|Thunderbolt|p1a: Starmie\n|-supereffective|p1a: Starmie\n|-damage|p1a: Starmie|15/100 par\n|\n|upkeep\n|turn|38\n|inactive|Deezcastforms has 150 seconds left.\n|inactive|Deezcastforms has 120 seconds left.\n|\n|t:|1783214208\n|move|p1a: Starmie|Thunder Wave|p2a: Zapdos\n|-fail|p2a: Zapdos|par\n|cant|p2a: Zapdos|par\n|\n|upkeep\n|turn|39\n|\n|t:|1783214211\n|move|p1a: Starmie|Recover|p1a: Starmie\n|-heal|p1a: Starmie|65/100 par\n|move|p2a: Zapdos|Thunderbolt|p1a: Starmie\n|-supereffective|p1a: Starmie\n|-damage|p1a: Starmie|0 fnt\n|faint|p1a: Starmie\n|\n|t:|1783214212\n|switch|p1a: Golem|Golem|51/100\n|turn|40\n|\n|t:|1783214234\n|move|p1a: Golem|Earthquake|p2a: Zapdos\n|-immune|p2a: Zapdos\n|move|p2a: Zapdos|Drill Peck|p1a: Golem\n|-resisted|p1a: Golem\n|-damage|p1a: Golem|42/100\n|\n|upkeep\n|turn|41\n|\n|t:|1783214252\n|move|p1a: Golem|Rock Slide|p2a: Zapdos\n|-supereffective|p2a: Zapdos\n|-damage|p2a: Zapdos|44/100 par\n|cant|p2a: Zapdos|par\n|\n|upkeep\n|turn|42\n|\n|t:|1783214257\n|move|p1a: Golem|Earthquake|p2a: Zapdos\n|-immune|p2a: Zapdos\n|move|p2a: Zapdos|Drill Peck|p1a: Golem\n|-crit|p1a: Golem\n|-resisted|p1a: Golem\n|-damage|p1a: Golem|23/100\n|\n|upkeep\n|turn|43\n|\n|t:|1783214259\n|move|p1a: Golem|Earthquake|p2a: Zapdos\n|-immune|p2a: Zapdos\n|cant|p2a: Zapdos|par\n|\n|upkeep\n|turn|44\n|\n|t:|1783214261\n|move|p1a: Golem|Rock Slide|p2a: Zapdos\n|-supereffective|p2a: Zapdos\n|-damage|p2a: Zapdos|0 fnt\n|faint|p2a: Zapdos\n|\n|t:|1783214262\n|switch|p2a: Tauros|Tauros|73/100\n|turn|45\n|\n|t:|1783214263\n|move|p2a: Tauros|Earthquake|p1a: Golem\n|-crit|p1a: Golem\n|-supereffective|p1a: Golem\n|-damage|p1a: Golem|0 fnt\n|faint|p1a: Golem\n|\n|win|Deezcastforms\n|player|p1|\n|c|☆Deezcastforms|ggs\n","uploadtime":1783214263,"views":"94","formatid":"gen1ou","rating":null,"private":0,"password":null}