{"id":"smogtours-gen1ou-913309","format":"[Gen 1] OU","players":["Serpi n_n","nicole7735"],"log":"|inactive|Battle timer is ON: inactive players will automatically lose when time's up.\n|t:|1772348531\n|gametype|singles\n|player|p1|Serpi n_n|#splxviibigs2|\n|player|p2|nicole7735|#splxviiscooters|\n|gen|1\n|tier|[Gen 1] OU\n|rule|Desync Clause Mod: Desyncs changed to move failure.\n|rule|Sleep Clause Mod: Limit one foe put to sleep\n|rule|Freeze Clause Mod: Limit one foe frozen\n|rule|Species Clause: Limit one of each Pokémon\n|rule|OHKO Clause: OHKO moves are banned\n|rule|Evasion Moves Clause: Evasion moves are banned\n|rule|Endless Battle Clause: Forcing endless battles is banned\n|rule|HP Percentage Mod: HP is shown in percentages\n|\n|t:|1772348531\n|teamsize|p1|6\n|teamsize|p2|6\n|start\n|switch|p1a: Jynx|Jynx|100/100\n|switch|p2a: Alakazam|Alakazam|100/100\n|turn|1\n|c|☆nicole7735|hf\n|c|☆Serpi n_n|u2\n|inactive|Serpi n_n has 270 seconds left.\n|inactive|nicole7735 has 270 seconds left.\n|inactive|Serpi n_n has 240 seconds left.\n|\n|t:|1772348615\n|move|p2a: Alakazam|Thunder Wave|p1a: Jynx\n|-status|p1a: Jynx|par\n|move|p1a: Jynx|Lovely Kiss|p2a: Alakazam\n|-status|p2a: Alakazam|slp|[from] move: Lovely Kiss\n|\n|upkeep\n|turn|2\n|\n|t:|1772348627\n|switch|p2a: Chansey|Chansey|100/100\n|move|p1a: Jynx|Blizzard|p2a: Chansey\n|-crit|p2a: Chansey\n|-damage|p2a: Chansey|66/100\n|\n|upkeep\n|turn|3\n|inactive|Serpi n_n has 270 seconds left.\n|rated|Smogon Premier League\n|\n|t:|1772348674\n|move|p2a: Chansey|Thunderbolt|p1a: Jynx\n|-damage|p1a: Jynx|75/100 par\n|move|p1a: Jynx|Blizzard|p2a: Chansey\n|-damage|p2a: Chansey|48/100\n|\n|upkeep\n|turn|4\n|inactive|Serpi n_n has 240 seconds left.\n|\n|t:|1772348690\n|move|p2a: Chansey|Thunderbolt|p1a: Jynx\n|-damage|p1a: Jynx|52/100 par\n|move|p1a: Jynx|Blizzard|p2a: Chansey\n|-damage|p2a: Chansey|27/100\n|\n|upkeep\n|turn|5\n|inactive|Serpi n_n has 240 seconds left.\n|\n|t:|1772348706\n|move|p2a: Chansey|Soft-Boiled|p2a: Chansey\n|-heal|p2a: Chansey|77/100\n|move|p1a: Jynx|Blizzard|p2a: Chansey\n|-damage|p2a: Chansey|57/100\n|-status|p2a: Chansey|frz\n|\n|upkeep\n|turn|6\n|inactive|Serpi n_n has 240 seconds left.\n|inactive|nicole7735 has 270 seconds left.\n|inactive|Serpi n_n has 210 seconds left.\n|inactive|nicole7735 has 240 seconds left.\n|\n|t:|1772348781\n|switch|p2a: Starmie|Starmie|100/100\n|switch|p1a: Chansey|Chansey|100/100\n|\n|upkeep\n|turn|7\n|inactive|Serpi n_n has 210 seconds left.\n|inactive|nicole7735 has 210 seconds left.\n|\n|t:|1772348817\n|switch|p2a: Chansey|Chansey|57/100 frz\n|switch|p1a: Tauros|Tauros|100/100\n|\n|upkeep\n|turn|8\n|\n|t:|1772348825\n|move|p1a: Tauros|Body Slam|p2a: Chansey\n|-crit|p2a: Chansey\n|-damage|p2a: Chansey|0 fnt\n|faint|p2a: Chansey\n|\n|t:|1772348828\n|switch|p2a: Exeggutor|Exeggutor|100/100\n|turn|9\n|inactive|Serpi n_n has 210 seconds left.\n|\n|t:|1772348836\n|switch|p1a: Jynx|Jynx|52/100 par\n|move|p2a: Exeggutor|Psychic|p1a: Jynx\n|-resisted|p1a: Jynx\n|-damage|p1a: Jynx|34/100 par\n|\n|upkeep\n|turn|10\n|inactive|Serpi n_n has 210 seconds left.\n|inactive|nicole7735 has 210 seconds left.\n|\n|t:|1772348869\n|switch|p2a: Starmie|Starmie|100/100\n|move|p1a: Jynx|Rest|p1a: Jynx\n|-status|p1a: Jynx|slp|[from] move: Rest\n|-heal|p1a: Jynx|100/100 slp|[silent]\n|\n|upkeep\n|turn|11\n|inactive|nicole7735 has 210 seconds left.\n|\n|t:|1772348890\n|switch|p2a: Exeggutor|Exeggutor|100/100\n|cant|p1a: Jynx|slp\n|\n|upkeep\n|turn|12\n|inactive|nicole7735 has 210 seconds left.\n|inactive|Serpi n_n has 180 seconds left.\n|\n|t:|1772348908\n|move|p2a: Exeggutor|Sleep Powder|p1a: Jynx\n|-fail|p1a: Jynx|slp\n|-curestatus|p1a: Jynx|slp|[msg]\n|\n|upkeep\n|turn|13\n|\n|t:|1772348918\n|move|p2a: Exeggutor|Sleep Powder|p1a: Jynx\n|-status|p1a: Jynx|slp|[from] move: Sleep Powder\n|-curestatus|p1a: Jynx|slp|[msg]\n|\n|upkeep\n|turn|14\n|\n|t:|1772348920\n|move|p2a: Exeggutor|Sleep Powder|p1a: Jynx|[miss]\n|-miss|p2a: Exeggutor\n|move|p1a: Jynx|Blizzard|p2a: Exeggutor\n|-supereffective|p2a: Exeggutor\n|-damage|p2a: Exeggutor|36/100\n|\n|upkeep\n|turn|15\n|\n|t:|1772348924\n|move|p2a: Exeggutor|Sleep Powder|p1a: Jynx\n|-status|p1a: Jynx|slp|[from] move: Sleep Powder\n|cant|p1a: Jynx|slp\n|\n|upkeep\n|turn|16\n|inactive|Serpi n_n has 210 seconds left.\n|inactive|nicole7735 has 240 seconds left.\n|\n|t:|1772348947\n|switch|p1a: Exeggutor|Exeggutor|100/100\n|move|p2a: Exeggutor|Stun Spore|p1a: Exeggutor|[miss]\n|-miss|p2a: Exeggutor\n|\n|upkeep\n|turn|17\n|inactive|nicole7735 has 240 seconds left.\n|inactive|Serpi n_n has 180 seconds left.\n|inactive|nicole7735 has 210 seconds left.\n|\n|t:|1772349008\n|move|p1a: Exeggutor|Psychic|p2a: Exeggutor\n|-resisted|p2a: Exeggutor\n|-damage|p2a: Exeggutor|22/100\n|move|p2a: Exeggutor|Stun Spore|p1a: Exeggutor\n|-status|p1a: Exeggutor|par\n|\n|upkeep\n|turn|18\n|inactive|nicole7735 has 180 seconds left.\n|inactive|Serpi n_n has 150 seconds left.\n|inactive|nicole7735 has 150 seconds left.\n|\n|t:|1772349086\n|switch|p2a: Starmie|Starmie|100/100\n|move|p1a: Exeggutor|Stun Spore|p2a: Starmie\n|-status|p2a: Starmie|par\n|\n|upkeep\n|turn|19\n|inactive|Serpi n_n has 120 seconds left.\n|inactive|Serpi n_n has 90 seconds left.\n|\n|t:|1772349161\n|switch|p1a: Jynx|Jynx|100/100 slp\n|move|p2a: Starmie|Blizzard|p1a: Jynx\n|-resisted|p1a: Jynx\n|-damage|p1a: Jynx|86/100 slp\n|\n|upkeep\n|turn|20\n|inactive|Serpi n_n has 60 seconds left.\n|inactive|nicole7735 has 120 seconds left.\n|\n|t:|1772349190\n|switch|p2a: Tauros|Tauros|100/100\n|cant|p1a: Jynx|slp\n|\n|upkeep\n|turn|21\n|inactive|Serpi n_n has 30 seconds left.\n|inactive|Serpi n_n has 20 seconds left.\n|\n|t:|1772349232\n|switch|p1a: Rhydon|Rhydon|100/100\n|move|p2a: Tauros|Body Slam|p1a: Rhydon\n|-resisted|p1a: Rhydon\n|-damage|p1a: Rhydon|90/100\n|\n|upkeep\n|turn|22\n|inactive|Serpi n_n has 30 seconds left this turn.\n|inactive|Serpi n_n has 20 seconds left.\n|inactive|Serpi n_n has 15 seconds left.\n|inactive|nicole7735 has 120 seconds left.\n|inactive|Serpi n_n has 10 seconds left.\n|\n|t:|1772349255\n|switch|p1a: Cloyster|Cloyster|100/100\n|move|p2a: Tauros|Blizzard|p1a: Cloyster\n|-resisted|p1a: Cloyster\n|-damage|p1a: Cloyster|94/100\n|\n|upkeep\n|turn|23\n|inactive|Serpi n_n has 20 seconds left this turn.\n|inactive|nicole7735 has 120 seconds left.\n|\n|t:|1772349271\n|switch|p2a: Starmie|Starmie|100/100 par\n|move|p1a: Cloyster|Blizzard|p2a: Starmie\n|-resisted|p2a: Starmie\n|-damage|p2a: Starmie|81/100 par\n|\n|upkeep\n|turn|24\n|inactive|Serpi n_n has 30 seconds left this turn.\n|inactive|Serpi n_n has 20 seconds left.\n|inactive|Serpi n_n has 15 seconds left.\n|\n|t:|1772349299\n|switch|p1a: Chansey|Chansey|100/100\n|move|p2a: Starmie|Thunder Wave|p1a: Chansey\n|-status|p1a: Chansey|par\n|\n|upkeep\n|turn|25\n|inactive|Serpi n_n has 25 seconds left this turn.\n|inactive|Serpi n_n has 20 seconds left.\n|inactive|Serpi n_n has 15 seconds left.\n|inactive|Serpi n_n has 10 seconds left.\n|inactive|nicole7735 has 90 seconds left.\n|\n|t:|1772349327\n|switch|p2a: Snorlax|Snorlax|100/100\n|move|p1a: Chansey|Thunderbolt|p2a: Snorlax\n|-damage|p2a: Snorlax|80/100\n|\n|upkeep\n|turn|26\n|inactive|Serpi n_n has 20 seconds left this turn.\n|inactive|Serpi n_n has 15 seconds left.\n|inactive|Serpi n_n has 10 seconds left.\n|\n|t:|1772349339\n|switch|p1a: Rhydon|Rhydon|90/100\n|move|p2a: Snorlax|Earthquake|p1a: Rhydon\n|-supereffective|p1a: Rhydon\n|-damage|p1a: Rhydon|56/100\n|\n|upkeep\n|turn|27\n|inactive|Serpi n_n has 20 seconds left this turn.\n|\n|t:|1772349349\n|move|p1a: Rhydon|Earthquake|p2a: Snorlax\n|-damage|p2a: Snorlax|43/100\n|move|p2a: Snorlax|Earthquake|p1a: Rhydon\n|-supereffective|p1a: Rhydon\n|-damage|p1a: Rhydon|20/100\n|\n|upkeep\n|turn|28\n|inactive|Serpi n_n has 30 seconds left this turn.\n|inactive|nicole7735 has 90 seconds left.\n|\n|t:|1772349361\n|move|p1a: Rhydon|Earthquake|p2a: Snorlax\n|-damage|p2a: Snorlax|6/100\n|move|p2a: Snorlax|Earthquake|p1a: Rhydon\n|-supereffective|p1a: Rhydon\n|-damage|p1a: Rhydon|0 fnt\n|faint|p1a: Rhydon\n|inactive|Serpi n_n has 30 seconds left this turn.\n|\n|t:|1772349366\n|switch|p1a: Tauros|Tauros|100/100\n|turn|29\n|inactive|nicole7735 has 90 seconds left.\n|inactive|nicole7735 has 60 seconds left.\n|inactive|nicole7735 has 30 seconds left.\n|\n|t:|1772349437\n|switch|p2a: Alakazam|Alakazam|100/100 slp\n|move|p1a: Tauros|Body Slam|p2a: Alakazam\n|-damage|p2a: Alakazam|50/100 slp\n|\n|upkeep\n|turn|30\n|\n|t:|1772349444\n|cant|p2a: Alakazam|slp\n|move|p1a: Tauros|Body Slam|p2a: Alakazam\n|-damage|p2a: Alakazam|0 fnt\n|faint|p2a: Alakazam\n|\n|t:|1772349450\n|switch|p2a: Tauros|Tauros|100/100\n|turn|31\n|\n|t:|1772349459\n|move|p1a: Tauros|Body Slam|p2a: Tauros\n|-crit|p2a: Tauros\n|-damage|p2a: Tauros|44/100\n|move|p2a: Tauros|Body Slam|p1a: Tauros\n|-crit|p1a: Tauros\n|-damage|p1a: Tauros|46/100\n|\n|upkeep\n|turn|32\n|inactive|Serpi n_n has 60 seconds left.\n|inactive|nicole7735 has 30 seconds left.\n|\n|t:|1772349488\n|move|p1a: Tauros|Hyper Beam|p2a: Tauros\n|-crit|p2a: Tauros\n|-damage|p2a: Tauros|0 fnt\n|faint|p2a: Tauros\n|inactive|nicole7735 has 30 seconds left.\n|inactive|nicole7735 has 20 seconds left.\n|inactive|nicole7735 has 15 seconds left.\n|\n|t:|1772349509\n|switch|p2a: Starmie|Starmie|81/100 par\n|turn|33\n|inactive|nicole7735 has 25 seconds left this turn.\n|inactive|nicole7735 has 20 seconds left.\n|inactive|Serpi n_n has 30 seconds left.\n|inactive|Serpi n_n has 20 seconds left.\n|inactive|Serpi n_n has 15 seconds left.\n|\n|t:|1772349553\n|switch|p1a: Chansey|Chansey|100/100 par\n|move|p2a: Starmie|Thunder Wave|p1a: Chansey\n|-fail|p1a: Chansey|par\n|\n|upkeep\n|turn|34\n|inactive|Serpi n_n has 25 seconds left this turn.\n|inactive|nicole7735 has 30 seconds left this turn.\n|\n|t:|1772349558\n|switch|p2a: Snorlax|Snorlax|6/100\n|move|p1a: Chansey|Ice Beam|p2a: Snorlax\n|-damage|p2a: Snorlax|0 fnt\n|faint|p2a: Snorlax\n|c|☆nicole7735|gg\n|inactive|nicole7735 has 30 seconds left.\n|-message|nicole7735 forfeited.\n|\n|win|Serpi n_n\n","uploadtime":1772349564,"views":"988","formatid":"gen1ou","rating":null,"private":0,"password":null}