{"id":"smogtours-gen1ou-911201","format":"[Gen 1] OU","players":["BeeOrSomething","Ct0wn"],"log":"|inactive|Battle timer is ON: inactive players will automatically lose when time's up.\n|t:|1771707682\n|gametype|singles\n|player|p1|BeeOrSomething|#beeorsomething|\n|player|p2|Ct0wn|#splxviiclassiest2|\n|gen|1\n|tier|[Gen 1] OU\n|rule|Desync Clause Mod: Desyncs changed to move failure.\n|rule|Sleep Clause Mod: Limit one foe put to sleep\n|rule|Freeze Clause Mod: Limit one foe frozen\n|rule|Species Clause: Limit one of each Pokémon\n|rule|OHKO Clause: OHKO moves are banned\n|rule|Evasion Moves Clause: Evasion moves are banned\n|rule|Endless Battle Clause: Forcing endless battles is banned\n|rule|HP Percentage Mod: HP is shown in percentages\n|\n|t:|1771707682\n|teamsize|p1|6\n|teamsize|p2|6\n|start\n|switch|p1a: Looksmaxxing|Alakazam|100/100\n|switch|p2a: Jolteon|Jolteon|100/100\n|turn|1\n|c|☆BeeOrSomething|glhf\n|c|☆Ct0wn|U2\n|inactive|Ct0wn has 270 seconds left.\n|\n|t:|1771707717\n|switch|p2a: Exeggutor|Exeggutor|100/100\n|move|p1a: Looksmaxxing|Thunder Wave|p2a: Exeggutor\n|-status|p2a: Exeggutor|par\n|\n|upkeep\n|turn|2\n|\n|t:|1771707722\n|move|p1a: Looksmaxxing|Seismic Toss|p2a: Exeggutor\n|-damage|p2a: Exeggutor|75/100 par\n|cant|p2a: Exeggutor|par\n|\n|upkeep\n|turn|3\n|\n|t:|1771707725\n|move|p1a: Looksmaxxing|Seismic Toss|p2a: Exeggutor\n|-damage|p2a: Exeggutor|50/100 par\n|move|p2a: Exeggutor|Explosion|p1a: Looksmaxxing\n|-damage|p1a: Looksmaxxing|0 fnt\n|faint|p1a: Looksmaxxing\n|faint|p2a: Exeggutor\n|\n|t:|1771707732\n|switch|p1a: Framemogged|Exeggutor|100/100\n|switch|p2a: Jynx|Jynx|100/100\n|turn|4\n|\n|t:|1771707736\n|move|p2a: Jynx|Lovely Kiss|p1a: Framemogged\n|-status|p1a: Framemogged|slp|[from] move: Lovely Kiss\n|cant|p1a: Framemogged|slp\n|\n|upkeep\n|turn|5\n|\n|t:|1771707739\n|switch|p1a: Jestergooning|Chansey|100/100\n|move|p2a: Jynx|Blizzard|p1a: Jestergooning\n|-crit|p1a: Jestergooning\n|-damage|p1a: Jestergooning|67/100\n|\n|upkeep\n|turn|6\n|\n|t:|1771707749\n|move|p2a: Jynx|Blizzard|p1a: Jestergooning\n|-damage|p1a: Jestergooning|48/100\n|move|p1a: Jestergooning|Thunder Wave|p2a: Jynx\n|-status|p2a: Jynx|par\n|\n|upkeep\n|turn|7\n|\n|t:|1771707757\n|move|p1a: Jestergooning|Soft-Boiled|p1a: Jestergooning\n|-heal|p1a: Jestergooning|98/100\n|move|p2a: Jynx|Blizzard|p1a: Jestergooning\n|-crit|p1a: Jestergooning\n|-damage|p1a: Jestergooning|63/100\n|\n|upkeep\n|turn|8\n|\n|t:|1771707761\n|move|p1a: Jestergooning|Seismic Toss|p2a: Jynx\n|-damage|p2a: Jynx|70/100 par\n|move|p2a: Jynx|Blizzard|p1a: Jestergooning\n|-damage|p1a: Jestergooning|43/100\n|\n|upkeep\n|turn|9\n|rated|Smogon Premier League\n|\n|t:|1771707776\n|switch|p2a: Jolteon|Jolteon|100/100\n|move|p1a: Jestergooning|Soft-Boiled|p1a: Jestergooning\n|-heal|p1a: Jestergooning|93/100\n|\n|upkeep\n|turn|10\n|\n|t:|1771707780\n|move|p2a: Jolteon|Thunder Wave|p1a: Jestergooning\n|-status|p1a: Jestergooning|par\n|cant|p1a: Jestergooning|par\n|\n|upkeep\n|turn|11\n|\n|t:|1771707784\n|switch|p2a: Jynx|Jynx|70/100 par\n|move|p1a: Jestergooning|Thunder Wave|p2a: Jynx\n|-fail|p2a: Jynx|par\n|\n|upkeep\n|turn|12\n|\n|t:|1771707787\n|move|p2a: Jynx|Body Slam|p1a: Jestergooning\n|-damage|p1a: Jestergooning|76/100 par\n|move|p1a: Jestergooning|Seismic Toss|p2a: Jynx\n|-damage|p2a: Jynx|40/100 par\n|\n|upkeep\n|turn|13\n|\n|t:|1771707790\n|cant|p2a: Jynx|par\n|cant|p1a: Jestergooning|par\n|\n|upkeep\n|turn|14\n|\n|t:|1771707793\n|move|p2a: Jynx|Blizzard|p1a: Jestergooning\n|-damage|p1a: Jestergooning|56/100 par\n|move|p1a: Jestergooning|Soft-Boiled|p1a: Jestergooning\n|-heal|p1a: Jestergooning|100/100 par\n|\n|upkeep\n|turn|15\n|\n|t:|1771707797\n|cant|p2a: Jynx|par\n|cant|p1a: Jestergooning|par\n|\n|upkeep\n|turn|16\n|\n|t:|1771707801\n|move|p2a: Jynx|Body Slam|p1a: Jestergooning\n|-damage|p1a: Jestergooning|84/100 par\n|move|p1a: Jestergooning|Reflect|p1a: Jestergooning\n|-start|p1a: Jestergooning|Reflect\n|\n|upkeep\n|turn|17\n|\n|t:|1771707807\n|move|p2a: Jynx|Rest|p2a: Jynx\n|-status|p2a: Jynx|slp|[from] move: Rest\n|-heal|p2a: Jynx|100/100 slp|[silent]\n|move|p1a: Jestergooning|Seismic Toss|p2a: Jynx\n|-damage|p2a: Jynx|70/100 slp\n|\n|upkeep\n|turn|18\n|\n|t:|1771707809\n|cant|p2a: Jynx|slp\n|move|p1a: Jestergooning|Seismic Toss|p2a: Jynx\n|-damage|p2a: Jynx|40/100 slp\n|\n|upkeep\n|turn|19\n|\n|t:|1771707812\n|-curestatus|p2a: Jynx|slp|[msg]\n|move|p1a: Jestergooning|Seismic Toss|p2a: Jynx\n|-damage|p2a: Jynx|10/100\n|\n|upkeep\n|turn|20\n|\n|t:|1771707827\n|move|p2a: Jynx|Blizzard|p1a: Jestergooning\n|-damage|p1a: Jestergooning|65/100 par\n|move|p1a: Jestergooning|Seismic Toss|p2a: Jynx\n|-damage|p2a: Jynx|0 fnt\n|faint|p2a: Jynx\n|inactive|Ct0wn has 270 seconds left.\n|\n|t:|1771707874\n|switch|p2a: Starmie|Starmie|100/100\n|turn|21\n|\n|t:|1771707876\n|move|p2a: Starmie|Psychic|p1a: Jestergooning\n|-crit|p1a: Jestergooning\n|-damage|p1a: Jestergooning|37/100 par\n|move|p1a: Jestergooning|Soft-Boiled|p1a: Jestergooning\n|-heal|p1a: Jestergooning|87/100 par\n|\n|upkeep\n|turn|22\n|\n|t:|1771707880\n|move|p2a: Starmie|Psychic|p1a: Jestergooning\n|-damage|p1a: Jestergooning|71/100 par\n|move|p1a: Jestergooning|Thunder Wave|p2a: Starmie\n|-status|p2a: Starmie|par\n|\n|upkeep\n|turn|23\n|\n|t:|1771707885\n|move|p2a: Starmie|Psychic|p1a: Jestergooning\n|-damage|p1a: Jestergooning|56/100 par\n|cant|p1a: Jestergooning|par\n|\n|upkeep\n|turn|24\n|\n|t:|1771707889\n|move|p2a: Starmie|Psychic|p1a: Jestergooning\n|-damage|p1a: Jestergooning|41/100 par\n|cant|p1a: Jestergooning|par\n|\n|upkeep\n|turn|25\n|\n|t:|1771707895\n|move|p2a: Starmie|Psychic|p1a: Jestergooning\n|-damage|p1a: Jestergooning|26/100 par\n|cant|p1a: Jestergooning|par\n|\n|upkeep\n|turn|26\n|\n|t:|1771707902\n|cant|p2a: Starmie|par\n|move|p1a: Jestergooning|Soft-Boiled|p1a: Jestergooning\n|-heal|p1a: Jestergooning|76/100 par\n|\n|upkeep\n|turn|27\n|\n|t:|1771707906\n|move|p2a: Starmie|Psychic|p1a: Jestergooning\n|-damage|p1a: Jestergooning|61/100 par\n|-unboost|p1a: Jestergooning|spa|1\n|-unboost|p1a: Jestergooning|spd|1\n|move|p1a: Jestergooning|Soft-Boiled|p1a: Jestergooning\n|-heal|p1a: Jestergooning|100/100 par\n|\n|upkeep\n|turn|28\n|\n|t:|1771707910\n|cant|p2a: Starmie|par\n|move|p1a: Jestergooning|Seismic Toss|p2a: Starmie\n|-damage|p2a: Starmie|70/100 par\n|\n|upkeep\n|turn|29\n|\n|t:|1771707913\n|move|p2a: Starmie|Psychic|p1a: Jestergooning\n|-damage|p1a: Jestergooning|79/100 par\n|-unboost|p1a: Jestergooning|spa|1\n|-unboost|p1a: Jestergooning|spd|1\n|move|p1a: Jestergooning|Seismic Toss|p2a: Starmie\n|-damage|p2a: Starmie|39/100 par\n|\n|upkeep\n|turn|30\n|\n|t:|1771707920\n|switch|p1a: Cortisol Spike|Zapdos|100/100\n|cant|p2a: Starmie|par\n|\n|upkeep\n|turn|31\n|\n|t:|1771707926\n|switch|p2a: Jolteon|Jolteon|100/100\n|move|p1a: Cortisol Spike|Thunder Wave|p2a: Jolteon\n|-status|p2a: Jolteon|par\n|\n|upkeep\n|turn|32\n|\n|t:|1771707931\n|switch|p1a: Framemogged|Exeggutor|100/100 slp\n|move|p2a: Jolteon|Thunderbolt|p1a: Framemogged\n|-crit|p1a: Framemogged\n|-resisted|p1a: Framemogged\n|-damage|p1a: Framemogged|74/100 slp\n|\n|upkeep\n|turn|33\n|\n|t:|1771707937\n|switch|p1a: #2 Chad Androgenic|Snorlax|100/100\n|move|p2a: Jolteon|Thunderbolt|p1a: #2 Chad Androgenic\n|-damage|p1a: #2 Chad Androgenic|72/100\n|\n|upkeep\n|turn|34\n|\n|t:|1771707942\n|switch|p2a: Snorlax|Snorlax|100/100\n|move|p1a: #2 Chad Androgenic|Earthquake|p2a: Snorlax\n|-damage|p2a: Snorlax|79/100\n|\n|upkeep\n|turn|35\n|\n|t:|1771707947\n|move|p1a: #2 Chad Androgenic|Earthquake|p2a: Snorlax\n|-damage|p2a: Snorlax|59/100\n|move|p2a: Snorlax|Body Slam|p1a: #2 Chad Androgenic\n|-damage|p1a: #2 Chad Androgenic|45/100\n|\n|upkeep\n|turn|36\n|\n|t:|1771707964\n|move|p2a: Snorlax|Hyper Beam|p1a: #2 Chad Androgenic\n|-damage|p1a: #2 Chad Androgenic|0 fnt\n|faint|p1a: #2 Chad Androgenic\n|\n|t:|1771707985\n|switch|p1a: Cortisol Spike|Zapdos|100/100\n|turn|37\n|\n|t:|1771707998\n|switch|p2a: Jolteon|Jolteon|100/100 par\n|move|p1a: Cortisol Spike|Thunderbolt|p2a: Jolteon\n|-resisted|p2a: Jolteon\n|-damage|p2a: Jolteon|83/100 par\n|\n|upkeep\n|turn|38\n|\n|t:|1771708009\n|switch|p1a: Framemogged|Exeggutor|74/100 slp\n|move|p2a: Jolteon|Thunderbolt|p1a: Framemogged\n|-resisted|p1a: Framemogged\n|-damage|p1a: Framemogged|61/100 slp\n|\n|upkeep\n|turn|39\n|\n|t:|1771708012\n|cant|p1a: Framemogged|slp\n|move|p2a: Jolteon|Pin Missile|p1a: Framemogged\n|-supereffective|p1a: Framemogged\n|-damage|p1a: Framemogged|49/100 slp\n|-damage|p1a: Framemogged|37/100 slp\n|-damage|p1a: Framemogged|25/100 slp\n|-damage|p1a: Framemogged|13/100 slp\n|-damage|p1a: Framemogged|1/100 slp\n|-hitcount|p1a: Framemogged|5\n|\n|upkeep\n|turn|40\n|\n|t:|1771708029\n|switch|p2a: Tauros|Tauros|100/100\n|cant|p1a: Framemogged|slp\n|\n|upkeep\n|turn|41\n|\n|t:|1771708032\n|move|p2a: Tauros|Body Slam|p1a: Framemogged\n|-damage|p1a: Framemogged|0 fnt\n|faint|p1a: Framemogged\n|\n|t:|1771708035\n|switch|p1a: Cortisol Spike|Zapdos|100/100\n|turn|42\n|\n|t:|1771708040\n|switch|p2a: Jolteon|Jolteon|83/100 par\n|move|p1a: Cortisol Spike|Thunderbolt|p2a: Jolteon\n|-resisted|p2a: Jolteon\n|-damage|p2a: Jolteon|64/100 par\n|\n|upkeep\n|turn|43\n|\n|t:|1771708045\n|switch|p1a: Jestergooning|Chansey|79/100 par\n|move|p2a: Jolteon|Thunderbolt|p1a: Jestergooning\n|-damage|p1a: Jestergooning|62/100 par\n|\n|upkeep\n|turn|44\n|\n|t:|1771708050\n|switch|p2a: Starmie|Starmie|39/100 par\n|move|p1a: Jestergooning|Soft-Boiled|p1a: Jestergooning\n|-heal|p1a: Jestergooning|100/100 par\n|\n|upkeep\n|turn|45\n|\n|t:|1771708053\n|move|p2a: Starmie|Recover|p2a: Starmie\n|-heal|p2a: Starmie|88/100 par\n|move|p1a: Jestergooning|Seismic Toss|p2a: Starmie\n|-damage|p2a: Starmie|57/100 par\n|\n|upkeep\n|turn|46\n|\n|t:|1771708056\n|move|p2a: Starmie|Recover|p2a: Starmie\n|-heal|p2a: Starmie|100/100 par\n|move|p1a: Jestergooning|Seismic Toss|p2a: Starmie\n|-damage|p2a: Starmie|70/100 par\n|\n|upkeep\n|turn|47\n|\n|t:|1771708059\n|move|p2a: Starmie|Recover|p2a: Starmie\n|-heal|p2a: Starmie|100/100 par\n|move|p1a: Jestergooning|Seismic Toss|p2a: Starmie\n|-damage|p2a: Starmie|70/100 par\n|\n|upkeep\n|turn|48\n|\n|t:|1771708062\n|cant|p2a: Starmie|par\n|move|p1a: Jestergooning|Seismic Toss|p2a: Starmie\n|-damage|p2a: Starmie|39/100 par\n|\n|upkeep\n|turn|49\n|\n|t:|1771708064\n|move|p2a: Starmie|Recover|p2a: Starmie\n|-heal|p2a: Starmie|88/100 par\n|move|p1a: Jestergooning|Seismic Toss|p2a: Starmie\n|-damage|p2a: Starmie|57/100 par\n|\n|upkeep\n|turn|50\n|\n|t:|1771708068\n|cant|p2a: Starmie|par\n|move|p1a: Jestergooning|Seismic Toss|p2a: Starmie\n|-damage|p2a: Starmie|27/100 par\n|\n|upkeep\n|turn|51\n|\n|t:|1771708072\n|cant|p2a: Starmie|par\n|move|p1a: Jestergooning|Seismic Toss|p2a: Starmie\n|-damage|p2a: Starmie|0 fnt\n|faint|p2a: Starmie\n|\n|t:|1771708082\n|switch|p2a: Snorlax|Snorlax|59/100\n|turn|52\n|\n|t:|1771708089\n|move|p2a: Snorlax|Body Slam|p1a: Jestergooning\n|-damage|p1a: Jestergooning|56/100 par\n|move|p1a: Jestergooning|Reflect|p1a: Jestergooning\n|-start|p1a: Jestergooning|Reflect\n|\n|upkeep\n|turn|53\n|\n|t:|1771708109\n|move|p2a: Snorlax|Body Slam|p1a: Jestergooning\n|-damage|p1a: Jestergooning|34/100 par\n|move|p1a: Jestergooning|Soft-Boiled|p1a: Jestergooning\n|-heal|p1a: Jestergooning|84/100 par\n|\n|upkeep\n|turn|54\n|\n|t:|1771708113\n|move|p2a: Snorlax|Body Slam|p1a: Jestergooning\n|-damage|p1a: Jestergooning|65/100 par\n|move|p1a: Jestergooning|Thunder Wave|p2a: Snorlax\n|-status|p2a: Snorlax|par\n|\n|upkeep\n|turn|55\n|\n|t:|1771708123\n|move|p1a: Jestergooning|Soft-Boiled|p1a: Jestergooning\n|-heal|p1a: Jestergooning|100/100 par\n|move|p2a: Snorlax|Body Slam|p1a: Jestergooning\n|-damage|p1a: Jestergooning|80/100 par\n|\n|upkeep\n|turn|56\n|\n|t:|1771708127\n|move|p1a: Jestergooning|Seismic Toss|p2a: Snorlax\n|-damage|p2a: Snorlax|40/100 par\n|move|p2a: Snorlax|Body Slam|p1a: Jestergooning\n|-damage|p1a: Jestergooning|59/100 par\n|\n|upkeep\n|turn|57\n|\n|t:|1771708131\n|move|p1a: Jestergooning|Soft-Boiled|p1a: Jestergooning\n|-heal|p1a: Jestergooning|100/100 par\n|move|p2a: Snorlax|Self-Destruct|p1a: Jestergooning\n|-damage|p1a: Jestergooning|36/100 par\n|faint|p2a: Snorlax\n|\n|t:|1771708151\n|switch|p2a: Tauros|Tauros|100/100\n|turn|58\n|\n|t:|1771708157\n|move|p2a: Tauros|Body Slam|p1a: Jestergooning\n|-crit|p1a: Jestergooning\n|-damage|p1a: Jestergooning|0 fnt\n|faint|p1a: Jestergooning\n|\n|t:|1771708161\n|switch|p1a: Cortisol Spike|Zapdos|100/100\n|turn|59\n|\n|t:|1771708167\n|move|p2a: Tauros|Body Slam|p1a: Cortisol Spike\n|-crit|p1a: Cortisol Spike\n|-damage|p1a: Cortisol Spike|47/100\n|-status|p1a: Cortisol Spike|par\n|move|p1a: Cortisol Spike|Thunderbolt|p2a: Tauros\n|-damage|p2a: Tauros|57/100\n|\n|upkeep\n|turn|60\n|\n|t:|1771708174\n|move|p2a: Tauros|Hyper Beam|p1a: Cortisol Spike\n|-damage|p1a: Cortisol Spike|0 fnt\n|faint|p1a: Cortisol Spike\n|\n|t:|1771708176\n|switch|p1a: ASU Frat Leader|Tauros|100/100\n|turn|61\n|\n|t:|1771708180\n|move|p2a: Tauros|Body Slam|p1a: ASU Frat Leader\n|-crit|p1a: ASU Frat Leader\n|-damage|p1a: ASU Frat Leader|48/100\n|move|p1a: ASU Frat Leader|Body Slam|p2a: Tauros\n|-crit|p2a: Tauros\n|-damage|p2a: Tauros|0 fnt\n|faint|p2a: Tauros\n|\n|t:|1771708184\n|switch|p2a: Jolteon|Jolteon|64/100 par\n|turn|62\n|\n|t:|1771708186\n|move|p1a: ASU Frat Leader|Hyper Beam|p2a: Jolteon\n|-damage|p2a: Jolteon|0 fnt\n|faint|p2a: Jolteon\n|\n|win|BeeOrSomething\n|c|☆BeeOrSomething|gg\n|c|☆Ct0wn|Gg\n|player|p1|\n|player|p2|\n","uploadtime":1771708186,"views":"987","formatid":"gen1ou","rating":null,"private":0,"password":null}