{"id":"smogtours-gen1ou-964767","format":"[Gen 1] OU","players":["BeeOrSomething","Kaz"],"log":"|inactive|Battle timer is ON: inactive players will automatically lose when time's up.\n|t:|1787079942\n|gametype|singles\n|player|p1|BeeOrSomething|#beeorsomething|\n|player|p2|Kaz|#kaz|\n|gen|1\n|tier|[Gen 1] OU\n|rule|Desync Clause Mod: Desyncs resolve to link battle behavior from the acting player's perspective.\n|rule|HP Percentage Mod: HP is shown in percentages\n|rule|Endless Battle Clause: Forcing endless battles is banned\n|rule|Sleep Clause Mod: Limit one foe put to sleep\n|rule|Freeze Clause Mod: Limit one foe frozen\n|rule|Species Clause: Limit one of each Pokémon\n|rule|OHKO Clause: OHKO moves are banned\n|rule|Evasion Moves Clause: Evasion moves are banned\n|\n|t:|1787079942\n|teamsize|p1|6\n|teamsize|p2|6\n|start\n|switch|p1a: Patrick|Starmie|100/100\n|switch|p2a: Jynx|Jynx|100/100\n|turn|1\n|c|☆Kaz|hf\n|c|☆BeeOrSomething|glhf\n|\n|t:|1787079956\n|switch|p1a: Owe Me A Coke|Jynx|100/100\n|move|p2a: Jynx|Lovely Kiss|p1a: Owe Me A Coke\n|-status|p1a: Owe Me A Coke|slp|[from] move: Lovely Kiss\n|\n|upkeep\n|turn|2\n|\n|t:|1787079962\n|move|p2a: Jynx|Body Slam|p1a: Owe Me A Coke\n|-damage|p1a: Owe Me A Coke|78/100 slp\n|cant|p1a: Owe Me A Coke|slp\n|\n|upkeep\n|turn|3\n|\n|t:|1787079966\n|switch|p1a: Blob|Chansey|100/100\n|move|p2a: Jynx|Blizzard|p1a: Blob\n|-damage|p1a: Blob|81/100\n|\n|upkeep\n|turn|4\n|\n|t:|1787079970\n|move|p2a: Jynx|Blizzard|p1a: Blob|[miss]\n|-miss|p2a: Jynx\n|move|p1a: Blob|Thunder Wave|p2a: Jynx\n|-status|p2a: Jynx|par\n|\n|upkeep\n|turn|5\n|\n|t:|1787079975\n|move|p1a: Blob|Thunderbolt|p2a: Jynx\n|-damage|p2a: Jynx|76/100 par\n|move|p2a: Jynx|Blizzard|p1a: Blob|[miss]\n|-miss|p2a: Jynx\n|\n|upkeep\n|turn|6\n|\n|t:|1787079979\n|move|p1a: Blob|Thunderbolt|p2a: Jynx\n|-crit|p2a: Jynx\n|-damage|p2a: Jynx|31/100 par\n|move|p2a: Jynx|Blizzard|p1a: Blob\n|-damage|p1a: Blob|62/100\n|\n|upkeep\n|turn|7\n|\n|t:|1787079984\n|move|p1a: Blob|Soft-Boiled|p1a: Blob\n|-heal|p1a: Blob|100/100\n|move|p2a: Jynx|Rest|p2a: Jynx\n|-status|p2a: Jynx|slp|[from] move: Rest\n|-heal|p2a: Jynx|100/100 slp|[silent]\n|\n|upkeep\n|turn|8\n|\n|t:|1787079991\n|switch|p2a: Alakazam|Alakazam|100/100\n|move|p1a: Blob|Thunderbolt|p2a: Alakazam\n|-damage|p2a: Alakazam|81/100\n|\n|upkeep\n|turn|9\n|\n|t:|1787079996\n|move|p2a: Alakazam|Thunder Wave|p1a: Blob\n|-status|p1a: Blob|par\n|move|p1a: Blob|Thunder Wave|p2a: Alakazam\n|-status|p2a: Alakazam|par\n|\n|upkeep\n|turn|10\n|\n|t:|1787080000\n|move|p2a: Alakazam|Psychic|p1a: Blob\n|-damage|p1a: Blob|83/100 par\n|-unboost|p1a: Blob|spa|1\n|-unboost|p1a: Blob|spd|1\n|cant|p1a: Blob|par\n|\n|upkeep\n|turn|11\n|\n|t:|1787080008\n|move|p2a: Alakazam|Psychic|p1a: Blob\n|-crit|p1a: Blob\n|-damage|p1a: Blob|47/100 par\n|move|p1a: Blob|Soft-Boiled|p1a: Blob\n|-heal|p1a: Blob|97/100 par\n|\n|upkeep\n|turn|12\n|\n|t:|1787080019\n|switch|p1a: Owe Me A Coke|Jynx|78/100 slp\n|move|p2a: Alakazam|Psychic|p1a: Owe Me A Coke\n|-resisted|p1a: Owe Me A Coke\n|-damage|p1a: Owe Me A Coke|58/100 slp\n|\n|upkeep\n|turn|13\n|\n|t:|1787080026\n|switch|p1a: Me On Weekends|Snorlax|100/100\n|move|p2a: Alakazam|Psychic|p1a: Me On Weekends\n|-damage|p1a: Me On Weekends|69/100\n|-unboost|p1a: Me On Weekends|spa|1\n|-unboost|p1a: Me On Weekends|spd|1\n|\n|upkeep\n|turn|14\n|\n|t:|1787080030\n|switch|p2a: Cloyster|Cloyster|100/100\n|move|p1a: Me On Weekends|Body Slam|p2a: Cloyster\n|-crit|p2a: Cloyster\n|-damage|p2a: Cloyster|59/100\n|-status|p2a: Cloyster|par\n|\n|upkeep\n|turn|15\n|\n|t:|1787080036\n|switch|p1a: Patrick|Starmie|100/100\n|move|p2a: Cloyster|Rest|p2a: Cloyster\n|-status|p2a: Cloyster|slp|[from] move: Rest\n|-heal|p2a: Cloyster|100/100 slp|[silent]\n|\n|upkeep\n|turn|16\n|\n|t:|1787080040\n|switch|p2a: Alakazam|Alakazam|81/100 par\n|move|p1a: Patrick|Psychic|p2a: Alakazam\n|-resisted|p2a: Alakazam\n|-damage|p2a: Alakazam|67/100 par\n|-unboost|p2a: Alakazam|spa|1\n|-unboost|p2a: Alakazam|spd|1\n|\n|upkeep\n|turn|17\n|\n|t:|1787080047\n|switch|p1a: Bell Ringer|Rhydon|100/100\n|cant|p2a: Alakazam|par\n|\n|upkeep\n|turn|18\n|\n|t:|1787080057\n|switch|p2a: Tauros|Tauros|100/100\n|move|p1a: Bell Ringer|Earthquake|p2a: Tauros\n|-damage|p2a: Tauros|59/100\n|\n|upkeep\n|turn|19\n|\n|t:|1787080062\n|move|p2a: Tauros|Body Slam|p1a: Bell Ringer\n|-resisted|p1a: Bell Ringer\n|-damage|p1a: Bell Ringer|89/100\n|-status|p1a: Bell Ringer|par\n|move|p1a: Bell Ringer|Earthquake|p2a: Tauros\n|-damage|p2a: Tauros|16/100\n|\n|upkeep\n|turn|20\n|\n|t:|1787080078\n|switch|p1a: Patrick|Starmie|100/100\n|move|p2a: Tauros|Blizzard|p1a: Patrick\n|-resisted|p1a: Patrick\n|-damage|p1a: Patrick|89/100\n|\n|upkeep\n|turn|21\n|\n|t:|1787080090\n|switch|p1a: Me On Weekends|Snorlax|69/100\n|switch|p2a: Alakazam|Alakazam|67/100 par\n|\n|upkeep\n|turn|22\n|\n|t:|1787080094\n|move|p1a: Me On Weekends|Body Slam|p2a: Alakazam\n|-damage|p2a: Alakazam|15/100 par\n|cant|p2a: Alakazam|par\n|\n|upkeep\n|turn|23\n|\n|t:|1787080117\n|switch|p2a: Cloyster|Cloyster|100/100 slp\n|move|p1a: Me On Weekends|Body Slam|p2a: Cloyster\n|-damage|p2a: Cloyster|77/100 slp\n|\n|upkeep\n|turn|24\n|\n|t:|1787080120\n|cant|p2a: Cloyster|slp\n|move|p1a: Me On Weekends|Body Slam|p2a: Cloyster\n|-damage|p2a: Cloyster|55/100 slp\n|\n|upkeep\n|turn|25\n|\n|t:|1787080125\n|-curestatus|p2a: Cloyster|slp|[msg]\n|move|p1a: Me On Weekends|Body Slam|p2a: Cloyster\n|-damage|p2a: Cloyster|34/100\n|\n|upkeep\n|turn|26\n|\n|t:|1787080133\n|move|p2a: Cloyster|Blizzard|p1a: Me On Weekends\n|-damage|p1a: Me On Weekends|38/100\n|move|p1a: Me On Weekends|Body Slam|p2a: Cloyster\n|-damage|p2a: Cloyster|11/100\n|\n|upkeep\n|turn|27\n|inactive|Kaz has 270 seconds left.\n|\n|t:|1787080191\n|switch|p1a: Owe Me A Coke|Jynx|58/100 slp\n|move|p2a: Cloyster|Rest|p2a: Cloyster\n|-status|p2a: Cloyster|slp|[from] move: Rest\n|-heal|p2a: Cloyster|100/100 slp|[silent]\n|\n|upkeep\n|turn|28\n|\n|t:|1787080194\n|switch|p1a: Patrick|Starmie|89/100\n|cant|p2a: Cloyster|slp\n|\n|upkeep\n|turn|29\n|\n|t:|1787080198\n|switch|p2a: Jynx|Jynx|100/100 slp\n|move|p1a: Patrick|Psychic|p2a: Jynx\n|-resisted|p2a: Jynx\n|-damage|p2a: Jynx|83/100 slp\n|\n|upkeep\n|turn|30\n|\n|t:|1787080202\n|move|p1a: Patrick|Psychic|p2a: Jynx\n|-resisted|p2a: Jynx\n|-damage|p2a: Jynx|68/100 slp\n|cant|p2a: Jynx|slp\n|\n|upkeep\n|turn|31\n|\n|t:|1787080204\n|move|p1a: Patrick|Psychic|p2a: Jynx\n|-resisted|p2a: Jynx\n|-damage|p2a: Jynx|51/100 slp\n|-curestatus|p2a: Jynx|slp|[msg]\n|\n|upkeep\n|turn|32\n|\n|t:|1787080213\n|switch|p1a: Blob|Chansey|97/100 par\n|move|p2a: Jynx|Body Slam|p1a: Blob\n|-damage|p1a: Blob|80/100 par\n|\n|upkeep\n|turn|33\n|\n|t:|1787080220\n|switch|p2a: Snorlax|Snorlax|100/100\n|move|p1a: Blob|Thunderbolt|p2a: Snorlax\n|-damage|p2a: Snorlax|81/100\n|\n|upkeep\n|turn|34\n|\n|t:|1787080226\n|switch|p1a: Bell Ringer|Rhydon|89/100 par\n|move|p2a: Snorlax|Earthquake|p1a: Bell Ringer\n|-crit|p1a: Bell Ringer\n|-supereffective|p1a: Bell Ringer\n|-damage|p1a: Bell Ringer|17/100 par\n|\n|upkeep\n|turn|35\n|\n|t:|1787080241\n|move|p2a: Snorlax|Earthquake|p1a: Bell Ringer\n|-supereffective|p1a: Bell Ringer\n|-damage|p1a: Bell Ringer|0 fnt\n|faint|p1a: Bell Ringer\n|\n|t:|1787080246\n|switch|p1a: Me On Weekends|Snorlax|38/100\n|turn|36\n|\n|t:|1787080261\n|switch|p2a: Cloyster|Cloyster|100/100 slp\n|move|p1a: Me On Weekends|Body Slam|p2a: Cloyster\n|-damage|p2a: Cloyster|76/100 slp\n|\n|upkeep\n|turn|37\n|\n|t:|1787080267\n|switch|p1a: Patrick|Starmie|89/100\n|-curestatus|p2a: Cloyster|slp|[msg]\n|\n|upkeep\n|turn|38\n|\n|t:|1787080275\n|switch|p2a: Jynx|Jynx|51/100\n|move|p1a: Patrick|Psychic|p2a: Jynx\n|-resisted|p2a: Jynx\n|-damage|p2a: Jynx|35/100\n|\n|upkeep\n|turn|39\n|\n|t:|1787080281\n|move|p1a: Patrick|Psychic|p2a: Jynx\n|-resisted|p2a: Jynx\n|-damage|p2a: Jynx|19/100\n|move|p2a: Jynx|Rest|p2a: Jynx\n|-status|p2a: Jynx|slp|[from] move: Rest\n|-heal|p2a: Jynx|100/100 slp|[silent]\n|\n|upkeep\n|turn|40\n|\n|t:|1787080285\n|switch|p1a: Raging Bull|Tauros|100/100\n|cant|p2a: Jynx|slp\n|\n|upkeep\n|turn|41\n|\n|t:|1787080294\n|switch|p2a: Alakazam|Alakazam|15/100 par\n|move|p1a: Raging Bull|Body Slam|p2a: Alakazam\n|-damage|p2a: Alakazam|0 fnt\n|faint|p2a: Alakazam\n|inactive|Kaz has 270 seconds left.\n|\n|t:|1787080343\n|switch|p2a: Snorlax|Snorlax|81/100\n|turn|42\n|\n|t:|1787080347\n|move|p1a: Raging Bull|Blizzard|p2a: Snorlax\n|-damage|p2a: Snorlax|61/100\n|-status|p2a: Snorlax|frz\n|cant|p2a: Snorlax|frz\n|\n|upkeep\n|turn|43\n|inactive|Kaz has 270 seconds left.\n|\n|t:|1787080354\n|move|p1a: Raging Bull|Body Slam|p2a: Snorlax\n|-damage|p2a: Snorlax|36/100 frz\n|cant|p2a: Snorlax|frz\n|\n|upkeep\n|turn|44\n|\n|t:|1787080356\n|move|p1a: Raging Bull|Body Slam|p2a: Snorlax\n|-damage|p2a: Snorlax|11/100 frz\n|cant|p2a: Snorlax|frz\n|\n|upkeep\n|turn|45\n|\n|t:|1787080362\n|move|p1a: Raging Bull|Body Slam|p2a: Snorlax\n|-crit|p2a: Snorlax\n|-damage|p2a: Snorlax|0 fnt\n|faint|p2a: Snorlax\n|\n|t:|1787080366\n|switch|p2a: Cloyster|Cloyster|76/100\n|turn|46\n|\n|t:|1787080382\n|switch|p1a: Owe Me A Coke|Jynx|58/100 slp\n|move|p2a: Cloyster|Blizzard|p1a: Owe Me A Coke\n|-resisted|p1a: Owe Me A Coke\n|-damage|p1a: Owe Me A Coke|39/100 slp\n|\n|upkeep\n|turn|47\n|\n|t:|1787080392\n|switch|p1a: Patrick|Starmie|89/100\n|move|p2a: Cloyster|Blizzard|p1a: Patrick\n|-resisted|p1a: Patrick\n|-damage|p1a: Patrick|70/100\n|-status|p1a: Patrick|frz\n|\n|upkeep\n|turn|48\n|\n|t:|1787080403\n|switch|p2a: Tauros|Tauros|16/100\n|cant|p1a: Patrick|frz\n|\n|upkeep\n|turn|49\n|\n|t:|1787080422\n|switch|p1a: Owe Me A Coke|Jynx|39/100 slp\n|move|p2a: Tauros|Body Slam|p1a: Owe Me A Coke\n|-crit|p1a: Owe Me A Coke\n|-damage|p1a: Owe Me A Coke|0 fnt\n|faint|p1a: Owe Me A Coke\n|\n|t:|1787080425\n|switch|p1a: Raging Bull|Tauros|100/100\n|turn|50\n|\n|t:|1787080435\n|switch|p2a: Jynx|Jynx|100/100 slp\n|move|p1a: Raging Bull|Body Slam|p2a: Jynx\n|-crit|p2a: Jynx\n|-damage|p2a: Jynx|0 fnt\n|faint|p2a: Jynx\n|\n|t:|1787080437\n|switch|p2a: Cloyster|Cloyster|76/100\n|turn|51\n|\n|t:|1787080449\n|switch|p1a: Blob|Chansey|80/100 par\n|move|p2a: Cloyster|Blizzard|p1a: Blob\n|-damage|p1a: Blob|62/100 par\n|\n|upkeep\n|turn|52\n|\n|t:|1787080456\n|switch|p1a: Patrick|Starmie|70/100 frz\n|move|p2a: Cloyster|Clamp|p1a: Patrick\n|-resisted|p1a: Patrick\n|-damage|p1a: Patrick|64/100 frz\n|\n|upkeep\n|turn|53\n|\n|t:|1787080460\n|cant|p1a: Patrick|frz\n|move|p2a: Cloyster|Clamp|p1a: Patrick|[from] Clamp\n|-damage|p1a: Patrick|59/100 frz\n|\n|upkeep\n|turn|54\n|\n|t:|1787080481\n|switch|p2a: Zapdos|Zapdos|100/100\n|cant|p1a: Patrick|frz\n|\n|upkeep\n|turn|55\n|inactive|Kaz has 270 seconds left.\n|\n|t:|1787080503\n|cant|p1a: Patrick|frz\n|move|p2a: Zapdos|Drill Peck|p1a: Patrick\n|-damage|p1a: Patrick|29/100 frz\n|\n|upkeep\n|turn|56\n|\n|t:|1787080513\n|cant|p1a: Patrick|frz\n|move|p2a: Zapdos|Agility|p2a: Zapdos\n|-boost|p2a: Zapdos|spe|2\n|\n|upkeep\n|turn|57\n|\n|t:|1787080523\n|move|p2a: Zapdos|Agility|p2a: Zapdos\n|-boost|p2a: Zapdos|spe|2\n|cant|p1a: Patrick|frz\n|\n|upkeep\n|turn|58\n|\n|t:|1787080529\n|move|p2a: Zapdos|Thunderbolt|p1a: Patrick\n|-supereffective|p1a: Patrick\n|-damage|p1a: Patrick|0 fnt\n|faint|p1a: Patrick\n|\n|t:|1787080540\n|switch|p1a: Blob|Chansey|62/100 par\n|turn|59\n|\n|t:|1787080543\n|move|p2a: Zapdos|Drill Peck|p1a: Blob\n|-damage|p1a: Blob|30/100 par\n|move|p1a: Blob|Soft-Boiled|p1a: Blob\n|-heal|p1a: Blob|80/100 par\n|\n|upkeep\n|turn|60\n|\n|t:|1787080549\n|move|p2a: Zapdos|Drill Peck|p1a: Blob\n|-damage|p1a: Blob|45/100 par\n|move|p1a: Blob|Ice Beam|p2a: Zapdos\n|-supereffective|p2a: Zapdos\n|-damage|p2a: Zapdos|66/100\n|\n|upkeep\n|turn|61\n|\n|t:|1787080557\n|move|p2a: Zapdos|Drill Peck|p1a: Blob\n|-damage|p1a: Blob|13/100 par\n|cant|p1a: Blob|par\n|\n|upkeep\n|turn|62\n|\n|t:|1787080574\n|move|p2a: Zapdos|Thunderbolt|p1a: Blob\n|-damage|p1a: Blob|0 fnt\n|faint|p1a: Blob\n|\n|t:|1787080576\n|switch|p1a: Me On Weekends|Snorlax|38/100\n|turn|63\n|\n|t:|1787080588\n|switch|p2a: Tauros|Tauros|16/100\n|move|p1a: Me On Weekends|Body Slam|p2a: Tauros\n|-damage|p2a: Tauros|0 fnt\n|faint|p2a: Tauros\n|\n|t:|1787080590\n|switch|p2a: Cloyster|Cloyster|76/100\n|turn|64\n|\n|t:|1787080592\n|move|p2a: Cloyster|Clamp|p1a: Me On Weekends\n|-damage|p1a: Me On Weekends|29/100\n|cant|p1a: Me On Weekends|partiallytrapped\n|\n|upkeep\n|turn|65\n|\n|t:|1787080598\n|move|p2a: Cloyster|Clamp|p1a: Me On Weekends|[from] Clamp\n|-damage|p1a: Me On Weekends|20/100\n|\n|upkeep\n|turn|66\n|\n|t:|1787080601\n|move|p2a: Cloyster|Clamp|p1a: Me On Weekends|[from] Clamp\n|-damage|p1a: Me On Weekends|11/100\n|\n|upkeep\n|turn|67\n|\n|t:|1787080603\n|move|p2a: Cloyster|Clamp|p1a: Me On Weekends|[from] Clamp\n|-damage|p1a: Me On Weekends|2/100\n|\n|upkeep\n|turn|68\n|inactive|Kaz has 270 seconds left.\n|\n|t:|1787080635\n|move|p2a: Cloyster|Blizzard|p1a: Me On Weekends|[miss]\n|-miss|p2a: Cloyster\n|move|p1a: Me On Weekends|Body Slam|p2a: Cloyster\n|-damage|p2a: Cloyster|52/100\n|\n|upkeep\n|turn|69\n|\n|t:|1787080643\n|move|p2a: Cloyster|Blizzard|p1a: Me On Weekends\n|-damage|p1a: Me On Weekends|0 fnt\n|faint|p1a: Me On Weekends\n|\n|t:|1787080644\n|switch|p1a: Raging Bull|Tauros|100/100\n|turn|70\n|\n|t:|1787080649\n|move|p1a: Raging Bull|Body Slam|p2a: Cloyster\n|-damage|p2a: Cloyster|32/100\n|move|p2a: Cloyster|Explosion|p1a: Raging Bull\n|-damage|p1a: Raging Bull|24/100\n|faint|p2a: Cloyster\n|\n|t:|1787080652\n|switch|p2a: Zapdos|Zapdos|66/100\n|turn|71\n|c|☆Kaz|gg\n|\n|t:|1787080660\n|move|p1a: Raging Bull|Hyper Beam|p2a: Zapdos\n|-damage|p2a: Zapdos|14/100\n|-mustrecharge|p1a: Raging Bull\n|move|p2a: Zapdos|Thunderbolt|p1a: Raging Bull\n|-damage|p1a: Raging Bull|0 fnt\n|faint|p1a: Raging Bull\n|\n|win|Kaz\n|c|☆BeeOrSomething|gg\n","uploadtime":1787080660,"views":"80","formatid":"gen1ou","rating":null,"private":0,"password":null}