{"id":"smogtours-gen1ou-947538","format":"[Gen 1] OU","players":["stunner047","longestbanana"],"log":"|inactive|Battle timer is ON: inactive players will automatically lose when time's up.\n|t:|1781637381\n|gametype|singles\n|player|p1|stunner047|#rbypliiidingdangdewgongs|\n|player|p2|longestbanana|youngcouple|\n|gen|1\n|tier|[Gen 1] OU\n|rule|Desync Clause Mod: Desyncs changed to move failure.\n|rule|HP Percentage Mod: HP is shown in percentages\n|rule|Endless Battle Clause: Forcing endless battles is banned\n|rule|Sleep Clause Mod: Limit one foe put to sleep\n|rule|Freeze Clause Mod: Limit one foe frozen\n|rule|Species Clause: Limit one of each Pokémon\n|rule|OHKO Clause: OHKO moves are banned\n|rule|Evasion Moves Clause: Evasion moves are banned\n|\n|t:|1781637381\n|teamsize|p1|6\n|teamsize|p2|6\n|start\n|switch|p1a: Starmie|Starmie|100/100\n|switch|p2a: Jynx|Jynx|100/100\n|turn|1\n|\n|t:|1781637405\n|move|p1a: Starmie|Thunder Wave|p2a: Jynx\n|-status|p2a: Jynx|par\n|move|p2a: Jynx|Lovely Kiss|p1a: Starmie\n|-status|p1a: Starmie|slp|[from] move: Lovely Kiss\n|\n|upkeep\n|turn|2\n|c|☆stunner047|gl hf\n|\n|t:|1781637409\n|cant|p1a: Starmie|slp\n|move|p2a: Jynx|Blizzard|p1a: Starmie\n|-resisted|p1a: Starmie\n|-damage|p1a: Starmie|79/100 slp\n|\n|upkeep\n|turn|3\n|\n|t:|1781637412\n|cant|p1a: Starmie|slp\n|move|p2a: Jynx|Blizzard|p1a: Starmie\n|-resisted|p1a: Starmie\n|-damage|p1a: Starmie|56/100 slp\n|\n|upkeep\n|turn|4\n|c|☆longestbanana|u2\n|\n|t:|1781637415\n|switch|p1a: Chansey|Chansey|100/100\n|move|p2a: Jynx|Blizzard|p1a: Chansey\n|-damage|p1a: Chansey|83/100\n|\n|upkeep\n|turn|5\n|\n|t:|1781637418\n|move|p1a: Chansey|Thunderbolt|p2a: Jynx\n|-damage|p2a: Jynx|76/100 par\n|cant|p2a: Jynx|par\n|\n|upkeep\n|turn|6\n|\n|t:|1781637421\n|move|p1a: Chansey|Thunderbolt|p2a: Jynx\n|-damage|p2a: Jynx|52/100 par\n|move|p2a: Jynx|Blizzard|p1a: Chansey\n|-damage|p1a: Chansey|64/100\n|\n|upkeep\n|turn|7\n|\n|t:|1781637430\n|move|p1a: Chansey|Thunderbolt|p2a: Jynx\n|-damage|p2a: Jynx|29/100 par\n|move|p2a: Jynx|Blizzard|p1a: Chansey\n|-damage|p1a: Chansey|44/100\n|\n|upkeep\n|turn|8\n|\n|t:|1781637434\n|switch|p2a: Exeggutor|Exeggutor|100/100\n|move|p1a: Chansey|Soft-Boiled|p1a: Chansey\n|-heal|p1a: Chansey|94/100\n|\n|upkeep\n|turn|9\n|\n|t:|1781637437\n|move|p2a: Exeggutor|Explosion|p1a: Chansey\n|-damage|p1a: Chansey|0 fnt\n|faint|p1a: Chansey\n|faint|p2a: Exeggutor\n|\n|t:|1781637441\n|switch|p2a: Zapdos|Zapdos|100/100\n|switch|p1a: Snorlax|Snorlax|100/100\n|turn|10\n|\n|t:|1781637444\n|move|p2a: Zapdos|Thunder Wave|p1a: Snorlax\n|-status|p1a: Snorlax|par\n|cant|p1a: Snorlax|par\n|\n|upkeep\n|turn|11\n|\n|t:|1781637447\n|move|p2a: Zapdos|Thunderbolt|p1a: Snorlax\n|-damage|p1a: Snorlax|68/100 par\n|cant|p1a: Snorlax|par\n|\n|upkeep\n|turn|12\n|\n|t:|1781637449\n|move|p2a: Zapdos|Thunderbolt|p1a: Snorlax\n|-damage|p1a: Snorlax|36/100 par\n|move|p1a: Snorlax|Body Slam|p2a: Zapdos\n|-damage|p2a: Zapdos|69/100\n|-status|p2a: Zapdos|par\n|\n|upkeep\n|turn|13\n|\n|t:|1781637451\n|move|p2a: Zapdos|Thunderbolt|p1a: Snorlax\n|-damage|p1a: Snorlax|3/100 par\n|move|p1a: Snorlax|Body Slam|p2a: Zapdos\n|-damage|p2a: Zapdos|40/100 par\n|\n|upkeep\n|turn|14\n|\n|t:|1781637453\n|move|p2a: Zapdos|Thunderbolt|p1a: Snorlax\n|-damage|p1a: Snorlax|0 fnt\n|faint|p1a: Snorlax\n|\n|t:|1781637456\n|switch|p1a: Tauros|Tauros|100/100\n|turn|15\n|\n|t:|1781637460\n|switch|p2a: Jynx|Jynx|29/100 par\n|move|p1a: Tauros|Body Slam|p2a: Jynx\n|-damage|p2a: Jynx|0 fnt\n|faint|p2a: Jynx\n|\n|t:|1781637462\n|switch|p2a: Snorlax|Snorlax|100/100\n|turn|16\n|\n|t:|1781637468\n|move|p1a: Tauros|Body Slam|p2a: Snorlax\n|-damage|p2a: Snorlax|74/100\n|move|p2a: Snorlax|Reflect|p2a: Snorlax\n|-start|p2a: Snorlax|Reflect\n|\n|upkeep\n|turn|17\n|\n|t:|1781637473\n|move|p1a: Tauros|Blizzard|p2a: Snorlax\n|-damage|p2a: Snorlax|56/100\n|move|p2a: Snorlax|Body Slam|p1a: Tauros\n|-damage|p1a: Tauros|69/100\n|\n|upkeep\n|turn|18\n|\n|t:|1781637477\n|move|p1a: Tauros|Body Slam|p2a: Snorlax\n|-damage|p2a: Snorlax|43/100\n|move|p2a: Snorlax|Body Slam|p1a: Tauros\n|-damage|p1a: Tauros|39/100\n|\n|upkeep\n|turn|19\n|\n|t:|1781637480\n|move|p1a: Tauros|Body Slam|p2a: Snorlax\n|-damage|p2a: Snorlax|30/100\n|move|p2a: Snorlax|Body Slam|p1a: Tauros\n|-damage|p1a: Tauros|7/100\n|\n|upkeep\n|turn|20\n|\n|t:|1781637483\n|move|p1a: Tauros|Body Slam|p2a: Snorlax\n|-damage|p2a: Snorlax|18/100\n|move|p2a: Snorlax|Body Slam|p1a: Tauros\n|-damage|p1a: Tauros|0 fnt\n|faint|p1a: Tauros\n|\n|t:|1781637491\n|switch|p1a: Exeggutor|Exeggutor|100/100\n|turn|21\n|\n|t:|1781637494\n|move|p1a: Exeggutor|Psychic|p2a: Snorlax\n|-damage|p2a: Snorlax|0 fnt\n|faint|p2a: Snorlax\n|\n|t:|1781637495\n|switch|p2a: Zapdos|Zapdos|40/100 par\n|turn|22\n|\n|t:|1781637497\n|move|p1a: Exeggutor|Psychic|p2a: Zapdos\n|-damage|p2a: Zapdos|14/100 par\n|cant|p2a: Zapdos|par\n|\n|upkeep\n|turn|23\n|\n|t:|1781637499\n|move|p1a: Exeggutor|Psychic|p2a: Zapdos\n|-damage|p2a: Zapdos|0 fnt\n|faint|p2a: Zapdos\n|\n|t:|1781637500\n|switch|p2a: Chansey|Chansey|100/100\n|turn|24\n|\n|t:|1781637502\n|move|p1a: Exeggutor|Sleep Powder|p2a: Chansey|[miss]\n|-miss|p1a: Exeggutor\n|move|p2a: Chansey|Thunder Wave|p1a: Exeggutor\n|-status|p1a: Exeggutor|par\n|\n|upkeep\n|turn|25\n|\n|t:|1781637504\n|move|p2a: Chansey|Seismic Toss|p1a: Exeggutor\n|-damage|p1a: Exeggutor|75/100 par\n|move|p1a: Exeggutor|Sleep Powder|p2a: Chansey\n|-status|p2a: Chansey|slp|[from] move: Sleep Powder\n|\n|upkeep\n|turn|26\n|\n|t:|1781637506\n|switch|p1a: Zapdos|Zapdos|100/100\n|cant|p2a: Chansey|slp\n|\n|upkeep\n|turn|27\n|\n|t:|1781637508\n|move|p1a: Zapdos|Drill Peck|p2a: Chansey\n|-damage|p2a: Chansey|64/100 slp\n|cant|p2a: Chansey|slp\n|\n|upkeep\n|turn|28\n|\n|t:|1781637510\n|move|p1a: Zapdos|Drill Peck|p2a: Chansey\n|-damage|p2a: Chansey|32/100 slp\n|cant|p2a: Chansey|slp\n|\n|upkeep\n|turn|29\n|\n|t:|1781637511\n|move|p1a: Zapdos|Agility|p1a: Zapdos\n|-boost|p1a: Zapdos|spe|2\n|cant|p2a: Chansey|slp\n|\n|upkeep\n|turn|30\n|\n|t:|1781637513\n|move|p1a: Zapdos|Drill Peck|p2a: Chansey|[miss]\n|-miss|p1a: Zapdos\n|-hint|In Gen 1, moves with 100% accuracy can still miss 1/256 of the time.\n|cant|p2a: Chansey|slp\n|\n|upkeep\n|turn|31\n|\n|t:|1781637514\n|move|p1a: Zapdos|Drill Peck|p2a: Chansey\n|-damage|p2a: Chansey|0 fnt\n|faint|p2a: Chansey\n|\n|t:|1781637515\n|switch|p2a: Tauros|Tauros|100/100\n|turn|32\n|\n|t:|1781637517\n|move|p1a: Zapdos|Thunder Wave|p2a: Tauros\n|-status|p2a: Tauros|par\n|move|p2a: Tauros|Body Slam|p1a: Zapdos\n|-crit|p1a: Zapdos\n|-damage|p1a: Zapdos|43/100\n|\n|upkeep\n|turn|33\n|\n|t:|1781637522\n|move|p1a: Zapdos|Thunderbolt|p2a: Tauros\n|-damage|p2a: Tauros|52/100 par\n|move|p2a: Tauros|Hyper Beam|p1a: Zapdos\n|-crit|p1a: Zapdos\n|-damage|p1a: Zapdos|0 fnt\n|faint|p1a: Zapdos\n|\n|t:|1781637526\n|switch|p1a: Exeggutor|Exeggutor|75/100 par\n|turn|34\n|\n|t:|1781637528\n|move|p2a: Tauros|Body Slam|p1a: Exeggutor\n|-damage|p1a: Exeggutor|49/100 par\n|cant|p1a: Exeggutor|par\n|\n|upkeep\n|turn|35\n|\n|t:|1781637530\n|cant|p2a: Tauros|par\n|move|p1a: Exeggutor|Explosion|p2a: Tauros\n|-damage|p2a: Tauros|0 fnt\n|faint|p2a: Tauros\n|faint|p1a: Exeggutor\n|\n|win|stunner047\n|c|☆stunner047|gg\n|c|☆longestbanana|gg\n","uploadtime":1781637530,"views":"45","formatid":"gen1ou","rating":null,"private":2,"password":null}