{"id":"smogtours-gen1ou-967641","format":"[Gen 1] OU","players":["LNumbers","oligen1"],"log":"|inactive|Battle timer is ON: inactive players will automatically lose when time's up.\n|t:|1788120629\n|gametype|singles\n|player|p1|LNumbers|#rbywc2026|\n|player|p2|oligen1|blue-gen1rbtwo|\n|gen|1\n|tier|[Gen 1] OU\n|rule|Desync Clause Mod: Desyncs resolve to link battle behavior from the acting player's perspective.\n|rule|HP Percentage Mod: HP is shown in percentages\n|rule|Endless Battle Clause: Forcing endless battles is banned\n|rule|Sleep Clause Mod: Limit one foe put to sleep\n|rule|Freeze Clause Mod: Limit one foe frozen\n|rule|Species Clause: Limit one of each Pokémon\n|rule|OHKO Clause: OHKO moves are banned\n|rule|Evasion Moves Clause: Evasion moves are banned\n|\n|t:|1788120629\n|teamsize|p1|6\n|teamsize|p2|6\n|start\n|switch|p1a: Jynx|Jynx|100/100\n|switch|p2a: Alakazam|Alakazam|100/100\n|turn|1\n|inactive|oligen1 also wants the timer to be on.\n|c|☆LNumbers|hf\n|c|☆oligen1|Enjoy :-)\n|\n|t:|1788120639\n|switch|p1a: Chansey|Chansey|100/100\n|move|p2a: Alakazam|Thunder Wave|p1a: Chansey\n|-status|p1a: Chansey|par\n|\n|upkeep\n|turn|2\n|\n|t:|1788120649\n|move|p2a: Alakazam|Psychic|p1a: Chansey\n|-damage|p1a: Chansey|84/100 par\n|move|p1a: Chansey|Sing|p2a: Alakazam|[miss]\n|-miss|p1a: Chansey\n|\n|upkeep\n|turn|3\n|\n|t:|1788120663\n|move|p2a: Alakazam|Psychic|p1a: Chansey\n|-crit|p1a: Chansey\n|-damage|p1a: Chansey|48/100 par\n|cant|p1a: Chansey|par\n|\n|upkeep\n|turn|4\n|\n|t:|1788120668\n|move|p2a: Alakazam|Psychic|p1a: Chansey\n|-damage|p1a: Chansey|31/100 par\n|cant|p1a: Chansey|par\n|\n|upkeep\n|turn|5\n|\n|t:|1788120674\n|move|p2a: Alakazam|Psychic|p1a: Chansey\n|-damage|p1a: Chansey|12/100 par\n|move|p1a: Chansey|Soft-Boiled|p1a: Chansey\n|-heal|p1a: Chansey|62/100 par\n|\n|upkeep\n|turn|6\n|\n|t:|1788120679\n|move|p2a: Alakazam|Psychic|p1a: Chansey\n|-damage|p1a: Chansey|43/100 par\n|-unboost|p1a: Chansey|spa|1\n|-unboost|p1a: Chansey|spd|1\n|move|p1a: Chansey|Soft-Boiled|p1a: Chansey\n|-heal|p1a: Chansey|93/100 par\n|\n|upkeep\n|turn|7\n|\n|t:|1788120685\n|switch|p1a: Jynx|Jynx|100/100\n|move|p2a: Alakazam|Psychic|p1a: Jynx\n|-resisted|p1a: Jynx\n|-damage|p1a: Jynx|79/100\n|\n|upkeep\n|turn|8\n|\n|t:|1788120694\n|switch|p1a: Chansey|Chansey|93/100 par\n|move|p2a: Alakazam|Psychic|p1a: Chansey\n|-crit|p1a: Chansey\n|-damage|p1a: Chansey|60/100 par\n|-unboost|p1a: Chansey|spa|1\n|-unboost|p1a: Chansey|spd|1\n|\n|upkeep\n|turn|9\n|\n|t:|1788120701\n|switch|p1a: Jynx|Jynx|79/100\n|move|p2a: Alakazam|Psychic|p1a: Jynx\n|-resisted|p1a: Jynx\n|-damage|p1a: Jynx|61/100\n|-unboost|p1a: Jynx|spa|1\n|-unboost|p1a: Jynx|spd|1\n|\n|upkeep\n|turn|10\n|\n|t:|1788120708\n|move|p2a: Alakazam|Thunder Wave|p1a: Jynx\n|-status|p1a: Jynx|par\n|move|p1a: Jynx|Lovely Kiss|p2a: Alakazam\n|-status|p2a: Alakazam|slp|[from] move: Lovely Kiss\n|\n|upkeep\n|turn|11\n|\n|t:|1788120716\n|switch|p2a: Snorlax|Snorlax|100/100\n|switch|p1a: Chansey|Chansey|60/100 par\n|\n|upkeep\n|turn|12\n|\n|t:|1788120722\n|move|p2a: Snorlax|Body Slam|p1a: Chansey\n|-damage|p1a: Chansey|19/100 par\n|cant|p1a: Chansey|par\n|\n|upkeep\n|turn|13\n|\n|t:|1788120730\n|switch|p1a: Exeggutor|Exeggutor|100/100\n|move|p2a: Snorlax|Body Slam|p1a: Exeggutor\n|-damage|p1a: Exeggutor|69/100\n|\n|upkeep\n|turn|14\n|\n|t:|1788120755\n|move|p1a: Exeggutor|Stun Spore|p2a: Snorlax\n|-status|p2a: Snorlax|par\n|move|p2a: Snorlax|Body Slam|p1a: Exeggutor\n|-damage|p1a: Exeggutor|39/100\n|-status|p1a: Exeggutor|par\n|\n|upkeep\n|turn|15\n|\n|t:|1788120772\n|switch|p2a: Alakazam|Alakazam|100/100 slp\n|move|p1a: Exeggutor|Psychic|p2a: Alakazam\n|-resisted|p2a: Alakazam\n|-damage|p2a: Alakazam|85/100 slp\n|-unboost|p2a: Alakazam|spa|1\n|-unboost|p2a: Alakazam|spd|1\n|\n|upkeep\n|turn|16\n|\n|t:|1788120781\n|switch|p2a: Starmie|Starmie|100/100\n|move|p1a: Exeggutor|Psychic|p2a: Starmie\n|-resisted|p2a: Starmie\n|-damage|p2a: Starmie|81/100\n|\n|upkeep\n|turn|17\n|\n|t:|1788120795\n|switch|p1a: Starmie|Starmie|100/100\n|move|p2a: Starmie|Blizzard|p1a: Starmie\n|-crit|p1a: Starmie\n|-resisted|p1a: Starmie\n|-damage|p1a: Starmie|71/100\n|\n|upkeep\n|turn|18\n|\n|t:|1788120802\n|switch|p2a: Chansey|Chansey|100/100\n|move|p1a: Starmie|Thunder Wave|p2a: Chansey\n|-status|p2a: Chansey|par\n|\n|upkeep\n|turn|19\n|\n|t:|1788120828\n|switch|p1a: Jynx|Jynx|61/100 par\n|move|p2a: Chansey|Thunderbolt|p1a: Jynx\n|-crit|p1a: Jynx\n|-damage|p1a: Jynx|16/100 par\n|\n|upkeep\n|turn|20\n|inactive|LNumbers has 270 seconds left.\n|inactive|LNumbers has 240 seconds left.\n|\n|t:|1788120880\n|move|p1a: Jynx|Psychic|p2a: Chansey\n|-crit|p2a: Chansey\n|-damage|p2a: Chansey|73/100 par\n|move|p2a: Chansey|Thunderbolt|p1a: Jynx\n|-crit|p1a: Jynx\n|-damage|p1a: Jynx|0 fnt\n|faint|p1a: Jynx\n|\n|t:|1788120892\n|switch|p1a: Snorlax|Snorlax|100/100\n|turn|21\n|\n|t:|1788120922\n|switch|p2a: Snorlax|Snorlax|100/100 par\n|move|p1a: Snorlax|Body Slam|p2a: Snorlax\n|-damage|p2a: Snorlax|74/100 par\n|\n|upkeep\n|turn|22\n|inactive|LNumbers has 240 seconds left.\n|\n|t:|1788120931\n|move|p1a: Snorlax|Body Slam|p2a: Snorlax\n|-damage|p2a: Snorlax|47/100 par\n|cant|p2a: Snorlax|par\n|\n|upkeep\n|turn|23\n|inactive|LNumbers has 240 seconds left.\n|\n|t:|1788120948\n|move|p1a: Snorlax|Body Slam|p2a: Snorlax\n|-damage|p2a: Snorlax|21/100 par\n|cant|p2a: Snorlax|par\n|\n|upkeep\n|turn|24\n|inactive|LNumbers has 240 seconds left.\n|\n|t:|1788120958\n|switch|p2a: Alakazam|Alakazam|85/100 slp\n|move|p1a: Snorlax|Body Slam|p2a: Alakazam\n|-damage|p2a: Alakazam|35/100 slp\n|\n|upkeep\n|turn|25\n|\n|t:|1788120967\n|cant|p2a: Alakazam|slp\n|move|p1a: Snorlax|Body Slam|p2a: Alakazam\n|-damage|p2a: Alakazam|0 fnt\n|faint|p2a: Alakazam\n|\n|t:|1788120973\n|switch|p2a: Exeggutor|Exeggutor|100/100\n|turn|26\n|inactive|LNumbers has 240 seconds left.\n|inactive|LNumbers has 210 seconds left.\n|inactive|LNumbers has 180 seconds left.\n|inactive|LNumbers has 150 seconds left.\n|\n|t:|1788121105\n|switch|p1a: Exeggutor|Exeggutor|39/100 par\n|move|p2a: Exeggutor|Psychic|p1a: Exeggutor\n|-resisted|p1a: Exeggutor\n|-damage|p1a: Exeggutor|25/100 par\n|\n|upkeep\n|turn|27\n|\n|t:|1788121114\n|switch|p2a: Snorlax|Snorlax|21/100 par\n|move|p1a: Exeggutor|Rest|p1a: Exeggutor\n|-status|p1a: Exeggutor|slp|[from] move: Rest\n|-heal|p1a: Exeggutor|100/100 slp|[silent]\n|\n|upkeep\n|turn|28\n|\n|t:|1788121124\n|cant|p1a: Exeggutor|slp\n|cant|p2a: Snorlax|par\n|\n|upkeep\n|turn|29\n|\n|t:|1788121143\n|switch|p1a: Chansey|Chansey|19/100 par\n|move|p2a: Snorlax|Rest|p2a: Snorlax\n|-status|p2a: Snorlax|slp|[from] move: Rest\n|-heal|p2a: Snorlax|100/100 slp|[silent]\n|\n|upkeep\n|turn|30\n|\n|t:|1788121150\n|move|p1a: Chansey|Soft-Boiled|p1a: Chansey\n|-heal|p1a: Chansey|69/100 par\n|cant|p2a: Snorlax|slp\n|\n|upkeep\n|turn|31\n|inactive|LNumbers has 150 seconds left.\n|\n|t:|1788121169\n|move|p1a: Chansey|Soft-Boiled|p1a: Chansey\n|-heal|p1a: Chansey|100/100 par\n|-curestatus|p2a: Snorlax|slp|[msg]\n|\n|upkeep\n|turn|32\n|\n|t:|1788121175\n|switch|p2a: Chansey|Chansey|73/100 par\n|move|p1a: Chansey|Counter|p2a: Chansey\n|-fail|p1a: Chansey\n|\n|upkeep\n|turn|33\n|inactive|LNumbers has 150 seconds left.\n|\n|t:|1788121190\n|switch|p1a: Exeggutor|Exeggutor|100/100 slp\n|move|p2a: Chansey|Soft-Boiled|p2a: Chansey\n|-heal|p2a: Chansey|100/100 par\n|\n|upkeep\n|turn|34\n|\n|t:|1788121195\n|switch|p1a: Chansey|Chansey|100/100 par\n|move|p2a: Chansey|Ice Beam|p1a: Chansey\n|-damage|p1a: Chansey|89/100 par\n|\n|upkeep\n|turn|35\n|\n|t:|1788121210\n|cant|p2a: Chansey|par\n|move|p1a: Chansey|Seismic Toss|p2a: Chansey\n|-damage|p2a: Chansey|86/100 par\n|\n|upkeep\n|turn|36\n|\n|t:|1788121215\n|move|p2a: Chansey|Thunderbolt|p1a: Chansey\n|-crit|p1a: Chansey\n|-damage|p1a: Chansey|70/100 par\n|move|p1a: Chansey|Seismic Toss|p2a: Chansey\n|-damage|p2a: Chansey|72/100 par\n|\n|upkeep\n|turn|37\n|\n|t:|1788121221\n|move|p2a: Chansey|Soft-Boiled|p2a: Chansey\n|-heal|p2a: Chansey|100/100 par\n|cant|p1a: Chansey|par\n|\n|upkeep\n|turn|38\n|\n|t:|1788121228\n|cant|p1a: Chansey|par\n|move|p2a: Chansey|Thunderbolt|p1a: Chansey\n|-damage|p1a: Chansey|59/100 par\n|\n|upkeep\n|turn|39\n|inactive|oligen1 has 270 seconds left.\n|\n|t:|1788121262\n|move|p1a: Chansey|Soft-Boiled|p1a: Chansey\n|-heal|p1a: Chansey|100/100 par\n|cant|p2a: Chansey|par\n|\n|upkeep\n|turn|40\n|\n|t:|1788121267\n|move|p1a: Chansey|Seismic Toss|p2a: Chansey\n|-damage|p2a: Chansey|86/100 par\n|move|p2a: Chansey|Thunderbolt|p1a: Chansey\n|-damage|p1a: Chansey|91/100 par\n|\n|upkeep\n|turn|41\n|\n|t:|1788121273\n|move|p1a: Chansey|Seismic Toss|p2a: Chansey\n|-damage|p2a: Chansey|72/100 par\n|move|p2a: Chansey|Ice Beam|p1a: Chansey\n|-damage|p1a: Chansey|81/100 par\n|\n|upkeep\n|turn|42\n|inactive|LNumbers has 210 seconds left.\n|\n|t:|1788121286\n|move|p1a: Chansey|Seismic Toss|p2a: Chansey\n|-damage|p2a: Chansey|58/100 par\n|cant|p2a: Chansey|par\n|\n|upkeep\n|turn|43\n|\n|t:|1788121292\n|switch|p1a: Snorlax|Snorlax|100/100\n|move|p2a: Chansey|Soft-Boiled|p2a: Chansey\n|-heal|p2a: Chansey|100/100 par\n|\n|upkeep\n|turn|44\n|\n|t:|1788121299\n|switch|p1a: Chansey|Chansey|81/100 par\n|switch|p2a: Snorlax|Snorlax|100/100\n|\n|upkeep\n|turn|45\n|inactive|LNumbers has 210 seconds left.\n|inactive|oligen1 has 270 seconds left.\n|inactive|LNumbers has 180 seconds left.\n|inactive|oligen1 has 240 seconds left.\n|inactive|LNumbers has 150 seconds left.\n|inactive|oligen1 has 210 seconds left.\n|inactive|LNumbers has 120 seconds left.\n|inactive|LNumbers has 90 seconds left.\n|\n|t:|1788121453\n|move|p2a: Snorlax|Self-Destruct|p1a: Chansey\n|-damage|p1a: Chansey|0 fnt\n|faint|p1a: Chansey\n|faint|p2a: Snorlax\n|inactive|LNumbers has 90 seconds left.\n|\n|t:|1788121484\n|switch|p2a: Chansey|Chansey|100/100 par\n|switch|p1a: Starmie|Starmie|71/100\n|turn|46\n|inactive|LNumbers has 60 seconds left.\n|\n|t:|1788121522\n|switch|p1a: Snorlax|Snorlax|100/100\n|switch|p2a: Exeggutor|Exeggutor|100/100\n|\n|upkeep\n|turn|47\n|\n|t:|1788121529\n|switch|p1a: Exeggutor|Exeggutor|100/100 slp\n|move|p2a: Exeggutor|Sleep Powder|p1a: Exeggutor\n|-fail|p1a: Exeggutor|slp\n|\n|upkeep\n|turn|48\n|\n|t:|1788121535\n|move|p2a: Exeggutor|Sleep Powder|p1a: Exeggutor\n|-fail|p1a: Exeggutor|slp\n|-curestatus|p1a: Exeggutor|slp|[msg]\n|\n|upkeep\n|turn|49\n|inactive|LNumbers has 60 seconds left.\n|\n|t:|1788121548\n|switch|p2a: Chansey|Chansey|100/100 par\n|move|p1a: Exeggutor|Stun Spore|p2a: Chansey\n|-fail|p2a: Chansey|par\n|\n|upkeep\n|turn|50\n|inactive|LNumbers has 60 seconds left.\n|inactive|LNumbers has 30 seconds left.\n|\n|t:|1788121589\n|switch|p1a: Snorlax|Snorlax|100/100\n|move|p2a: Chansey|Ice Beam|p1a: Snorlax\n|-damage|p1a: Snorlax|81/100\n|-status|p1a: Snorlax|frz\n|\n|upkeep\n|turn|51\n|c|☆LNumbers|well\n|inactive|LNumbers has 30 seconds left.\n|\n|t:|1788121601\n|switch|p1a: Exeggutor|Exeggutor|100/100\n|switch|p2a: Exeggutor|Exeggutor|100/100\n|\n|upkeep\n|turn|52\n|inactive|oligen1 has 210 seconds left.\n|\n|t:|1788121614\n|move|p1a: Exeggutor|Stun Spore|p2a: Exeggutor\n|-status|p2a: Exeggutor|par\n|move|p2a: Exeggutor|Sleep Powder|p1a: Exeggutor\n|-status|p1a: Exeggutor|slp|[from] move: Sleep Powder\n|\n|upkeep\n|turn|53\n|inactive|oligen1 has 210 seconds left.\n|\n|t:|1788121627\n|switch|p2a: Dragonite|Dragonite|100/100\n|-curestatus|p1a: Exeggutor|slp|[msg]\n|\n|upkeep\n|turn|54\n|inactive|oligen1 has 210 seconds left.\n|\n|t:|1788121640\n|switch|p2a: Exeggutor|Exeggutor|100/100 par\n|move|p1a: Exeggutor|Psychic|p2a: Exeggutor\n|-resisted|p2a: Exeggutor\n|-damage|p2a: Exeggutor|86/100 par\n|\n|upkeep\n|turn|55\n|inactive|LNumbers has 30 seconds left.\n|\n|t:|1788121665\n|move|p1a: Exeggutor|Explosion|p2a: Exeggutor\n|-damage|p2a: Exeggutor|9/100 par\n|faint|p1a: Exeggutor\n|\n|t:|1788121669\n|switch|p1a: Tauros|Tauros|100/100\n|turn|56\n|\n|t:|1788121676\n|move|p1a: Tauros|Body Slam|p2a: Exeggutor\n|-damage|p2a: Exeggutor|0 fnt\n|faint|p2a: Exeggutor\n|\n|t:|1788121681\n|switch|p2a: Starmie|Starmie|81/100\n|turn|57\n|inactive|LNumbers has 30 seconds left.\n|inactive|LNumbers has 20 seconds left.\n|inactive|LNumbers has 15 seconds left.\n|inactive|LNumbers has 10 seconds left.\n|inactive|LNumbers has 5 seconds left.\n|\n|t:|1788121739\n|move|p2a: Starmie|Thunder Wave|p1a: Tauros\n|-status|p1a: Tauros|par\n|move|p1a: Tauros|Body Slam|p2a: Starmie\n|-damage|p2a: Starmie|47/100\n|\n|upkeep\n|turn|58\n|inactive|LNumbers has 15 seconds left this turn.\n|\n|t:|1788121746\n|switch|p1a: Starmie|Starmie|71/100\n|move|p2a: Starmie|Recover|p2a: Starmie\n|-heal|p2a: Starmie|97/100\n|\n|upkeep\n|turn|59\n|inactive|LNumbers has 25 seconds left this turn.\n|inactive|LNumbers has 20 seconds left.\n|inactive|LNumbers has 15 seconds left.\n|\n|t:|1788121758\n|move|p1a: Starmie|Thunder Wave|p2a: Starmie\n|-status|p2a: Starmie|par\n|cant|p2a: Starmie|par\n|\n|upkeep\n|turn|60\n|inactive|LNumbers has 25 seconds left this turn.\n|inactive|LNumbers has 20 seconds left.\n|\n|t:|1788121768\n|switch|p2a: Chansey|Chansey|100/100 par\n|move|p1a: Starmie|Thunderbolt|p2a: Chansey\n|-damage|p2a: Chansey|90/100 par\n|\n|upkeep\n|turn|61\n|inactive|LNumbers has 30 seconds left this turn.\n|inactive|LNumbers has 20 seconds left.\n|\n|t:|1788121780\n|switch|p1a: Tauros|Tauros|100/100 par\n|move|p2a: Chansey|Thunderbolt|p1a: Tauros\n|-damage|p1a: Tauros|75/100 par\n|\n|upkeep\n|turn|62\n|inactive|LNumbers has 30 seconds left this turn.\n|\n|t:|1788121787\n|switch|p2a: Starmie|Starmie|97/100 par\n|move|p1a: Tauros|Body Slam|p2a: Starmie\n|-damage|p2a: Starmie|62/100 par\n|\n|upkeep\n|turn|63\n|\n|t:|1788121793\n|move|p2a: Starmie|Psychic|p1a: Tauros\n|-crit|p1a: Tauros\n|-damage|p1a: Tauros|3/100 par\n|cant|p1a: Tauros|par\n|\n|upkeep\n|turn|64\n|\n|t:|1788121799\n|move|p2a: Starmie|Psychic|p1a: Tauros\n|-damage|p1a: Tauros|0 fnt\n|faint|p1a: Tauros\n|\n|t:|1788121801\n|switch|p1a: Starmie|Starmie|71/100\n|turn|65\n|\n|t:|1788121805\n|switch|p2a: Chansey|Chansey|90/100 par\n|move|p1a: Starmie|Psychic|p2a: Chansey\n|-damage|p2a: Chansey|76/100 par\n|-unboost|p2a: Chansey|spa|1\n|-unboost|p2a: Chansey|spd|1\n|\n|upkeep\n|turn|66\n|\n|t:|1788121812\n|move|p1a: Starmie|Psychic|p2a: Chansey\n|-damage|p2a: Chansey|54/100 par\n|-unboost|p2a: Chansey|spa|1\n|-unboost|p2a: Chansey|spd|1\n|move|p2a: Chansey|Thunder Wave|p1a: Starmie\n|-status|p1a: Starmie|par\n|\n|upkeep\n|turn|67\n|\n|t:|1788121824\n|cant|p1a: Starmie|par\n|move|p2a: Chansey|Soft-Boiled|p2a: Chansey\n|-heal|p2a: Chansey|100/100 par\n|\n|upkeep\n|turn|68\n|\n|t:|1788121832\n|move|p1a: Starmie|Thunderbolt|p2a: Chansey\n|-damage|p2a: Chansey|81/100 par\n|move|p2a: Chansey|Thunderbolt|p1a: Starmie\n|-supereffective|p1a: Starmie\n|-damage|p1a: Starmie|48/100 par\n|\n|upkeep\n|turn|69\n|\n|t:|1788121840\n|switch|p2a: Starmie|Starmie|62/100 par\n|cant|p1a: Starmie|par\n|\n|upkeep\n|turn|70\n|\n|t:|1788121845\n|switch|p2a: Chansey|Chansey|81/100 par\n|move|p1a: Starmie|Recover|p1a: Starmie\n|-heal|p1a: Starmie|98/100 par\n|\n|upkeep\n|turn|71\n|\n|t:|1788121851\n|move|p1a: Starmie|Psychic|p2a: Chansey\n|-crit|p2a: Chansey\n|-damage|p2a: Chansey|53/100 par\n|cant|p2a: Chansey|par\n|\n|upkeep\n|turn|72\n|\n|t:|1788121856\n|move|p1a: Starmie|Psychic|p2a: Chansey\n|-damage|p2a: Chansey|38/100 par\n|cant|p2a: Chansey|par\n|\n|upkeep\n|turn|73\n|\n|t:|1788121861\n|cant|p1a: Starmie|par\n|move|p2a: Chansey|Soft-Boiled|p2a: Chansey\n|-heal|p2a: Chansey|88/100 par\n|\n|upkeep\n|turn|74\n|\n|t:|1788121866\n|cant|p1a: Starmie|par\n|cant|p2a: Chansey|par\n|\n|upkeep\n|turn|75\n|\n|t:|1788121870\n|move|p1a: Starmie|Psychic|p2a: Chansey\n|-damage|p2a: Chansey|74/100 par\n|cant|p2a: Chansey|par\n|\n|upkeep\n|turn|76\n|\n|t:|1788121875\n|move|p1a: Starmie|Psychic|p2a: Chansey\n|-damage|p2a: Chansey|61/100 par\n|move|p2a: Chansey|Soft-Boiled|p2a: Chansey\n|-heal|p2a: Chansey|100/100 par\n|\n|upkeep\n|turn|77\n|\n|t:|1788121881\n|move|p1a: Starmie|Psychic|p2a: Chansey\n|-damage|p2a: Chansey|86/100 par\n|move|p2a: Chansey|Thunderbolt|p1a: Starmie\n|-supereffective|p1a: Starmie\n|-damage|p1a: Starmie|52/100 par\n|\n|upkeep\n|turn|78\n|\n|t:|1788121887\n|move|p1a: Starmie|Recover|p1a: Starmie\n|-heal|p1a: Starmie|100/100 par\n|cant|p2a: Chansey|par\n|\n|upkeep\n|turn|79\n|\n|t:|1788121891\n|move|p1a: Starmie|Psychic|p2a: Chansey\n|-damage|p2a: Chansey|72/100 par\n|move|p2a: Chansey|Thunderbolt|p1a: Starmie\n|-supereffective|p1a: Starmie\n|-damage|p1a: Starmie|53/100 par\n|\n|upkeep\n|turn|80\n|\n|t:|1788121898\n|move|p1a: Starmie|Recover|p1a: Starmie\n|-heal|p1a: Starmie|100/100 par\n|move|p2a: Chansey|Thunderbolt|p1a: Starmie\n|-supereffective|p1a: Starmie\n|-damage|p1a: Starmie|48/100 par\n|\n|upkeep\n|turn|81\n|\n|t:|1788121903\n|cant|p1a: Starmie|par\n|move|p2a: Chansey|Thunderbolt|p1a: Starmie\n|-supereffective|p1a: Starmie\n|-damage|p1a: Starmie|0 fnt\n|faint|p1a: Starmie\n|c|☆LNumbers|gg\n|c|☆oligen1|gg wp\n|-message|LNumbers forfeited.\n|\n|win|oligen1\n|c|☆LNumbers|/log LNumbers made the replay of this battle unlisted.\n|player|p1|\n","uploadtime":1788121910,"views":"100","formatid":"gen1ou","rating":null,"private":2,"password":null}