{"id":"smogtours-gen1ou-950696","format":"[Gen 1] OU","players":["TG2513","Soda Krys"],"log":"|inactive|Battle timer is ON: inactive players will automatically lose when time's up.\n|t:|1782581003\n|gametype|singles\n|player|p1|TG2513|brycenman|\n|player|p2|Soda Krys|gwynn|\n|gen|1\n|tier|[Gen 1] OU\n|rule|Desync Clause Mod: Desyncs changed to move failure.\n|rule|HP Percentage Mod: HP is shown in percentages\n|rule|Endless Battle Clause: Forcing endless battles is banned\n|rule|Sleep Clause Mod: Limit one foe put to sleep\n|rule|Freeze Clause Mod: Limit one foe frozen\n|rule|Species Clause: Limit one of each Pokémon\n|rule|OHKO Clause: OHKO moves are banned\n|rule|Evasion Moves Clause: Evasion moves are banned\n|\n|t:|1782581003\n|teamsize|p1|6\n|teamsize|p2|6\n|start\n|switch|p1a: Chansey|Chansey|100/100\n|switch|p2a: Shouko Komi|Gengar|100/100\n|turn|1\n|\n|t:|1782581007\n|switch|p1a: Starmie|Starmie|100/100\n|move|p2a: Shouko Komi|Hypnosis|p1a: Starmie\n|-status|p1a: Starmie|slp|[from] move: Hypnosis\n|\n|upkeep\n|turn|2\n|\n|t:|1782581011\n|switch|p1a: Exeggutor|Exeggutor|100/100\n|move|p2a: Shouko Komi|Explosion|p1a: Exeggutor\n|-damage|p1a: Exeggutor|38/100\n|faint|p2a: Shouko Komi\n|\n|t:|1782581013\n|switch|p2a: Kaede Otori|Zapdos|100/100\n|turn|3\n|\n|t:|1782581016\n|switch|p2a: Nene Onemine|Exeggutor|100/100\n|switch|p1a: Rhydon|Rhydon|100/100\n|\n|upkeep\n|turn|4\n|\n|t:|1782581020\n|switch|p1a: Exeggutor|Exeggutor|38/100\n|move|p2a: Nene Onemine|Stun Spore|p1a: Exeggutor\n|-status|p1a: Exeggutor|par\n|\n|upkeep\n|turn|5\n|\n|t:|1782581023\n|move|p2a: Nene Onemine|Psychic|p1a: Exeggutor\n|-resisted|p1a: Exeggutor\n|-damage|p1a: Exeggutor|26/100 par\n|move|p1a: Exeggutor|Sleep Powder|p2a: Nene Onemine\n|-status|p2a: Nene Onemine|slp|[from] move: Sleep Powder\n|\n|upkeep\n|turn|6\n|\n|t:|1782581026\n|cant|p2a: Nene Onemine|slp\n|move|p1a: Exeggutor|Explosion|p2a: Nene Onemine\n|-damage|p2a: Nene Onemine|21/100 slp\n|faint|p1a: Exeggutor\n|\n|t:|1782581031\n|switch|p1a: Rhydon|Rhydon|100/100\n|turn|7\n|\n|t:|1782581036\n|-curestatus|p2a: Nene Onemine|slp|[msg]\n|move|p1a: Rhydon|Body Slam|p2a: Nene Onemine\n|-damage|p2a: Nene Onemine|0 fnt\n|faint|p2a: Nene Onemine\n|\n|t:|1782581038\n|switch|p2a: Hitohito Todano|Snorlax|100/100\n|turn|8\n|\n|t:|1782581041\n|switch|p1a: Snorlax|Snorlax|100/100\n|move|p2a: Hitohito Todano|Ice Beam|p1a: Snorlax\n|-crit|p1a: Snorlax\n|-damage|p1a: Snorlax|74/100\n|\n|upkeep\n|turn|9\n|\n|t:|1782581043\n|move|p2a: Hitohito Todano|Ice Beam|p1a: Snorlax\n|-damage|p1a: Snorlax|60/100\n|move|p1a: Snorlax|Reflect|p1a: Snorlax\n|-start|p1a: Snorlax|Reflect\n|\n|upkeep\n|turn|10\n|\n|t:|1782581046\n|move|p1a: Snorlax|Ice Beam|p2a: Hitohito Todano\n|-damage|p2a: Hitohito Todano|85/100\n|move|p2a: Hitohito Todano|Reflect|p2a: Hitohito Todano\n|-start|p2a: Hitohito Todano|Reflect\n|\n|upkeep\n|turn|11\n|\n|t:|1782581047\n|move|p1a: Snorlax|Ice Beam|p2a: Hitohito Todano\n|-damage|p2a: Hitohito Todano|71/100\n|move|p2a: Hitohito Todano|Ice Beam|p1a: Snorlax\n|-damage|p1a: Snorlax|45/100\n|\n|upkeep\n|turn|12\n|\n|t:|1782581049\n|move|p1a: Snorlax|Ice Beam|p2a: Hitohito Todano\n|-damage|p2a: Hitohito Todano|58/100\n|move|p2a: Hitohito Todano|Ice Beam|p1a: Snorlax\n|-damage|p1a: Snorlax|30/100\n|\n|upkeep\n|turn|13\n|\n|t:|1782581050\n|move|p1a: Snorlax|Rest|p1a: Snorlax\n|-status|p1a: Snorlax|slp|[from] move: Rest\n|-heal|p1a: Snorlax|100/100 slp|[silent]\n|move|p2a: Hitohito Todano|Ice Beam|p1a: Snorlax\n|-damage|p1a: Snorlax|86/100 slp\n|\n|upkeep\n|turn|14\n|\n|t:|1782581052\n|cant|p1a: Snorlax|slp\n|move|p2a: Hitohito Todano|Body Slam|p1a: Snorlax\n|-damage|p1a: Snorlax|72/100 slp\n|\n|upkeep\n|turn|15\n|\n|t:|1782581055\n|move|p2a: Hitohito Todano|Ice Beam|p1a: Snorlax\n|-damage|p1a: Snorlax|57/100 slp\n|-curestatus|p1a: Snorlax|slp|[msg]\n|\n|upkeep\n|turn|16\n|\n|t:|1782581057\n|move|p2a: Hitohito Todano|Ice Beam|p1a: Snorlax\n|-damage|p1a: Snorlax|43/100\n|move|p1a: Snorlax|Ice Beam|p2a: Hitohito Todano\n|-damage|p2a: Hitohito Todano|45/100\n|\n|upkeep\n|turn|17\n|\n|t:|1782581059\n|move|p2a: Hitohito Todano|Ice Beam|p1a: Snorlax\n|-damage|p1a: Snorlax|29/100\n|move|p1a: Snorlax|Ice Beam|p2a: Hitohito Todano\n|-crit|p2a: Hitohito Todano\n|-damage|p2a: Hitohito Todano|17/100\n|\n|upkeep\n|turn|18\n|\n|t:|1782581063\n|move|p2a: Hitohito Todano|Rest|p2a: Hitohito Todano\n|-status|p2a: Hitohito Todano|slp|[from] move: Rest\n|-heal|p2a: Hitohito Todano|100/100 slp|[silent]\n|move|p1a: Snorlax|Rest|p1a: Snorlax\n|-status|p1a: Snorlax|slp|[from] move: Rest\n|-heal|p1a: Snorlax|100/100 slp|[silent]\n|\n|upkeep\n|turn|19\n|\n|t:|1782581064\n|cant|p1a: Snorlax|slp\n|cant|p2a: Hitohito Todano|slp\n|\n|upkeep\n|turn|20\n|\n|t:|1782581066\n|-curestatus|p2a: Hitohito Todano|slp|[msg]\n|-curestatus|p1a: Snorlax|slp|[msg]\n|\n|upkeep\n|turn|21\n|\n|t:|1782581067\n|move|p2a: Hitohito Todano|Ice Beam|p1a: Snorlax\n|-damage|p1a: Snorlax|87/100\n|move|p1a: Snorlax|Ice Beam|p2a: Hitohito Todano\n|-damage|p2a: Hitohito Todano|87/100\n|\n|upkeep\n|turn|22\n|\n|t:|1782581069\n|move|p1a: Snorlax|Ice Beam|p2a: Hitohito Todano\n|-damage|p2a: Hitohito Todano|72/100\n|move|p2a: Hitohito Todano|Ice Beam|p1a: Snorlax\n|-damage|p1a: Snorlax|73/100\n|\n|upkeep\n|turn|23\n|\n|t:|1782581071\n|move|p2a: Hitohito Todano|Ice Beam|p1a: Snorlax\n|-damage|p1a: Snorlax|59/100\n|move|p1a: Snorlax|Ice Beam|p2a: Hitohito Todano\n|-damage|p2a: Hitohito Todano|57/100\n|\n|upkeep\n|turn|24\n|\n|t:|1782581073\n|move|p1a: Snorlax|Ice Beam|p2a: Hitohito Todano\n|-damage|p2a: Hitohito Todano|44/100\n|move|p2a: Hitohito Todano|Ice Beam|p1a: Snorlax\n|-damage|p1a: Snorlax|45/100\n|\n|upkeep\n|turn|25\n|\n|t:|1782581075\n|move|p2a: Hitohito Todano|Ice Beam|p1a: Snorlax\n|-damage|p1a: Snorlax|32/100\n|move|p1a: Snorlax|Rest|p1a: Snorlax\n|-status|p1a: Snorlax|slp|[from] move: Rest\n|-heal|p1a: Snorlax|100/100 slp|[silent]\n|\n|upkeep\n|turn|26\n|\n|t:|1782581077\n|cant|p1a: Snorlax|slp\n|move|p2a: Hitohito Todano|Body Slam|p1a: Snorlax\n|-damage|p1a: Snorlax|88/100 slp\n|\n|upkeep\n|turn|27\n|\n|t:|1782581078\n|move|p2a: Hitohito Todano|Body Slam|p1a: Snorlax\n|-damage|p1a: Snorlax|74/100 slp\n|-curestatus|p1a: Snorlax|slp|[msg]\n|\n|upkeep\n|turn|28\n|\n|t:|1782581081\n|move|p2a: Hitohito Todano|Ice Beam|p1a: Snorlax\n|-damage|p1a: Snorlax|59/100\n|-status|p1a: Snorlax|frz\n|cant|p1a: Snorlax|frz\n|\n|upkeep\n|turn|29\n|\n|t:|1782581092\n|move|p2a: Hitohito Todano|Body Slam|p1a: Snorlax\n|-damage|p1a: Snorlax|46/100 frz\n|cant|p1a: Snorlax|frz\n|\n|upkeep\n|turn|30\n|\n|t:|1782581094\n|move|p2a: Hitohito Todano|Rest|p2a: Hitohito Todano\n|-status|p2a: Hitohito Todano|slp|[from] move: Rest\n|-heal|p2a: Hitohito Todano|100/100 slp|[silent]\n|cant|p1a: Snorlax|frz\n|\n|upkeep\n|turn|31\n|\n|t:|1782581095\n|switch|p1a: Chansey|Chansey|100/100\n|cant|p2a: Hitohito Todano|slp\n|\n|upkeep\n|turn|32\n|\n|t:|1782581101\n|move|p1a: Chansey|Ice Beam|p2a: Hitohito Todano\n|-damage|p2a: Hitohito Todano|82/100 slp\n|-curestatus|p2a: Hitohito Todano|slp|[msg]\n|\n|upkeep\n|turn|33\n|\n|t:|1782581103\n|move|p1a: Chansey|Sing|p2a: Hitohito Todano\n|-status|p2a: Hitohito Todano|slp|[from] move: Sing\n|cant|p2a: Hitohito Todano|slp\n|\n|upkeep\n|turn|34\n|\n|t:|1782581108\n|switch|p2a: Rumiko Manbagi|Chansey|100/100\n|move|p1a: Chansey|Ice Beam|p2a: Rumiko Manbagi\n|-damage|p2a: Rumiko Manbagi|90/100\n|\n|upkeep\n|turn|35\n|\n|t:|1782581112\n|move|p2a: Rumiko Manbagi|Thunder Wave|p1a: Chansey\n|-status|p1a: Chansey|par\n|move|p1a: Chansey|Ice Beam|p2a: Rumiko Manbagi\n|-crit|p2a: Rumiko Manbagi\n|-damage|p2a: Rumiko Manbagi|70/100\n|-status|p2a: Rumiko Manbagi|frz\n|\n|upkeep\n|turn|36\n|\n|t:|1782581117\n|switch|p2a: Najimi Osana|Tauros|100/100\n|switch|p1a: Tauros|Tauros|100/100\n|\n|upkeep\n|turn|37\n|\n|t:|1782581122\n|move|p1a: Tauros|Body Slam|p2a: Najimi Osana\n|-damage|p2a: Najimi Osana|73/100\n|move|p2a: Najimi Osana|Body Slam|p1a: Tauros\n|-damage|p1a: Tauros|71/100\n|\n|upkeep\n|turn|38\n|\n|t:|1782581125\n|move|p2a: Najimi Osana|Body Slam|p1a: Tauros\n|-damage|p1a: Tauros|41/100\n|move|p1a: Tauros|Body Slam|p2a: Najimi Osana\n|-damage|p2a: Najimi Osana|45/100\n|\n|upkeep\n|turn|39\n|\n|t:|1782581129\n|switch|p1a: Rhydon|Rhydon|100/100\n|move|p2a: Najimi Osana|Blizzard|p1a: Rhydon\n|-crit|p1a: Rhydon\n|-supereffective|p1a: Rhydon\n|-damage|p1a: Rhydon|0 fnt\n|faint|p1a: Rhydon\n|-message|TG2513 forfeited.\n|\n|win|Soda Krys\n|player|p1|\n","uploadtime":1782581141,"views":"101","formatid":"gen1ou","rating":null,"private":0,"password":null}