{"id":"smogtours-gen1ou-957295","format":"[Gen 1] OU","players":["Unowndragon","Serpi n_n"],"log":"|inactive|Battle timer is ON: inactive players will automatically lose when time's up.\n|t:|1784454142\n|gametype|singles\n|player|p1|Unowndragon|#uplximelmetal|\n|player|p2|Serpi n_n|#rbywc2023|\n|gen|1\n|tier|[Gen 1] OU\n|rule|Desync Clause Mod: Desyncs resolve to link battle behavior from the acting player's perspective.\n|rule|HP Percentage Mod: HP is shown in percentages\n|rule|Endless Battle Clause: Forcing endless battles is banned\n|rule|Sleep Clause Mod: Limit one foe put to sleep\n|rule|Freeze Clause Mod: Limit one foe frozen\n|rule|Species Clause: Limit one of each Pokémon\n|rule|OHKO Clause: OHKO moves are banned\n|rule|Evasion Moves Clause: Evasion moves are banned\n|\n|t:|1784454142\n|teamsize|p1|6\n|teamsize|p2|6\n|start\n|switch|p1a: Chansey|Chansey|100/100\n|switch|p2a: Starmie|Starmie|100/100\n|turn|1\n|c|☆Serpi n_n|hf\n|c|☆Unowndragon|u2\n|\n|t:|1784454150\n|move|p2a: Starmie|Blizzard|p1a: Chansey\n|-crit|p1a: Chansey\n|-damage|p1a: Chansey|76/100\n|move|p1a: Chansey|Sing|p2a: Starmie\n|-status|p2a: Starmie|slp|[from] move: Sing\n|\n|upkeep\n|turn|2\n|\n|t:|1784454163\n|switch|p2a: Exeggutor|Exeggutor|100/100\n|move|p1a: Chansey|Thunder Wave|p2a: Exeggutor\n|-status|p2a: Exeggutor|par\n|\n|upkeep\n|turn|3\n|\n|t:|1784454167\n|move|p1a: Chansey|Ice Beam|p2a: Exeggutor\n|-crit|p2a: Exeggutor\n|-supereffective|p2a: Exeggutor\n|-damage|p2a: Exeggutor|34/100 par\n|cant|p2a: Exeggutor|par\n|\n|upkeep\n|turn|4\n|\n|t:|1784454183\n|move|p1a: Chansey|Ice Beam|p2a: Exeggutor\n|-supereffective|p2a: Exeggutor\n|-damage|p2a: Exeggutor|0 fnt\n|faint|p2a: Exeggutor\n|\n|t:|1784454188\n|switch|p2a: Alakazam|Alakazam|100/100\n|turn|5\n|c|☆Unowndragon|.sry、\n|\n|t:|1784454196\n|move|p2a: Alakazam|Thunder Wave|p1a: Chansey\n|-status|p1a: Chansey|par\n|move|p1a: Chansey|Thunder Wave|p2a: Alakazam\n|-status|p2a: Alakazam|par\n|\n|upkeep\n|turn|6\n|\n|t:|1784454221\n|cant|p2a: Alakazam|par\n|move|p1a: Chansey|Soft-Boiled|p1a: Chansey\n|-heal|p1a: Chansey|100/100 par\n|\n|upkeep\n|turn|7\n|\n|t:|1784454226\n|move|p2a: Alakazam|Psychic|p1a: Chansey\n|-damage|p1a: Chansey|82/100 par\n|move|p1a: Chansey|Ice Beam|p2a: Alakazam\n|-damage|p2a: Alakazam|82/100 par\n|\n|upkeep\n|turn|8\n|\n|t:|1784454237\n|move|p2a: Alakazam|Psychic|p1a: Chansey\n|-damage|p1a: Chansey|64/100 par\n|cant|p1a: Chansey|par\n|\n|upkeep\n|turn|9\n|\n|t:|1784454254\n|move|p2a: Alakazam|Recover|p2a: Alakazam\n|-heal|p2a: Alakazam|100/100 par\n|cant|p1a: Chansey|par\n|\n|upkeep\n|turn|10\n|\n|t:|1784454261\n|switch|p2a: Snorlax|Snorlax|100/100\n|cant|p1a: Chansey|par\n|\n|upkeep\n|turn|11\n|\n|t:|1784454268\n|switch|p1a: Exeggutor|Exeggutor|100/100\n|move|p2a: Snorlax|Body Slam|p1a: Exeggutor\n|-damage|p1a: Exeggutor|70/100\n|\n|upkeep\n|turn|12\n|\n|t:|1784454281\n|switch|p2a: Alakazam|Alakazam|100/100 par\n|move|p1a: Exeggutor|Psychic|p2a: Alakazam\n|-resisted|p2a: Alakazam\n|-damage|p2a: Alakazam|85/100 par\n|\n|upkeep\n|turn|13\n|inactive|Serpi n_n has 270 seconds left.\n|\n|t:|1784454318\n|move|p1a: Exeggutor|Psychic|p2a: Alakazam\n|-resisted|p2a: Alakazam\n|-damage|p2a: Alakazam|70/100 par\n|-unboost|p2a: Alakazam|spa|1\n|-unboost|p2a: Alakazam|spd|1\n|cant|p2a: Alakazam|par\n|\n|upkeep\n|turn|14\n|inactive|Serpi n_n has 270 seconds left.\n|\n|t:|1784454325\n|switch|p1a: Rhydon|Rhydon|100/100\n|move|p2a: Alakazam|Thunder Wave|p1a: Rhydon\n|-immune|p1a: Rhydon\n|\n|upkeep\n|turn|15\n|\n|t:|1784454332\n|switch|p2a: Cloyster|Cloyster|100/100\n|move|p1a: Rhydon|Earthquake|p2a: Cloyster\n|-damage|p2a: Cloyster|67/100\n|\n|upkeep\n|turn|16\n|\n|t:|1784454339\n|switch|p1a: Chansey|Chansey|64/100 par\n|move|p2a: Cloyster|Blizzard|p1a: Chansey\n|-damage|p1a: Chansey|47/100 par\n|\n|upkeep\n|turn|17\n|\n|t:|1784454344\n|move|p2a: Cloyster|Clamp|p1a: Chansey\n|-crit|p1a: Chansey\n|-damage|p1a: Chansey|38/100 par\n|cant|p1a: Chansey|partiallytrapped\n|\n|upkeep\n|turn|18\n|\n|t:|1784454346\n|switch|p1a: Starmie|Starmie|100/100\n|move|p2a: Cloyster|Clamp|p1a: Starmie|[miss]\n|-miss|p2a: Cloyster\n|\n|upkeep\n|turn|19\n|inactive|Serpi n_n has 270 seconds left.\n|\n|t:|1784454382\n|switch|p2a: Alakazam|Alakazam|70/100 par\n|move|p1a: Starmie|Surf|p2a: Alakazam\n|-damage|p2a: Alakazam|42/100 par\n|\n|upkeep\n|turn|20\n|inactive|Serpi n_n has 270 seconds left.\n|\n|t:|1784454389\n|switch|p1a: Rhydon|Rhydon|100/100\n|move|p2a: Alakazam|Recover|p2a: Alakazam\n|-heal|p2a: Alakazam|92/100 par\n|\n|upkeep\n|turn|21\n|\n|t:|1784454397\n|switch|p2a: Cloyster|Cloyster|67/100\n|move|p1a: Rhydon|Body Slam|p2a: Cloyster\n|-damage|p2a: Cloyster|51/100\n|-status|p2a: Cloyster|par\n|\n|upkeep\n|turn|22\n|\n|t:|1784454406\n|switch|p1a: Chansey|Chansey|38/100 par\n|move|p2a: Cloyster|Rest|p2a: Cloyster\n|-status|p2a: Cloyster|slp|[from] move: Rest\n|-heal|p2a: Cloyster|100/100 slp|[silent]\n|\n|upkeep\n|turn|23\n|\n|t:|1784454412\n|cant|p2a: Cloyster|slp\n|move|p1a: Chansey|Soft-Boiled|p1a: Chansey\n|-heal|p1a: Chansey|88/100 par\n|\n|upkeep\n|turn|24\n|\n|t:|1784454426\n|-curestatus|p2a: Cloyster|slp|[msg]\n|move|p1a: Chansey|Thunder Wave|p2a: Cloyster\n|-status|p2a: Cloyster|par\n|\n|upkeep\n|turn|25\n|\n|t:|1784454430\n|move|p1a: Chansey|Ice Beam|p2a: Cloyster\n|-resisted|p2a: Cloyster\n|-damage|p2a: Cloyster|94/100 par\n|cant|p2a: Cloyster|par\n|\n|upkeep\n|turn|26\n|\n|t:|1784454437\n|cant|p1a: Chansey|par\n|move|p2a: Cloyster|Blizzard|p1a: Chansey\n|-damage|p1a: Chansey|71/100 par\n|\n|upkeep\n|turn|27\n|\n|t:|1784454444\n|switch|p2a: Snorlax|Snorlax|100/100\n|cant|p1a: Chansey|par\n|\n|upkeep\n|turn|28\n|\n|t:|1784454466\n|move|p2a: Snorlax|Hyper Beam|p1a: Chansey\n|-damage|p1a: Chansey|0 fnt\n|faint|p1a: Chansey\n|\n|t:|1784454475\n|switch|p1a: Snorlax|Snorlax|100/100\n|turn|29\n|\n|t:|1784454489\n|move|p2a: Snorlax|Body Slam|p1a: Snorlax\n|-damage|p1a: Snorlax|72/100\n|move|p1a: Snorlax|Body Slam|p2a: Snorlax\n|-damage|p2a: Snorlax|76/100\n|\n|upkeep\n|turn|30\n|\n|t:|1784454502\n|move|p2a: Snorlax|Body Slam|p1a: Snorlax\n|-damage|p1a: Snorlax|44/100\n|move|p1a: Snorlax|Reflect|p1a: Snorlax\n|-start|p1a: Snorlax|Reflect\n|\n|upkeep\n|turn|31\n|\n|t:|1784454512\n|switch|p2a: Cloyster|Cloyster|94/100 par\n|move|p1a: Snorlax|Body Slam|p2a: Cloyster\n|-damage|p2a: Cloyster|69/100 par\n|\n|upkeep\n|turn|32\n|inactive|Serpi n_n has 270 seconds left.\n|\n|t:|1784454551\n|move|p1a: Snorlax|Body Slam|p2a: Cloyster\n|-damage|p2a: Cloyster|46/100 par\n|move|p2a: Cloyster|Blizzard|p1a: Snorlax\n|-damage|p1a: Snorlax|10/100\n|\n|upkeep\n|turn|33\n|inactive|Serpi n_n has 270 seconds left.\n|\n|t:|1784454562\n|move|p1a: Snorlax|Body Slam|p2a: Cloyster\n|-damage|p2a: Cloyster|24/100 par\n|cant|p2a: Cloyster|par\n|\n|upkeep\n|turn|34\n|\n|t:|1784454568\n|move|p1a: Snorlax|Hyper Beam|p2a: Cloyster|[miss]\n|-miss|p1a: Snorlax\n|move|p2a: Cloyster|Rest|p2a: Cloyster\n|-status|p2a: Cloyster|slp|[from] move: Rest\n|-heal|p2a: Cloyster|100/100 slp|[silent]\n|\n|upkeep\n|turn|35\n|\n|t:|1784454573\n|move|p1a: Snorlax|Rest|p1a: Snorlax\n|-status|p1a: Snorlax|slp|[from] move: Rest\n|-heal|p1a: Snorlax|100/100 slp|[silent]\n|cant|p2a: Cloyster|slp\n|\n|upkeep\n|turn|36\n|\n|t:|1784454579\n|cant|p1a: Snorlax|slp\n|-curestatus|p2a: Cloyster|slp|[msg]\n|\n|upkeep\n|turn|37\n|\n|t:|1784454582\n|-curestatus|p1a: Snorlax|slp|[msg]\n|move|p2a: Cloyster|Blizzard|p1a: Snorlax\n|-damage|p1a: Snorlax|69/100\n|\n|upkeep\n|turn|38\n|\n|t:|1784454588\n|move|p1a: Snorlax|Body Slam|p2a: Cloyster\n|-damage|p2a: Cloyster|78/100\n|-status|p2a: Cloyster|par\n|move|p2a: Cloyster|Blizzard|p1a: Snorlax\n|-damage|p1a: Snorlax|35/100\n|\n|upkeep\n|turn|39\n|\n|t:|1784454609\n|move|p1a: Snorlax|Body Slam|p2a: Cloyster\n|-crit|p2a: Cloyster\n|-damage|p2a: Cloyster|34/100 par\n|move|p2a: Cloyster|Rest|p2a: Cloyster\n|-status|p2a: Cloyster|slp|[from] move: Rest\n|-heal|p2a: Cloyster|100/100 slp|[silent]\n|\n|upkeep\n|turn|40\n|\n|t:|1784454619\n|move|p1a: Snorlax|Body Slam|p2a: Cloyster\n|-damage|p2a: Cloyster|77/100 slp\n|cant|p2a: Cloyster|slp\n|\n|upkeep\n|turn|41\n|\n|t:|1784454628\n|switch|p1a: Starmie|Starmie|100/100\n|-curestatus|p2a: Cloyster|slp|[msg]\n|\n|upkeep\n|turn|42\n|\n|t:|1784454641\n|move|p1a: Starmie|Surf|p2a: Cloyster\n|-resisted|p2a: Cloyster\n|-damage|p2a: Cloyster|56/100\n|move|p2a: Cloyster|Blizzard|p1a: Starmie\n|-resisted|p1a: Starmie\n|-damage|p1a: Starmie|82/100\n|-status|p1a: Starmie|frz\n|\n|upkeep\n|turn|43\n|\n|t:|1784454654\n|switch|p2a: Tauros|Tauros|100/100\n|cant|p1a: Starmie|frz\n|\n|upkeep\n|turn|44\n|\n|t:|1784454659\n|switch|p1a: Exeggutor|Exeggutor|70/100\n|move|p2a: Tauros|Body Slam|p1a: Exeggutor\n|-damage|p1a: Exeggutor|40/100\n|\n|upkeep\n|turn|45\n|inactive|Serpi n_n has 270 seconds left.\n|inactive|Serpi n_n has 240 seconds left.\n|inactive|Serpi n_n has 210 seconds left.\n|\n|t:|1784454753\n|switch|p2a: Alakazam|Alakazam|92/100 par\n|switch|p1a: Rhydon|Rhydon|100/100\n|\n|upkeep\n|turn|46\n|\n|t:|1784454768\n|move|p1a: Rhydon|Earthquake|p2a: Alakazam\n|-damage|p2a: Alakazam|22/100 par\n|move|p2a: Alakazam|Psychic|p1a: Rhydon\n|-damage|p1a: Rhydon|48/100\n|-unboost|p1a: Rhydon|spa|1\n|-unboost|p1a: Rhydon|spd|1\n|\n|upkeep\n|turn|47\n|inactive|Serpi n_n has 210 seconds left.\n|\n|t:|1784454788\n|move|p1a: Rhydon|Body Slam|p2a: Alakazam\n|-damage|p2a: Alakazam|0 fnt\n|faint|p2a: Alakazam\n|\n|t:|1784454795\n|switch|p2a: Tauros|Tauros|100/100\n|turn|48\n|inactive|Serpi n_n has 210 seconds left.\n|\n|t:|1784454807\n|switch|p1a: Starmie|Starmie|82/100 frz\n|move|p2a: Tauros|Earthquake|p1a: Starmie\n|-crit|p1a: Starmie\n|-damage|p1a: Starmie|32/100 frz\n|\n|upkeep\n|turn|49\n|\n|t:|1784454813\n|cant|p1a: Starmie|frz\n|move|p2a: Tauros|Body Slam|p1a: Starmie\n|-damage|p1a: Starmie|0 fnt\n|faint|p1a: Starmie\n|\n|t:|1784454816\n|switch|p1a: Tauros|Tauros|100/100\n|turn|50\n|\n|t:|1784454825\n|move|p2a: Tauros|Body Slam|p1a: Tauros\n|-damage|p1a: Tauros|70/100\n|move|p1a: Tauros|Body Slam|p2a: Tauros\n|-crit|p2a: Tauros\n|-damage|p2a: Tauros|41/100\n|\n|upkeep\n|turn|51\n|\n|t:|1784454845\n|switch|p2a: Snorlax|Snorlax|76/100\n|move|p1a: Tauros|Body Slam|p2a: Snorlax\n|-damage|p2a: Snorlax|52/100\n|\n|upkeep\n|turn|52\n|inactive|Serpi n_n has 210 seconds left.\n|inactive|Serpi n_n has 180 seconds left.\n|inactive|Serpi n_n has 150 seconds left.\n|\n|t:|1784454944\n|switch|p1a: Rhydon|Rhydon|48/100\n|move|p2a: Snorlax|Body Slam|p1a: Rhydon\n|-resisted|p1a: Rhydon\n|-damage|p1a: Rhydon|36/100\n|\n|upkeep\n|turn|53\n|\n|t:|1784454959\n|switch|p2a: Starmie|Starmie|100/100 slp\n|move|p1a: Rhydon|Earthquake|p2a: Starmie\n|-damage|p2a: Starmie|51/100 slp\n|\n|upkeep\n|turn|54\n|\n|t:|1784454964\n|cant|p2a: Starmie|slp\n|move|p1a: Rhydon|Body Slam|p2a: Starmie\n|-damage|p2a: Starmie|23/100 slp\n|\n|upkeep\n|turn|55\n|inactive|Unowndragon has 270 seconds left.\n|\n|t:|1784454994\n|switch|p1a: Snorlax|Snorlax|35/100\n|cant|p2a: Starmie|slp\n|\n|upkeep\n|turn|56\n|inactive|Serpi n_n has 150 seconds left.\n|\n|t:|1784455015\n|-curestatus|p2a: Starmie|slp|[msg]\n|move|p1a: Snorlax|Body Slam|p2a: Starmie\n|-damage|p2a: Starmie|0 fnt\n|faint|p2a: Starmie\n|inactive|Serpi n_n has 150 seconds left.\n|\n|t:|1784455029\n|switch|p2a: Tauros|Tauros|41/100\n|turn|57\n|\n|t:|1784455040\n|switch|p1a: Rhydon|Rhydon|36/100\n|move|p2a: Tauros|Hyper Beam|p1a: Rhydon\n|-resisted|p1a: Rhydon\n|-damage|p1a: Rhydon|18/100\n|-mustrecharge|p2a: Tauros\n|\n|upkeep\n|turn|58\n|\n|t:|1784455044\n|cant|p2a: Tauros|recharge\n|move|p1a: Rhydon|Earthquake|p2a: Tauros\n|-damage|p2a: Tauros|2/100\n|\n|upkeep\n|turn|59\n|\n|t:|1784455059\n|move|p2a: Tauros|Earthquake|p1a: Rhydon\n|-supereffective|p1a: Rhydon\n|-damage|p1a: Rhydon|0 fnt\n|faint|p1a: Rhydon\n|\n|t:|1784455062\n|switch|p1a: Tauros|Tauros|70/100\n|turn|60\n|\n|t:|1784455070\n|move|p1a: Tauros|Body Slam|p2a: Tauros\n|-damage|p2a: Tauros|0 fnt\n|faint|p2a: Tauros\n|\n|t:|1784455075\n|switch|p2a: Snorlax|Snorlax|52/100\n|turn|61\n|inactive|Serpi n_n has 180 seconds left.\n|\n|t:|1784455113\n|switch|p1a: Snorlax|Snorlax|35/100\n|move|p2a: Snorlax|Hyper Beam|p1a: Snorlax\n|-damage|p1a: Snorlax|0 fnt\n|faint|p1a: Snorlax\n|\n|t:|1784455117\n|switch|p1a: Exeggutor|Exeggutor|40/100\n|turn|62\n|\n|t:|1784455125\n|move|p1a: Exeggutor|Sleep Powder|p2a: Snorlax|[miss]\n|-miss|p1a: Exeggutor\n|move|p2a: Snorlax|Hyper Beam|p1a: Exeggutor\n|-damage|p1a: Exeggutor|0 fnt\n|faint|p1a: Exeggutor\n|\n|t:|1784455129\n|switch|p1a: Tauros|Tauros|70/100\n|turn|63\n|\n|t:|1784455146\n|move|p1a: Tauros|Hyper Beam|p2a: Snorlax\n|-damage|p2a: Snorlax|9/100\n|-mustrecharge|p1a: Tauros\n|move|p2a: Snorlax|Self-Destruct|p1a: Tauros\n|-damage|p1a: Tauros|0 fnt\n|faint|p1a: Tauros\n|faint|p2a: Snorlax\n|\n|win|Serpi n_n\n|c|☆Serpi n_n|gg\n|c|☆Unowndragon|gg\n","uploadtime":1784455146,"views":"81","formatid":"gen1ou","rating":null,"private":0,"password":null}