{"id":"smogtours-gen1ou-950357","format":"[Gen 1] OU","players":["stunner047","big will 2024"],"log":"|inactive|Battle timer is ON: inactive players will automatically lose when time's up.\n|t:|1782510077\n|gametype|singles\n|player|p1|stunner047|#rbypliiidingdangdewgongs|\n|player|p2|big will 2024|morty-gen2|\n|gen|1\n|tier|[Gen 1] OU\n|rule|Desync Clause Mod: Desyncs changed to move failure.\n|rule|HP Percentage Mod: HP is shown in percentages\n|rule|Endless Battle Clause: Forcing endless battles is banned\n|rule|Sleep Clause Mod: Limit one foe put to sleep\n|rule|Freeze Clause Mod: Limit one foe frozen\n|rule|Species Clause: Limit one of each Pokémon\n|rule|OHKO Clause: OHKO moves are banned\n|rule|Evasion Moves Clause: Evasion moves are banned\n|\n|t:|1782510077\n|teamsize|p1|6\n|teamsize|p2|6\n|start\n|switch|p1a: Alakazam|Alakazam|100/100\n|switch|p2a: Gengar|Gengar|100/100\n|turn|1\n|inactive|big will 2024 also wants the timer to be on.\n|c|☆stunner047|gl hf\n|c|☆big will 2024|u2\n|inactive|big will 2024 has 270 seconds left.\n|\n|t:|1782510121\n|switch|p1a: Jynx|Jynx|100/100\n|switch|p2a: Chansey|Chansey|100/100\n|\n|upkeep\n|turn|2\n|\n|t:|1782510134\n|switch|p2a: Gengar|Gengar|100/100\n|move|p1a: Jynx|Lovely Kiss|p2a: Gengar\n|-status|p2a: Gengar|slp|[from] move: Lovely Kiss\n|\n|upkeep\n|turn|3\n|\n|t:|1782510136\n|switch|p2a: Chansey|Chansey|100/100\n|move|p1a: Jynx|Blizzard|p2a: Chansey\n|-damage|p2a: Chansey|81/100\n|\n|upkeep\n|turn|4\n|\n|t:|1782510138\n|move|p1a: Jynx|Blizzard|p2a: Chansey\n|-damage|p2a: Chansey|63/100\n|move|p2a: Chansey|Sing|p1a: Jynx|[miss]\n|-miss|p2a: Chansey\n|\n|upkeep\n|turn|5\n|\n|t:|1782510141\n|move|p1a: Jynx|Blizzard|p2a: Chansey\n|-crit|p2a: Chansey\n|-damage|p2a: Chansey|27/100\n|-status|p2a: Chansey|frz\n|cant|p2a: Chansey|frz\n|\n|upkeep\n|turn|6\n|inactive|big will 2024 has 270 seconds left.\n|\n|t:|1782510198\n|switch|p2a: Snorlax|Snorlax|100/100\n|move|p1a: Jynx|Psychic|p2a: Snorlax\n|-damage|p2a: Snorlax|75/100\n|\n|upkeep\n|turn|7\n|\n|t:|1782510205\n|switch|p1a: Chansey|Chansey|100/100\n|move|p2a: Snorlax|Body Slam|p1a: Chansey\n|-damage|p1a: Chansey|57/100\n|\n|upkeep\n|turn|8\n|\n|t:|1782510208\n|move|p1a: Chansey|Soft-Boiled|p1a: Chansey\n|-heal|p1a: Chansey|100/100\n|move|p2a: Snorlax|Body Slam|p1a: Chansey\n|-crit|p1a: Chansey\n|-damage|p1a: Chansey|15/100\n|\n|upkeep\n|turn|9\n|\n|t:|1782510217\n|move|p1a: Chansey|Thunderbolt|p2a: Snorlax\n|-damage|p2a: Snorlax|57/100\n|-status|p2a: Snorlax|par\n|move|p2a: Snorlax|Body Slam|p1a: Chansey\n|-damage|p1a: Chansey|0 fnt\n|faint|p1a: Chansey\n|\n|t:|1782510222\n|switch|p1a: Snorlax|Snorlax|100/100\n|turn|10\n|\n|t:|1782510226\n|switch|p2a: Gengar|Gengar|100/100 slp\n|move|p1a: Snorlax|Reflect|p1a: Snorlax\n|-start|p1a: Snorlax|Reflect\n|\n|upkeep\n|turn|11\n|\n|t:|1782510229\n|cant|p2a: Gengar|slp\n|move|p1a: Snorlax|Earthquake|p2a: Gengar\n|-supereffective|p2a: Gengar\n|-damage|p2a: Gengar|35/100 slp\n|\n|upkeep\n|turn|12\n|\n|t:|1782510232\n|switch|p2a: Exeggutor|Exeggutor|100/100\n|move|p1a: Snorlax|Earthquake|p2a: Exeggutor\n|-resisted|p2a: Exeggutor\n|-damage|p2a: Exeggutor|89/100\n|\n|upkeep\n|turn|13\n|\n|t:|1782510253\n|switch|p1a: Jynx|Jynx|100/100\n|move|p2a: Exeggutor|Stun Spore|p1a: Jynx|[miss]\n|-miss|p2a: Exeggutor\n|\n|upkeep\n|turn|14\n|\n|t:|1782510256\n|switch|p2a: Starmie|Starmie|100/100\n|move|p1a: Jynx|Blizzard|p2a: Starmie\n|-resisted|p2a: Starmie\n|-damage|p2a: Starmie|79/100\n|\n|upkeep\n|turn|15\n|\n|t:|1782510264\n|switch|p1a: Alakazam|Alakazam|100/100\n|move|p2a: Starmie|Surf|p1a: Alakazam\n|-damage|p1a: Alakazam|70/100\n|\n|upkeep\n|turn|16\n|\n|t:|1782510271\n|switch|p2a: Exeggutor|Exeggutor|89/100\n|move|p1a: Alakazam|Thunder Wave|p2a: Exeggutor\n|-status|p2a: Exeggutor|par\n|\n|upkeep\n|turn|17\n|\n|t:|1782510281\n|switch|p1a: Jynx|Jynx|100/100\n|move|p2a: Exeggutor|Explosion|p1a: Jynx\n|-damage|p1a: Jynx|0 fnt\n|faint|p1a: Jynx\n|faint|p2a: Exeggutor\n|\n|t:|1782510292\n|switch|p1a: Exeggutor|Exeggutor|100/100\n|switch|p2a: Snorlax|Snorlax|57/100 par\n|turn|18\n|inactive|big will 2024 has 270 seconds left.\n|\n|t:|1782510336\n|move|p1a: Exeggutor|Psychic|p2a: Snorlax\n|-damage|p2a: Snorlax|28/100 par\n|move|p2a: Snorlax|Body Slam|p1a: Exeggutor\n|-damage|p1a: Exeggutor|71/100\n|\n|upkeep\n|turn|19\n|\n|t:|1782510340\n|switch|p2a: Starmie|Starmie|79/100\n|move|p1a: Exeggutor|Psychic|p2a: Starmie\n|-resisted|p2a: Starmie\n|-damage|p2a: Starmie|60/100\n|\n|upkeep\n|turn|20\n|inactive|big will 2024 has 270 seconds left.\n|inactive|big will 2024 has 240 seconds left.\n|\n|t:|1782510390\n|switch|p2a: Chansey|Chansey|27/100 frz\n|move|p1a: Exeggutor|Stun Spore|p2a: Chansey\n|-fail|p2a: Chansey\n|\n|upkeep\n|turn|21\n|\n|t:|1782510395\n|move|p1a: Exeggutor|Psychic|p2a: Chansey\n|-damage|p2a: Chansey|10/100 frz\n|cant|p2a: Chansey|frz\n|\n|upkeep\n|turn|22\n|\n|t:|1782510398\n|move|p1a: Exeggutor|Psychic|p2a: Chansey\n|-damage|p2a: Chansey|0 fnt\n|faint|p2a: Chansey\n|\n|t:|1782510400\n|switch|p2a: LaMelo Ball|Tauros|100/100\n|turn|23\n|\n|t:|1782510411\n|move|p2a: LaMelo Ball|Body Slam|p1a: Exeggutor\n|-crit|p1a: Exeggutor\n|-damage|p1a: Exeggutor|17/100\n|move|p1a: Exeggutor|Stun Spore|p2a: LaMelo Ball|[miss]\n|-miss|p1a: Exeggutor\n|\n|upkeep\n|turn|24\n|\n|t:|1782510416\n|move|p2a: LaMelo Ball|Body Slam|p1a: Exeggutor\n|-crit|p1a: Exeggutor\n|-damage|p1a: Exeggutor|0 fnt\n|faint|p1a: Exeggutor\n|\n|t:|1782510422\n|switch|p1a: Snorlax|Snorlax|100/100\n|turn|25\n|inactive|big will 2024 has 270 seconds left.\n|inactive|big will 2024 has 240 seconds left.\n|\n|t:|1782510469\n|switch|p2a: Gengar|Gengar|35/100 slp\n|move|p1a: Snorlax|Reflect|p1a: Snorlax\n|-start|p1a: Snorlax|Reflect\n|\n|upkeep\n|turn|26\n|\n|t:|1782510473\n|cant|p2a: Gengar|slp\n|move|p1a: Snorlax|Earthquake|p2a: Gengar\n|-supereffective|p2a: Gengar\n|-damage|p2a: Gengar|0 fnt\n|faint|p2a: Gengar\n|\n|t:|1782510475\n|switch|p2a: Snorlax|Snorlax|28/100 par\n|turn|27\n|\n|t:|1782510477\n|move|p1a: Snorlax|Body Slam|p2a: Snorlax\n|-damage|p2a: Snorlax|4/100 par\n|move|p2a: Snorlax|Rest|p2a: Snorlax\n|-status|p2a: Snorlax|slp|[from] move: Rest\n|-heal|p2a: Snorlax|100/100 slp|[silent]\n|\n|upkeep\n|turn|28\n|\n|t:|1782510482\n|move|p1a: Snorlax|Body Slam|p2a: Snorlax\n|-damage|p2a: Snorlax|75/100 slp\n|cant|p2a: Snorlax|slp\n|\n|upkeep\n|turn|29\n|\n|t:|1782510484\n|move|p1a: Snorlax|Body Slam|p2a: Snorlax\n|-damage|p2a: Snorlax|47/100 slp\n|-curestatus|p2a: Snorlax|slp|[msg]\n|\n|upkeep\n|turn|30\n|\n|t:|1782510486\n|move|p1a: Snorlax|Body Slam|p2a: Snorlax\n|-crit|p2a: Snorlax\n|-damage|p2a: Snorlax|0 fnt\n|faint|p2a: Snorlax\n|inactive|big will 2024 has 270 seconds left.\n|\n|t:|1782510521\n|switch|p2a: Starmie|Starmie|60/100\n|turn|31\n|\n|t:|1782510524\n|move|p2a: Starmie|Thunder Wave|p1a: Snorlax\n|-status|p1a: Snorlax|par\n|move|p1a: Snorlax|Body Slam|p2a: Starmie\n|-damage|p2a: Starmie|21/100\n|-status|p2a: Starmie|par\n|\n|upkeep\n|turn|32\n|\n|t:|1782510526\n|move|p2a: Starmie|Recover|p2a: Starmie\n|-heal|p2a: Starmie|71/100 par\n|cant|p1a: Snorlax|par\n|\n|upkeep\n|turn|33\n|\n|t:|1782510530\n|move|p2a: Starmie|Recover|p2a: Starmie\n|-heal|p2a: Starmie|100/100 par\n|move|p1a: Snorlax|Body Slam|p2a: Starmie\n|-damage|p2a: Starmie|66/100 par\n|\n|upkeep\n|turn|34\n|\n|t:|1782510532\n|move|p2a: Starmie|Recover|p2a: Starmie\n|-heal|p2a: Starmie|100/100 par\n|move|p1a: Snorlax|Body Slam|p2a: Starmie\n|-damage|p2a: Starmie|65/100 par\n|\n|upkeep\n|turn|35\n|\n|t:|1782510533\n|move|p2a: Starmie|Recover|p2a: Starmie\n|-heal|p2a: Starmie|100/100 par\n|cant|p1a: Snorlax|par\n|\n|upkeep\n|turn|36\n|\n|t:|1782510535\n|move|p2a: Starmie|Surf|p1a: Snorlax\n|-damage|p1a: Snorlax|74/100 par\n|move|p1a: Snorlax|Body Slam|p2a: Starmie\n|-crit|p2a: Starmie\n|-damage|p2a: Starmie|35/100 par\n|\n|upkeep\n|turn|37\n|\n|t:|1782510537\n|cant|p2a: Starmie|par\n|move|p1a: Snorlax|Body Slam|p2a: Starmie\n|-damage|p2a: Starmie|0 fnt\n|faint|p2a: Starmie\n|\n|t:|1782510538\n|switch|p2a: LaMelo Ball|Tauros|100/100\n|turn|38\n|\n|t:|1782510546\n|move|p2a: LaMelo Ball|Body Slam|p1a: Snorlax\n|-crit|p1a: Snorlax\n|-damage|p1a: Snorlax|23/100 par\n|cant|p1a: Snorlax|par\n|\n|upkeep\n|turn|39\n|\n|t:|1782510552\n|move|p2a: LaMelo Ball|Body Slam|p1a: Snorlax\n|-damage|p1a: Snorlax|10/100 par\n|move|p1a: Snorlax|Body Slam|p2a: LaMelo Ball\n|-damage|p2a: LaMelo Ball|69/100\n|\n|upkeep\n|turn|40\n|\n|t:|1782510555\n|move|p2a: LaMelo Ball|Body Slam|p1a: Snorlax\n|-crit|p1a: Snorlax\n|-damage|p1a: Snorlax|0 fnt\n|faint|p1a: Snorlax\n|\n|t:|1782510559\n|switch|p1a: Alakazam|Alakazam|70/100\n|turn|41\n|\n|t:|1782510561\n|move|p1a: Alakazam|Psychic|p2a: LaMelo Ball\n|-crit|p2a: LaMelo Ball\n|-damage|p2a: LaMelo Ball|0 fnt\n|faint|p2a: LaMelo Ball\n|\n|win|stunner047\n|c|☆stunner047|ggs\n|c|☆big will 2024|ggs\n","uploadtime":1782510561,"views":"46","formatid":"gen1ou","rating":null,"private":2,"password":null}