{"id":"smogtours-gen1ou-958235","format":"[Gen 1] OU","players":["stunner047","sadisticnarwhal"],"log":"|inactive|Battle timer is ON: inactive players will automatically lose when time's up.\n|t:|1784762871\n|gametype|singles\n|player|p1|stunner047|#rbypliiidingdangdewgongs|\n|player|p2|sadisticnarwhal|#rcop2023useast|\n|gen|1\n|tier|[Gen 1] OU\n|rule|Desync Clause Mod: Desyncs resolve to link battle behavior from the acting player's perspective.\n|rule|HP Percentage Mod: HP is shown in percentages\n|rule|Endless Battle Clause: Forcing endless battles is banned\n|rule|Sleep Clause Mod: Limit one foe put to sleep\n|rule|Freeze Clause Mod: Limit one foe frozen\n|rule|Species Clause: Limit one of each Pokémon\n|rule|OHKO Clause: OHKO moves are banned\n|rule|Evasion Moves Clause: Evasion moves are banned\n|\n|t:|1784762871\n|teamsize|p1|6\n|teamsize|p2|6\n|start\n|switch|p1a: Gengar|Gengar|100/100\n|switch|p2a: Gengar|Gengar|100/100\n|turn|1\n|c|☆sadisticnarwhal|hf\n|c|☆stunner047|gl hf\n|\n|t:|1784762897\n|move|p1a: Gengar|Hypnosis|p2a: Gengar\n|-status|p2a: Gengar|slp|[from] move: Hypnosis\n|cant|p2a: Gengar|slp\n|\n|upkeep\n|turn|2\n|\n|t:|1784762900\n|switch|p2a: Alakazam|Alakazam|100/100\n|move|p1a: Gengar|Night Shade|p2a: Alakazam\n|-damage|p2a: Alakazam|69/100\n|\n|upkeep\n|turn|3\n|\n|t:|1784762905\n|switch|p2a: Jynx|Jynx|100/100\n|switch|p1a: Exeggutor|Exeggutor|100/100\n|\n|upkeep\n|turn|4\n|\n|t:|1784762910\n|switch|p1a: Gengar|Gengar|100/100\n|move|p2a: Jynx|Lovely Kiss|p1a: Gengar\n|-status|p1a: Gengar|slp|[from] move: Lovely Kiss\n|\n|upkeep\n|turn|5\n|\n|t:|1784762914\n|switch|p1a: Starmie|Starmie|100/100\n|move|p2a: Jynx|Ice Beam|p1a: Starmie\n|-resisted|p1a: Starmie\n|-damage|p1a: Starmie|83/100\n|\n|upkeep\n|turn|6\n|inactive|sadisticnarwhal has 270 seconds left.\n|inactive|sadisticnarwhal has 240 seconds left.\n|\n|t:|1784762977\n|switch|p2a: Alakazam|Alakazam|69/100\n|move|p1a: Starmie|Thunder Wave|p2a: Alakazam\n|-status|p2a: Alakazam|par\n|\n|upkeep\n|turn|7\n|\n|t:|1784763001\n|switch|p1a: Chansey|Chansey|100/100\n|move|p2a: Alakazam|Thunder Wave|p1a: Chansey\n|-status|p1a: Chansey|par\n|\n|upkeep\n|turn|8\n|\n|t:|1784763005\n|move|p2a: Alakazam|Recover|p2a: Alakazam\n|-heal|p2a: Alakazam|100/100 par\n|move|p1a: Chansey|Thunderbolt|p2a: Alakazam\n|-damage|p2a: Alakazam|82/100 par\n|\n|upkeep\n|turn|9\n|\n|t:|1784763009\n|cant|p2a: Alakazam|par\n|cant|p1a: Chansey|par\n|\n|upkeep\n|turn|10\n|\n|t:|1784763011\n|move|p2a: Alakazam|Psychic|p1a: Chansey\n|-damage|p1a: Chansey|81/100 par\n|cant|p1a: Chansey|par\n|\n|upkeep\n|turn|11\n|\n|t:|1784763014\n|move|p2a: Alakazam|Psychic|p1a: Chansey\n|-damage|p1a: Chansey|62/100 par\n|-unboost|p1a: Chansey|spa|1\n|-unboost|p1a: Chansey|spd|1\n|move|p1a: Chansey|Soft-Boiled|p1a: Chansey\n|-heal|p1a: Chansey|100/100 par\n|\n|upkeep\n|turn|12\n|\n|t:|1784763020\n|move|p2a: Alakazam|Thunder Wave|p1a: Chansey\n|-fail|p1a: Chansey|par\n|move|p1a: Chansey|Thunderbolt|p2a: Alakazam\n|-damage|p2a: Alakazam|70/100 par\n|\n|upkeep\n|turn|13\n|\n|t:|1784763026\n|switch|p1a: Snorlax|Snorlax|100/100\n|move|p2a: Alakazam|Psychic|p1a: Snorlax\n|-damage|p1a: Snorlax|70/100\n|\n|upkeep\n|turn|14\n|\n|t:|1784763031\n|switch|p2a: Gengar|Gengar|100/100 slp\n|move|p1a: Snorlax|Body Slam|p2a: Gengar\n|-immune|p2a: Gengar\n|\n|upkeep\n|turn|15\n|\n|t:|1784763034\n|cant|p2a: Gengar|slp\n|move|p1a: Snorlax|Earthquake|p2a: Gengar\n|-supereffective|p2a: Gengar\n|-damage|p2a: Gengar|31/100 slp\n|\n|upkeep\n|turn|16\n|\n|t:|1784763037\n|switch|p2a: Starmie|Starmie|100/100\n|move|p1a: Snorlax|Body Slam|p2a: Starmie\n|-damage|p2a: Starmie|61/100\n|\n|upkeep\n|turn|17\n|\n|t:|1784763040\n|switch|p1a: Chansey|Chansey|100/100 par\n|move|p2a: Starmie|Recover|p2a: Starmie\n|-heal|p2a: Starmie|100/100\n|\n|upkeep\n|turn|18\n|\n|t:|1784763044\n|switch|p2a: Alakazam|Alakazam|70/100 par\n|move|p1a: Chansey|Thunderbolt|p2a: Alakazam\n|-damage|p2a: Alakazam|49/100 par\n|\n|upkeep\n|turn|19\n|\n|t:|1784763051\n|switch|p1a: Snorlax|Snorlax|70/100\n|cant|p2a: Alakazam|par\n|\n|upkeep\n|turn|20\n|\n|t:|1784763055\n|switch|p2a: Starmie|Starmie|100/100\n|move|p1a: Snorlax|Body Slam|p2a: Starmie\n|-damage|p2a: Starmie|62/100\n|-status|p2a: Starmie|par\n|\n|upkeep\n|turn|21\n|\n|t:|1784763059\n|switch|p1a: Chansey|Chansey|100/100 par\n|move|p2a: Starmie|Thunder Wave|p1a: Chansey\n|-fail|p1a: Chansey|par\n|\n|upkeep\n|turn|22\n|inactive|sadisticnarwhal has 270 seconds left.\n|\n|t:|1784763094\n|switch|p2a: Snorlax|Snorlax|100/100\n|move|p1a: Chansey|Thunderbolt|p2a: Snorlax\n|-damage|p2a: Snorlax|82/100\n|\n|upkeep\n|turn|23\n|\n|t:|1784763102\n|move|p2a: Snorlax|Amnesia|p2a: Snorlax\n|-boost|p2a: Snorlax|spa|2\n|-boost|p2a: Snorlax|spd|2\n|move|p1a: Chansey|Thunder Wave|p2a: Snorlax\n|-status|p2a: Snorlax|par\n|\n|upkeep\n|turn|24\n|\n|t:|1784763108\n|switch|p1a: Starmie|Starmie|83/100\n|cant|p2a: Snorlax|par\n|\n|upkeep\n|turn|25\n|\n|t:|1784763112\n|move|p1a: Starmie|Psychic|p2a: Snorlax\n|-crit|p2a: Snorlax\n|-damage|p2a: Snorlax|32/100 par\n|move|p2a: Snorlax|Body Slam|p1a: Starmie\n|-damage|p1a: Starmie|44/100\n|-status|p1a: Starmie|par\n|\n|upkeep\n|turn|26\n|\n|t:|1784763117\n|move|p1a: Starmie|Psychic|p2a: Snorlax\n|-damage|p2a: Snorlax|18/100 par\n|move|p2a: Snorlax|Self-Destruct|p1a: Starmie\n|-damage|p1a: Starmie|0 fnt\n|faint|p1a: Starmie\n|faint|p2a: Snorlax\n|\n|t:|1784763140\n|switch|p1a: Snorlax|Snorlax|70/100\n|switch|p2a: Tauros|Tauros|100/100\n|turn|27\n|\n|t:|1784763145\n|move|p2a: Tauros|Body Slam|p1a: Snorlax\n|-damage|p1a: Snorlax|43/100\n|move|p1a: Snorlax|Body Slam|p2a: Tauros\n|-damage|p2a: Tauros|70/100\n|\n|upkeep\n|turn|28\n|\n|t:|1784763150\n|switch|p1a: Exeggutor|Exeggutor|100/100\n|move|p2a: Tauros|Body Slam|p1a: Exeggutor\n|-crit|p1a: Exeggutor\n|-damage|p1a: Exeggutor|45/100\n|\n|upkeep\n|turn|29\n|\n|t:|1784763177\n|move|p2a: Tauros|Hyper Beam|p1a: Exeggutor\n|-damage|p1a: Exeggutor|0 fnt\n|faint|p1a: Exeggutor\n|\n|t:|1784763180\n|switch|p1a: Tauros|Tauros|100/100\n|turn|30\n|\n|t:|1784763195\n|switch|p2a: Gengar|Gengar|31/100 slp\n|move|p1a: Tauros|Body Slam|p2a: Gengar\n|-immune|p2a: Gengar\n|\n|upkeep\n|turn|31\n|\n|t:|1784763198\n|move|p1a: Tauros|Earthquake|p2a: Gengar\n|-supereffective|p2a: Gengar\n|-damage|p2a: Gengar|0 fnt\n|faint|p2a: Gengar\n|\n|t:|1784763213\n|switch|p2a: Jynx|Jynx|100/100\n|turn|32\n|\n|t:|1784763216\n|switch|p1a: Chansey|Chansey|100/100 par\n|move|p2a: Jynx|Ice Beam|p1a: Chansey\n|-damage|p1a: Chansey|87/100 par\n|\n|upkeep\n|turn|33\n|\n|t:|1784763221\n|move|p2a: Jynx|Psychic|p1a: Chansey\n|-damage|p1a: Chansey|72/100 par\n|move|p1a: Chansey|Thunderbolt|p2a: Jynx\n|-damage|p2a: Jynx|77/100\n|\n|upkeep\n|turn|34\n|\n|t:|1784763225\n|move|p2a: Jynx|Psychic|p1a: Chansey\n|-damage|p1a: Chansey|58/100 par\n|move|p1a: Chansey|Thunderbolt|p2a: Jynx\n|-damage|p2a: Jynx|52/100\n|\n|upkeep\n|turn|35\n|\n|t:|1784763229\n|switch|p2a: Alakazam|Alakazam|49/100 par\n|cant|p1a: Chansey|par\n|\n|upkeep\n|turn|36\n|\n|t:|1784763236\n|move|p2a: Alakazam|Recover|p2a: Alakazam\n|-heal|p2a: Alakazam|99/100 par\n|move|p1a: Chansey|Soft-Boiled|p1a: Chansey\n|-heal|p1a: Chansey|100/100 par\n|\n|upkeep\n|turn|37\n|\n|t:|1784763239\n|move|p2a: Alakazam|Psychic|p1a: Chansey\n|-crit|p1a: Chansey\n|-damage|p1a: Chansey|67/100 par\n|move|p1a: Chansey|Thunderbolt|p2a: Alakazam\n|-damage|p2a: Alakazam|80/100 par\n|\n|upkeep\n|turn|38\n|\n|t:|1784763242\n|cant|p2a: Alakazam|par\n|move|p1a: Chansey|Soft-Boiled|p1a: Chansey\n|-heal|p1a: Chansey|100/100 par\n|\n|upkeep\n|turn|39\n|\n|t:|1784763245\n|cant|p2a: Alakazam|par\n|cant|p1a: Chansey|par\n|\n|upkeep\n|turn|40\n|\n|t:|1784763247\n|move|p2a: Alakazam|Psychic|p1a: Chansey\n|-damage|p1a: Chansey|82/100 par\n|-unboost|p1a: Chansey|spa|1\n|-unboost|p1a: Chansey|spd|1\n|move|p1a: Chansey|Thunderbolt|p2a: Alakazam\n|-damage|p2a: Alakazam|68/100 par\n|\n|upkeep\n|turn|41\n|\n|t:|1784763250\n|switch|p1a: Snorlax|Snorlax|43/100\n|move|p2a: Alakazam|Psychic|p1a: Snorlax\n|-damage|p1a: Snorlax|12/100\n|\n|upkeep\n|turn|42\n|\n|t:|1784763254\n|switch|p2a: Jynx|Jynx|52/100\n|move|p1a: Snorlax|Body Slam|p2a: Jynx\n|-damage|p2a: Jynx|0 fnt\n|faint|p2a: Jynx\n|\n|t:|1784763257\n|switch|p2a: Tauros|Tauros|70/100\n|turn|43\n|\n|t:|1784763260\n|move|p2a: Tauros|Earthquake|p1a: Snorlax\n|-damage|p1a: Snorlax|0 fnt\n|faint|p1a: Snorlax\n|\n|t:|1784763261\n|switch|p1a: Tauros|Tauros|100/100\n|turn|44\n|\n|t:|1784763269\n|move|p1a: Tauros|Body Slam|p2a: Tauros\n|-crit|p2a: Tauros\n|-damage|p2a: Tauros|17/100\n|move|p2a: Tauros|Body Slam|p1a: Tauros\n|-damage|p1a: Tauros|73/100\n|\n|upkeep\n|turn|45\n|\n|t:|1784763276\n|move|p1a: Tauros|Body Slam|p2a: Tauros\n|-damage|p2a: Tauros|0 fnt\n|faint|p2a: Tauros\n|\n|t:|1784763278\n|switch|p2a: Starmie|Starmie|62/100 par\n|turn|46\n|\n|t:|1784763295\n|switch|p1a: Chansey|Chansey|82/100 par\n|move|p2a: Starmie|Recover|p2a: Starmie\n|-heal|p2a: Starmie|100/100 par\n|\n|upkeep\n|turn|47\n|\n|t:|1784763298\n|switch|p2a: Alakazam|Alakazam|68/100 par\n|move|p1a: Chansey|Thunderbolt|p2a: Alakazam\n|-damage|p2a: Alakazam|47/100 par\n|\n|upkeep\n|turn|48\n|\n|t:|1784763307\n|cant|p2a: Alakazam|par\n|move|p1a: Chansey|Thunderbolt|p2a: Alakazam\n|-damage|p2a: Alakazam|27/100 par\n|\n|upkeep\n|turn|49\n|inactive|sadisticnarwhal has 270 seconds left.\n|\n|t:|1784763362\n|cant|p2a: Alakazam|par\n|cant|p1a: Chansey|par\n|\n|upkeep\n|turn|50\n|\n|t:|1784763366\n|switch|p1a: Tauros|Tauros|73/100\n|move|p2a: Alakazam|Thunder Wave|p1a: Tauros\n|-status|p1a: Tauros|par\n|\n|upkeep\n|turn|51\n|\n|t:|1784763370\n|switch|p2a: Starmie|Starmie|100/100 par\n|move|p1a: Tauros|Body Slam|p2a: Starmie\n|-damage|p2a: Starmie|64/100 par\n|\n|upkeep\n|turn|52\n|\n|t:|1784763374\n|switch|p1a: Chansey|Chansey|82/100 par\n|move|p2a: Starmie|Recover|p2a: Starmie\n|-heal|p2a: Starmie|100/100 par\n|\n|upkeep\n|turn|53\n|\n|t:|1784763378\n|switch|p2a: Alakazam|Alakazam|27/100 par\n|cant|p1a: Chansey|par\n|\n|upkeep\n|turn|54\n|\n|t:|1784763381\n|move|p2a: Alakazam|Recover|p2a: Alakazam\n|-heal|p2a: Alakazam|77/100 par\n|move|p1a: Chansey|Thunderbolt|p2a: Alakazam\n|-damage|p2a: Alakazam|57/100 par\n|\n|upkeep\n|turn|55\n|\n|t:|1784763383\n|cant|p2a: Alakazam|par\n|move|p1a: Chansey|Thunderbolt|p2a: Alakazam\n|-damage|p2a: Alakazam|37/100 par\n|\n|upkeep\n|turn|56\n|\n|t:|1784763388\n|switch|p1a: Tauros|Tauros|73/100 par\n|move|p2a: Alakazam|Recover|p2a: Alakazam\n|-heal|p2a: Alakazam|87/100 par\n|\n|upkeep\n|turn|57\n|\n|t:|1784763390\n|switch|p2a: Starmie|Starmie|100/100 par\n|cant|p1a: Tauros|par\n|\n|upkeep\n|turn|58\n|\n|t:|1784763393\n|switch|p1a: Chansey|Chansey|82/100 par\n|cant|p2a: Starmie|par\n|\n|upkeep\n|turn|59\n|\n|t:|1784763399\n|switch|p2a: Alakazam|Alakazam|87/100 par\n|move|p1a: Chansey|Thunderbolt|p2a: Alakazam\n|-damage|p2a: Alakazam|68/100 par\n|\n|upkeep\n|turn|60\n|\n|t:|1784763402\n|cant|p2a: Alakazam|par\n|move|p1a: Chansey|Ice Beam|p2a: Alakazam\n|-damage|p2a: Alakazam|47/100 par\n|\n|upkeep\n|turn|61\n|\n|t:|1784763404\n|move|p2a: Alakazam|Recover|p2a: Alakazam\n|-heal|p2a: Alakazam|97/100 par\n|cant|p1a: Chansey|par\n|\n|upkeep\n|turn|62\n|\n|t:|1784763406\n|move|p2a: Alakazam|Seismic Toss|p1a: Chansey\n|-damage|p1a: Chansey|68/100 par\n|move|p1a: Chansey|Ice Beam|p2a: Alakazam\n|-crit|p2a: Alakazam\n|-damage|p2a: Alakazam|57/100 par\n|\n|upkeep\n|turn|63\n|\n|t:|1784763408\n|move|p2a: Alakazam|Recover|p2a: Alakazam\n|-heal|p2a: Alakazam|100/100 par\n|cant|p1a: Chansey|par\n|\n|upkeep\n|turn|64\n|\n|t:|1784763411\n|move|p2a: Alakazam|Psychic|p1a: Chansey\n|-damage|p1a: Chansey|50/100 par\n|-unboost|p1a: Chansey|spa|1\n|-unboost|p1a: Chansey|spd|1\n|move|p1a: Chansey|Ice Beam|p2a: Alakazam\n|-damage|p2a: Alakazam|87/100 par\n|\n|upkeep\n|turn|65\n|\n|t:|1784763415\n|move|p2a: Alakazam|Psychic|p1a: Chansey\n|-damage|p1a: Chansey|21/100 par\n|cant|p1a: Chansey|par\n|\n|upkeep\n|turn|66\n|\n|t:|1784763419\n|cant|p2a: Alakazam|par\n|move|p1a: Chansey|Soft-Boiled|p1a: Chansey\n|-heal|p1a: Chansey|71/100 par\n|\n|upkeep\n|turn|67\n|\n|t:|1784763421\n|switch|p1a: Gengar|Gengar|100/100 slp\n|move|p2a: Alakazam|Seismic Toss|p1a: Gengar\n|-damage|p1a: Gengar|70/100 slp\n|\n|upkeep\n|turn|68\n|\n|t:|1784763424\n|cant|p1a: Gengar|slp\n|move|p2a: Alakazam|Psychic|p1a: Gengar\n|-supereffective|p1a: Gengar\n|-damage|p1a: Gengar|0 fnt\n|faint|p1a: Gengar\n|\n|t:|1784763426\n|switch|p1a: Tauros|Tauros|73/100 par\n|turn|69\n|\n|t:|1784763431\n|switch|p2a: Starmie|Starmie|100/100 par\n|move|p1a: Tauros|Hyper Beam|p2a: Starmie\n|-damage|p2a: Starmie|43/100 par\n|-mustrecharge|p1a: Tauros\n|\n|upkeep\n|turn|70\n|\n|t:|1784763433\n|move|p2a: Starmie|Psychic|p1a: Tauros\n|-crit|p1a: Tauros\n|-damage|p1a: Tauros|0 fnt\n|faint|p1a: Tauros\n|\n|t:|1784763436\n|switch|p1a: Chansey|Chansey|71/100 par\n|turn|71\n|\n|t:|1784763437\n|switch|p2a: Alakazam|Alakazam|87/100 par\n|move|p1a: Chansey|Thunderbolt|p2a: Alakazam\n|-crit|p2a: Alakazam\n|-damage|p2a: Alakazam|47/100 par\n|\n|upkeep\n|turn|72\n|\n|t:|1784763441\n|move|p2a: Alakazam|Recover|p2a: Alakazam\n|-heal|p2a: Alakazam|97/100 par\n|cant|p1a: Chansey|par\n|\n|upkeep\n|turn|73\n|\n|t:|1784763444\n|move|p2a: Alakazam|Psychic|p1a: Chansey\n|-crit|p1a: Chansey\n|-damage|p1a: Chansey|34/100 par\n|cant|p1a: Chansey|par\n|\n|upkeep\n|turn|74\n|\n|t:|1784763446\n|move|p2a: Alakazam|Psychic|p1a: Chansey\n|-crit|p1a: Chansey\n|-damage|p1a: Chansey|0 fnt\n|faint|p1a: Chansey\n|\n|win|sadisticnarwhal\n|c|☆stunner047|ggs\n|c|☆sadisticnarwhal|\"ggs\"\n|player|p2|\n","uploadtime":1784763446,"views":"65","formatid":"gen1ou","rating":null,"private":0,"password":null}