{"id":"smogtours-gen1ou-822553","format":"[Gen 1] OU","players":["Amaranth","Kaz"],"log":"|inactive|Battle timer is ON: inactive players will automatically lose when time's up.\n|t:|1740846570\n|gametype|singles\n|player|p1|Amaranth|#amaranth|\n|player|p2|Kaz|#splxviclassiest2|\n|teamsize|p1|6\n|teamsize|p2|6\n|gen|1\n|tier|[Gen 1] OU\n|rule|Desync Clause Mod: Desyncs changed to move failure.\n|rule|Sleep Clause Mod: Limit one foe put to sleep\n|rule|Freeze Clause Mod: Limit one foe frozen\n|rule|Species Clause: Limit one of each Pokémon\n|rule|OHKO Clause: OHKO moves are banned\n|rule|Evasion Moves Clause: Evasion moves are banned\n|rule|Endless Battle Clause: Forcing endless battles is banned\n|rule|HP Percentage Mod: HP is shown in percentages\n|\n|t:|1740846570\n|start\n|switch|p1a: Alakazam|Alakazam|100/100\n|switch|p2a: Zapdos|Zapdos|100/100\n|turn|1\n|c|☆Amaranth|glhf\n|rated|Smogon Premier League\n|c|☆Kaz|you too\n|\n|t:|1740846582\n|switch|p2a: Exeggutor|Exeggutor|100/100\n|move|p1a: Alakazam|Thunder Wave|p2a: Exeggutor\n|-status|p2a: Exeggutor|par\n|\n|upkeep\n|turn|2\n|\n|t:|1740846586\n|move|p1a: Alakazam|Seismic Toss|p2a: Exeggutor\n|-damage|p2a: Exeggutor|75/100 par\n|move|p2a: Exeggutor|Sleep Powder|p1a: Alakazam\n|-status|p1a: Alakazam|slp|[from] move: Sleep Powder\n|\n|upkeep\n|turn|3\n|\n|t:|1740846591\n|switch|p1a: Chansey|Chansey|100/100\n|move|p2a: Exeggutor|Double-Edge|p1a: Chansey\n|-damage|p1a: Chansey|71/100\n|-damage|p2a: Exeggutor|62/100 par|[from] Recoil|[of] p1a: Chansey\n|\n|upkeep\n|turn|4\n|\n|t:|1740846598\n|switch|p1a: Alakazam|Alakazam|100/100 slp\n|switch|p2a: Alakazam|Alakazam|100/100\n|\n|upkeep\n|turn|5\n|\n|t:|1740846613\n|switch|p2a: Zapdos|Zapdos|100/100\n|cant|p1a: Alakazam|slp\n|\n|upkeep\n|turn|6\n|\n|t:|1740846623\n|cant|p1a: Alakazam|slp\n|move|p2a: Zapdos|Thunderbolt|p1a: Alakazam\n|-damage|p1a: Alakazam|67/100 slp\n|\n|upkeep\n|turn|7\n|\n|t:|1740846644\n|switch|p1a: Zapdos|Zapdos|100/100\n|move|p2a: Zapdos|Thunderbolt|p1a: Zapdos\n|-crit|p1a: Zapdos\n|-damage|p1a: Zapdos|43/100\n|\n|upkeep\n|turn|8\n|\n|t:|1740846654\n|switch|p2a: Rhydon|Rhydon|100/100\n|move|p1a: Zapdos|Thunder Wave|p2a: Rhydon\n|-immune|p2a: Rhydon\n|\n|upkeep\n|turn|9\n|\n|t:|1740846666\n|switch|p1a: Exeggutor|Exeggutor|100/100\n|move|p2a: Rhydon|Body Slam|p1a: Exeggutor\n|-damage|p1a: Exeggutor|79/100\n|\n|upkeep\n|turn|10\n|inactive|Kaz has 270 seconds left.\n|\n|t:|1740846693\n|switch|p2a: Exeggutor|Exeggutor|62/100 par\n|move|p1a: Exeggutor|Psychic|p2a: Exeggutor\n|-resisted|p2a: Exeggutor\n|-damage|p2a: Exeggutor|48/100 par\n|\n|upkeep\n|turn|11\n|\n|t:|1740846709\n|switch|p1a: Zapdos|Zapdos|43/100\n|cant|p2a: Exeggutor|par\n|\n|upkeep\n|turn|12\n|inactive|Kaz has 270 seconds left.\n|inactive|Amaranth has 270 seconds left.\n|\n|t:|1740846741\n|switch|p2a: Zapdos|Zapdos|100/100\n|move|p1a: Zapdos|Drill Peck|p2a: Zapdos\n|-crit|p2a: Zapdos\n|-resisted|p2a: Zapdos\n|-damage|p2a: Zapdos|78/100\n|\n|upkeep\n|turn|13\n|inactive|Amaranth has 270 seconds left.\n|\n|t:|1740846753\n|switch|p1a: Chansey|Chansey|71/100\n|move|p2a: Zapdos|Thunder Wave|p1a: Chansey\n|-status|p1a: Chansey|par\n|\n|upkeep\n|turn|14\n|inactive|Amaranth has 270 seconds left.\n|\n|t:|1740846764\n|move|p2a: Zapdos|Drill Peck|p1a: Chansey\n|-damage|p1a: Chansey|39/100 par\n|cant|p1a: Chansey|par\n|\n|upkeep\n|turn|15\n|\n|t:|1740846768\n|move|p2a: Zapdos|Drill Peck|p1a: Chansey\n|-crit|p1a: Chansey\n|-damage|p1a: Chansey|0 fnt\n|faint|p1a: Chansey\n|c|☆Amaranth|ok\n|\n|t:|1740846776\n|switch|p1a: Snorlax|Snorlax|100/100\n|turn|16\n|inactive|Kaz has 270 seconds left.\n|\n|t:|1740846806\n|move|p2a: Zapdos|Thunder Wave|p1a: Snorlax\n|-status|p1a: Snorlax|par\n|move|p1a: Snorlax|Body Slam|p2a: Zapdos\n|-damage|p2a: Zapdos|49/100\n|-status|p2a: Zapdos|par\n|\n|upkeep\n|turn|17\n|\n|t:|1740846815\n|move|p2a: Zapdos|Thunderbolt|p1a: Snorlax\n|-damage|p1a: Snorlax|69/100 par\n|move|p1a: Snorlax|Body Slam|p2a: Zapdos\n|-damage|p2a: Zapdos|19/100 par\n|\n|upkeep\n|turn|18\n|inactive|Kaz has 240 seconds left.\n|inactive|Kaz has 210 seconds left.\n|\n|t:|1740846879\n|switch|p1a: Exeggutor|Exeggutor|79/100\n|cant|p2a: Zapdos|par\n|\n|upkeep\n|turn|19\n|inactive|Kaz has 210 seconds left.\n|inactive|Kaz has 180 seconds left.\n|\n|t:|1740846929\n|switch|p2a: Exeggutor|Exeggutor|48/100 par\n|move|p1a: Exeggutor|Sleep Powder|p2a: Exeggutor\n|-fail|p2a: Exeggutor\n|\n|upkeep\n|turn|20\n|inactive|Kaz has 180 seconds left.\n|\n|t:|1740846940\n|move|p1a: Exeggutor|Psychic|p2a: Exeggutor\n|-resisted|p2a: Exeggutor\n|-damage|p2a: Exeggutor|36/100 par\n|move|p2a: Exeggutor|Psychic|p1a: Exeggutor\n|-resisted|p1a: Exeggutor\n|-damage|p1a: Exeggutor|66/100\n|-unboost|p1a: Exeggutor|spa|1\n|-unboost|p1a: Exeggutor|spd|1\n|\n|upkeep\n|turn|21\n|inactive|Kaz has 180 seconds left.\n|\n|t:|1740846955\n|switch|p1a: Zapdos|Zapdos|43/100\n|move|p2a: Exeggutor|Psychic|p1a: Zapdos\n|-damage|p1a: Zapdos|16/100\n|\n|upkeep\n|turn|22\n|inactive|Kaz has 180 seconds left.\n|\n|t:|1740846974\n|switch|p2a: Rhydon|Rhydon|100/100\n|move|p1a: Zapdos|Drill Peck|p2a: Rhydon\n|-resisted|p2a: Rhydon\n|-damage|p2a: Rhydon|92/100\n|\n|upkeep\n|turn|23\n|\n|t:|1740846995\n|move|p1a: Zapdos|Drill Peck|p2a: Rhydon\n|-resisted|p2a: Rhydon\n|-damage|p2a: Rhydon|82/100\n|move|p2a: Rhydon|Body Slam|p1a: Zapdos\n|-damage|p1a: Zapdos|0 fnt\n|faint|p1a: Zapdos\n|\n|t:|1740847000\n|switch|p1a: Exeggutor|Exeggutor|66/100\n|turn|24\n|inactive|Kaz has 150 seconds left.\n|inactive|Kaz has 120 seconds left.\n|\n|t:|1740847081\n|switch|p2a: Zapdos|Zapdos|19/100 par\n|move|p1a: Exeggutor|Psychic|p2a: Zapdos\n|-damage|p2a: Zapdos|0 fnt\n|faint|p2a: Zapdos\n|inactive|Kaz has 90 seconds left.\n|\n|t:|1740847097\n|switch|p2a: Exeggutor|Exeggutor|36/100 par\n|turn|25\n|inactive|Amaranth has 270 seconds left.\n|\n|t:|1740847123\n|switch|p1a: Alakazam|Alakazam|67/100 slp\n|cant|p2a: Exeggutor|par\n|\n|upkeep\n|turn|26\n|inactive|Amaranth has 270 seconds left.\n|\n|t:|1740847139\n|switch|p2a: Tauros|Tauros|100/100\n|cant|p1a: Alakazam|slp\n|\n|upkeep\n|turn|27\n|\n|t:|1740847144\n|cant|p1a: Alakazam|slp\n|move|p2a: Tauros|Body Slam|p1a: Alakazam\n|-damage|p1a: Alakazam|16/100 slp\n|\n|upkeep\n|turn|28\n|\n|t:|1740847146\n|cant|p1a: Alakazam|slp\n|move|p2a: Tauros|Body Slam|p1a: Alakazam\n|-damage|p1a: Alakazam|0 fnt\n|faint|p1a: Alakazam\n|inactive|Amaranth has 270 seconds left.\n|\n|t:|1740847170\n|switch|p1a: Exeggutor|Exeggutor|66/100\n|turn|29\n|inactive|Kaz has 120 seconds left.\n|inactive|Amaranth has 270 seconds left.\n|\n|t:|1740847187\n|switch|p2a: Exeggutor|Exeggutor|36/100 par\n|move|p1a: Exeggutor|Psychic|p2a: Exeggutor\n|-resisted|p2a: Exeggutor\n|-damage|p2a: Exeggutor|22/100 par\n|\n|upkeep\n|turn|30\n|\n|t:|1740847200\n|move|p1a: Exeggutor|Hyper Beam|p2a: Exeggutor\n|-damage|p2a: Exeggutor|0 fnt\n|faint|p2a: Exeggutor\n|inactive|Kaz has 120 seconds left.\n|\n|t:|1740847236\n|switch|p2a: Cloyster|Cloyster|100/100\n|turn|31\n|\n|t:|1740847249\n|move|p2a: Cloyster|Clamp|p1a: Exeggutor\n|-resisted|p1a: Exeggutor\n|-damage|p1a: Exeggutor|62/100\n|cant|p1a: Exeggutor|partiallytrapped\n|\n|upkeep\n|turn|32\n|\n|t:|1740847259\n|move|p2a: Cloyster|Clamp|p1a: Exeggutor|[from]Clamp\n|-damage|p1a: Exeggutor|57/100\n|cant|p1a: Exeggutor|partiallytrapped\n|\n|upkeep\n|turn|33\n|\n|t:|1740847261\n|move|p2a: Cloyster|Clamp|p1a: Exeggutor|[from]Clamp\n|-damage|p1a: Exeggutor|53/100\n|cant|p1a: Exeggutor|partiallytrapped\n|\n|upkeep\n|turn|34\n|inactive|Kaz has 120 seconds left.\n|\n|t:|1740847276\n|move|p2a: Cloyster|Blizzard|p1a: Exeggutor\n|-supereffective|p1a: Exeggutor\n|-damage|p1a: Exeggutor|0 fnt\n|faint|p1a: Exeggutor\n|\n|t:|1740847289\n|switch|p1a: Tauros|Tauros|100/100\n|turn|35\n|inactive|Kaz has 120 seconds left.\n|\n|t:|1740847313\n|move|p1a: Tauros|Body Slam|p2a: Cloyster\n|-damage|p2a: Cloyster|78/100\n|-status|p2a: Cloyster|par\n|move|p2a: Cloyster|Explosion|p1a: Tauros\n|-damage|p1a: Tauros|28/100\n|faint|p2a: Cloyster\n|\n|t:|1740847319\n|switch|p2a: Alakazam|Alakazam|100/100\n|turn|36\n|\n|t:|1740847321\n|switch|p1a: Snorlax|Snorlax|69/100 par\n|move|p2a: Alakazam|Psychic|p1a: Snorlax\n|-damage|p1a: Snorlax|34/100 par\n|-unboost|p1a: Snorlax|spa|1\n|-unboost|p1a: Snorlax|spd|1\n|\n|upkeep\n|turn|37\n|\n|t:|1740847325\n|move|p2a: Alakazam|Psychic|p1a: Snorlax\n|-damage|p1a: Snorlax|0 fnt\n|faint|p1a: Snorlax\n|c|☆Amaranth|gg\n|\n|t:|1740847326\n|switch|p1a: Tauros|Tauros|28/100\n|turn|38\n|\n|t:|1740847330\n|move|p2a: Alakazam|Psychic|p1a: Tauros\n|-crit|p1a: Tauros\n|-damage|p1a: Tauros|0 fnt\n|faint|p1a: Tauros\n|\n|win|Kaz\n","uploadtime":1740847330,"views":"1698","formatid":"gen1ou","rating":null,"private":0,"password":null}