{"id":"smogtours-gen1ou-904868","format":"[Gen 1] OU","players":["Laroxyl","Ct0wn"],"log":"|inactive|Battle timer is ON: inactive players will automatically lose when time's up.\n|t:|1769980692\n|gametype|singles\n|player|p1|Laroxyl|#splxviitigers2|\n|player|p2|Ct0wn|#splxviiclassiest2|\n|gen|1\n|tier|[Gen 1] OU\n|rule|Desync Clause Mod: Desyncs changed to move failure.\n|rule|Sleep Clause Mod: Limit one foe put to sleep\n|rule|Freeze Clause Mod: Limit one foe frozen\n|rule|Species Clause: Limit one of each Pokémon\n|rule|OHKO Clause: OHKO moves are banned\n|rule|Evasion Moves Clause: Evasion moves are banned\n|rule|Endless Battle Clause: Forcing endless battles is banned\n|rule|HP Percentage Mod: HP is shown in percentages\n|\n|t:|1769980692\n|teamsize|p1|6\n|teamsize|p2|6\n|start\n|switch|p1a: Alakazam|Alakazam|100/100\n|switch|p2a: Jynx|Jynx|100/100\n|turn|1\n|c|☆Ct0wn|Hf\n|rated|Smogon Premier League\n|c|☆Laroxyl|hf\n|\n|t:|1769980714\n|move|p1a: Alakazam|Thunder Wave|p2a: Jynx\n|-status|p2a: Jynx|par\n|move|p2a: Jynx|Lovely Kiss|p1a: Alakazam\n|-status|p1a: Alakazam|slp|[from] move: Lovely Kiss\n|\n|upkeep\n|turn|2\n|\n|t:|1769980721\n|cant|p1a: Alakazam|slp\n|move|p2a: Jynx|Ice Beam|p1a: Alakazam\n|-damage|p1a: Alakazam|70/100 slp\n|\n|upkeep\n|turn|3\n|\n|t:|1769980726\n|switch|p1a: Starmie|Starmie|100/100\n|move|p2a: Jynx|Ice Beam|p1a: Starmie\n|-resisted|p1a: Starmie\n|-damage|p1a: Starmie|82/100\n|\n|upkeep\n|turn|4\n|\n|t:|1769980733\n|move|p1a: Starmie|Psychic|p2a: Jynx\n|-resisted|p2a: Jynx\n|-damage|p2a: Jynx|85/100 par\n|move|p2a: Jynx|Ice Beam|p1a: Starmie\n|-resisted|p1a: Starmie\n|-damage|p1a: Starmie|66/100\n|\n|upkeep\n|turn|5\n|\n|t:|1769980739\n|move|p1a: Starmie|Psychic|p2a: Jynx\n|-crit|p2a: Jynx\n|-resisted|p2a: Jynx\n|-damage|p2a: Jynx|54/100 par\n|move|p2a: Jynx|Ice Beam|p1a: Starmie\n|-resisted|p1a: Starmie\n|-damage|p1a: Starmie|50/100\n|\n|upkeep\n|turn|6\n|\n|t:|1769980745\n|switch|p2a: Chansey|Chansey|100/100\n|move|p1a: Starmie|Recover|p1a: Starmie\n|-heal|p1a: Starmie|99/100\n|\n|upkeep\n|turn|7\n|\n|t:|1769980752\n|switch|p1a: Alakazam|Alakazam|70/100 slp\n|move|p2a: Chansey|Thunder Wave|p1a: Alakazam\n|-fail|p1a: Alakazam\n|\n|upkeep\n|turn|8\n|\n|t:|1769980757\n|cant|p1a: Alakazam|slp\n|move|p2a: Chansey|Thunder Wave|p1a: Alakazam\n|-fail|p1a: Alakazam\n|\n|upkeep\n|turn|9\n|\n|t:|1769980760\n|cant|p1a: Alakazam|slp\n|move|p2a: Chansey|Seismic Toss|p1a: Alakazam\n|-damage|p1a: Alakazam|38/100 slp\n|\n|upkeep\n|turn|10\n|\n|t:|1769980763\n|switch|p1a: Exeggutor|Exeggutor|100/100\n|move|p2a: Chansey|Seismic Toss|p1a: Exeggutor\n|-damage|p1a: Exeggutor|75/100\n|\n|upkeep\n|turn|11\n|\n|t:|1769980773\n|switch|p2a: Jynx|Jynx|54/100 par\n|move|p1a: Exeggutor|Psychic|p2a: Jynx\n|-resisted|p2a: Jynx\n|-damage|p2a: Jynx|33/100 par\n|-unboost|p2a: Jynx|spa|1\n|-unboost|p2a: Jynx|spd|1\n|\n|upkeep\n|turn|12\n|inactive|Laroxyl has 270 seconds left.\n|\n|t:|1769980814\n|switch|p1a: Snorlax|Snorlax|100/100\n|cant|p2a: Jynx|par\n|\n|upkeep\n|turn|13\n|inactive|Laroxyl has 240 seconds left.\n|\n|t:|1769980848\n|switch|p1a: Exeggutor|Exeggutor|75/100\n|switch|p2a: Snorlax|Snorlax|100/100\n|\n|upkeep\n|turn|14\n|inactive|Laroxyl has 240 seconds left.\n|\n|t:|1769980863\n|switch|p2a: Jynx|Jynx|33/100 par\n|move|p1a: Exeggutor|Psychic|p2a: Jynx\n|-resisted|p2a: Jynx\n|-damage|p2a: Jynx|13/100 par\n|\n|upkeep\n|turn|15\n|inactive|Laroxyl has 240 seconds left.\n|\n|t:|1769980872\n|switch|p2a: Exeggutor|Exeggutor|100/100\n|move|p1a: Exeggutor|Psychic|p2a: Exeggutor\n|-resisted|p2a: Exeggutor\n|-damage|p2a: Exeggutor|86/100\n|\n|upkeep\n|turn|16\n|\n|t:|1769980878\n|move|p1a: Exeggutor|Sleep Powder|p2a: Exeggutor|[miss]\n|-miss|p1a: Exeggutor\n|move|p2a: Exeggutor|Stun Spore|p1a: Exeggutor\n|-status|p1a: Exeggutor|par\n|\n|upkeep\n|turn|17\n|\n|t:|1769980886\n|move|p2a: Exeggutor|Psychic|p1a: Exeggutor\n|-resisted|p1a: Exeggutor\n|-damage|p1a: Exeggutor|62/100 par\n|move|p1a: Exeggutor|Sleep Powder|p2a: Exeggutor\n|-status|p2a: Exeggutor|slp|[from] move: Sleep Powder\n|\n|upkeep\n|turn|18\n|\n|t:|1769980906\n|switch|p2a: Chansey|Chansey|100/100\n|switch|p1a: Snorlax|Snorlax|100/100\n|\n|upkeep\n|turn|19\n|\n|t:|1769980917\n|move|p2a: Chansey|Thunder Wave|p1a: Snorlax\n|-status|p1a: Snorlax|par\n|cant|p1a: Snorlax|par\n|\n|upkeep\n|turn|20\n|\n|t:|1769980930\n|move|p2a: Chansey|Seismic Toss|p1a: Snorlax\n|-damage|p1a: Snorlax|81/100 par\n|move|p1a: Snorlax|Body Slam|p2a: Chansey\n|-damage|p2a: Chansey|57/100\n|\n|upkeep\n|turn|21\n|\n|t:|1769980939\n|move|p2a: Chansey|Soft-Boiled|p2a: Chansey\n|-heal|p2a: Chansey|100/100\n|move|p1a: Snorlax|Self-Destruct|p2a: Chansey\n|-damage|p2a: Chansey|0 fnt\n|faint|p2a: Chansey\n|faint|p1a: Snorlax\n|inactive|Laroxyl has 240 seconds left.\n|inactive|Laroxyl has 210 seconds left.\n|\n|t:|1769980998\n|switch|p2a: Snorlax|Snorlax|100/100\n|switch|p1a: Starmie|Starmie|99/100\n|turn|22\n|inactive|Laroxyl has 210 seconds left.\n|\n|t:|1769981008\n|move|p1a: Starmie|Thunder Wave|p2a: Snorlax\n|-status|p2a: Snorlax|par\n|cant|p2a: Snorlax|par\n|\n|upkeep\n|turn|23\n|inactive|Laroxyl has 210 seconds left.\n|\n|t:|1769981020\n|move|p1a: Starmie|Psychic|p2a: Snorlax\n|-damage|p2a: Snorlax|75/100 par\n|move|p2a: Snorlax|Body Slam|p1a: Starmie\n|-damage|p1a: Starmie|61/100\n|-status|p1a: Starmie|par\n|\n|upkeep\n|turn|24\n|inactive|Laroxyl has 210 seconds left.\n|\n|t:|1769981035\n|switch|p2a: Zapdos|Zapdos|100/100\n|move|p1a: Starmie|Recover|p1a: Starmie\n|-heal|p1a: Starmie|100/100 par\n|\n|upkeep\n|turn|25\n|inactive|Laroxyl has 210 seconds left.\n|\n|t:|1769981059\n|switch|p1a: Alakazam|Alakazam|38/100 slp\n|move|p2a: Zapdos|Thunderbolt|p1a: Alakazam\n|-damage|p1a: Alakazam|4/100 slp\n|\n|upkeep\n|turn|26\n|\n|t:|1769981064\n|-curestatus|p1a: Alakazam|slp|[msg]\n|move|p2a: Zapdos|Agility|p2a: Zapdos\n|-boost|p2a: Zapdos|spe|2\n|\n|upkeep\n|turn|27\n|inactive|Laroxyl has 210 seconds left.\n|inactive|Laroxyl has 180 seconds left.\n|inactive|Laroxyl has 150 seconds left.\n|\n|t:|1769981135\n|switch|p1a: Zapdos|Zapdos|100/100\n|move|p2a: Zapdos|Drill Peck|p1a: Zapdos\n|-resisted|p1a: Zapdos\n|-damage|p1a: Zapdos|88/100\n|\n|upkeep\n|turn|28\n|inactive|Laroxyl has 150 seconds left.\n|\n|t:|1769981150\n|move|p2a: Zapdos|Thunder Wave|p1a: Zapdos\n|-status|p1a: Zapdos|par\n|move|p1a: Zapdos|Thunder Wave|p2a: Zapdos\n|-status|p2a: Zapdos|par\n|\n|upkeep\n|turn|29\n|\n|t:|1769981157\n|move|p2a: Zapdos|Thunderbolt|p1a: Zapdos\n|-damage|p1a: Zapdos|61/100 par\n|move|p1a: Zapdos|Agility|p1a: Zapdos\n|-boost|p1a: Zapdos|spe|2\n|\n|upkeep\n|turn|30\n|\n|t:|1769981161\n|move|p1a: Zapdos|Thunderbolt|p2a: Zapdos\n|-crit|p2a: Zapdos\n|-damage|p2a: Zapdos|46/100 par\n|move|p2a: Zapdos|Thunderbolt|p1a: Zapdos\n|-damage|p1a: Zapdos|33/100 par\n|\n|upkeep\n|turn|31\n|\n|t:|1769981167\n|move|p1a: Zapdos|Thunderbolt|p2a: Zapdos\n|-damage|p2a: Zapdos|16/100 par\n|move|p2a: Zapdos|Agility|p2a: Zapdos\n|-boost|p2a: Zapdos|spe|2\n|\n|upkeep\n|turn|32\n|\n|t:|1769981175\n|cant|p2a: Zapdos|par\n|cant|p1a: Zapdos|par\n|\n|upkeep\n|turn|33\n|inactive|Laroxyl has 180 seconds left.\n|\n|t:|1769981207\n|cant|p2a: Zapdos|par\n|cant|p1a: Zapdos|par\n|\n|upkeep\n|turn|34\n|\n|t:|1769981214\n|move|p2a: Zapdos|Thunderbolt|p1a: Zapdos\n|-damage|p1a: Zapdos|6/100 par\n|move|p1a: Zapdos|Thunderbolt|p2a: Zapdos\n|-crit|p2a: Zapdos\n|-damage|p2a: Zapdos|0 fnt\n|faint|p2a: Zapdos\n|\n|t:|1769981227\n|switch|p2a: Tauros|Tauros|100/100\n|turn|35\n|\n|t:|1769981242\n|move|p2a: Tauros|Body Slam|p1a: Zapdos\n|-damage|p1a: Zapdos|0 fnt\n|faint|p1a: Zapdos\n|inactive|Laroxyl has 150 seconds left.\n|inactive|Laroxyl has 120 seconds left.\n|inactive|Laroxyl has 90 seconds left.\n|\n|t:|1769981348\n|switch|p1a: Alakazam|Alakazam|4/100\n|turn|36\n|inactive|Laroxyl has 60 seconds left.\n|inactive|Ct0wn has 270 seconds left.\n|\n|t:|1769981383\n|switch|p2a: Snorlax|Snorlax|75/100 par\n|move|p1a: Alakazam|Psychic|p2a: Snorlax\n|-damage|p2a: Snorlax|41/100 par\n|\n|upkeep\n|turn|37\n|inactive|Laroxyl has 60 seconds left.\n|\n|t:|1769981398\n|move|p1a: Alakazam|Psychic|p2a: Snorlax\n|-crit|p2a: Snorlax\n|-damage|p2a: Snorlax|0 fnt\n|faint|p2a: Snorlax\n|\n|t:|1769981402\n|switch|p2a: Exeggutor|Exeggutor|86/100 slp\n|turn|38\n|\n|t:|1769981410\n|move|p1a: Alakazam|Seismic Toss|p2a: Exeggutor\n|-damage|p2a: Exeggutor|61/100 slp\n|cant|p2a: Exeggutor|slp\n|\n|upkeep\n|turn|39\n|\n|t:|1769981414\n|move|p1a: Alakazam|Seismic Toss|p2a: Exeggutor\n|-damage|p2a: Exeggutor|35/100 slp\n|cant|p2a: Exeggutor|slp\n|\n|upkeep\n|turn|40\n|\n|t:|1769981417\n|switch|p2a: Jynx|Jynx|13/100 par\n|move|p1a: Alakazam|Seismic Toss|p2a: Jynx\n|-damage|p2a: Jynx|0 fnt\n|faint|p2a: Jynx\n|\n|t:|1769981419\n|switch|p2a: Tauros|Tauros|100/100\n|turn|41\n|\n|t:|1769981428\n|move|p1a: Alakazam|Thunder Wave|p2a: Tauros\n|-status|p2a: Tauros|par\n|move|p2a: Tauros|Body Slam|p1a: Alakazam\n|-damage|p1a: Alakazam|0 fnt\n|faint|p1a: Alakazam\n|inactive|Laroxyl has 90 seconds left.\n|\n|t:|1769981443\n|switch|p1a: Tauros|Tauros|100/100\n|turn|42\n|\n|t:|1769981445\n|move|p1a: Tauros|Body Slam|p2a: Tauros\n|-crit|p2a: Tauros\n|-damage|p2a: Tauros|47/100 par\n|cant|p2a: Tauros|par\n|\n|upkeep\n|turn|43\n|\n|t:|1769981448\n|move|p1a: Tauros|Body Slam|p2a: Tauros\n|-damage|p2a: Tauros|20/100 par\n|move|p2a: Tauros|Blizzard|p1a: Tauros\n|-crit|p1a: Tauros\n|-damage|p1a: Tauros|46/100\n|\n|upkeep\n|turn|44\n|\n|t:|1769981452\n|move|p1a: Tauros|Body Slam|p2a: Tauros\n|-crit|p2a: Tauros\n|-damage|p2a: Tauros|0 fnt\n|faint|p2a: Tauros\n|\n|t:|1769981453\n|switch|p2a: Exeggutor|Exeggutor|35/100 slp\n|turn|45\n|\n|t:|1769981455\n|move|p1a: Tauros|Body Slam|p2a: Exeggutor\n|-damage|p2a: Exeggutor|6/100 slp\n|cant|p2a: Exeggutor|slp\n|\n|upkeep\n|turn|46\n|\n|t:|1769981456\n|move|p1a: Tauros|Body Slam|p2a: Exeggutor\n|-damage|p2a: Exeggutor|0 fnt\n|faint|p2a: Exeggutor\n|\n|win|Laroxyl\n|c|☆Laroxyl|gg\n|c|☆Ct0wn|Gg\n|player|p1|\n","uploadtime":1769981456,"views":"987","formatid":"gen1ou","rating":null,"private":0,"password":null}