{"id":"smogtours-gen1ou-824069","format":"[Gen 1] OU","players":["shiloh","WarumFelix"],"log":"|inactive|Battle timer is ON: inactive players will automatically lose when time's up.\n|t:|1741534158\n|gametype|singles\n|player|p1|shiloh|#splxvitigers2|\n|player|p2|WarumFelix|lucas|\n|teamsize|p1|6\n|teamsize|p2|6\n|gen|1\n|tier|[Gen 1] OU\n|rule|Desync Clause Mod: Desyncs changed to move failure.\n|rule|Sleep Clause Mod: Limit one foe put to sleep\n|rule|Freeze Clause Mod: Limit one foe frozen\n|rule|Species Clause: Limit one of each Pokémon\n|rule|OHKO Clause: OHKO moves are banned\n|rule|Evasion Moves Clause: Evasion moves are banned\n|rule|Endless Battle Clause: Forcing endless battles is banned\n|rule|HP Percentage Mod: HP is shown in percentages\n|\n|t:|1741534158\n|start\n|switch|p1a: REASON|Alakazam|100/100\n|switch|p2a: Jynx|Jynx|100/100\n|turn|1\n|c|☆WarumFelix|glhf\n|rated|Smogon Premier League\n|\n|t:|1741534170\n|move|p1a: REASON|Thunder Wave|p2a: Jynx\n|-status|p2a: Jynx|par\n|move|p2a: Jynx|Lovely Kiss|p1a: REASON\n|-status|p1a: REASON|slp|[from] move: Lovely Kiss\n|\n|upkeep\n|turn|2\n|\n|t:|1741534173\n|switch|p1a: CHAN KO SAR|Chansey|100/100\n|move|p2a: Jynx|Blizzard|p1a: CHAN KO SAR\n|-damage|p1a: CHAN KO SAR|83/100\n|-status|p1a: CHAN KO SAR|frz\n|\n|upkeep\n|turn|3\n|\n|t:|1741534177\n|switch|p1a: RETRIBUTION|Snorlax|100/100\n|switch|p2a: Starmie|Starmie|100/100\n|\n|upkeep\n|turn|4\n|\n|t:|1741534179\n|move|p2a: Starmie|Thunder Wave|p1a: RETRIBUTION\n|-status|p1a: RETRIBUTION|par\n|move|p1a: RETRIBUTION|Body Slam|p2a: Starmie\n|-damage|p2a: Starmie|65/100\n|\n|upkeep\n|turn|5\n|\n|t:|1741534182\n|move|p2a: Starmie|Surf|p1a: RETRIBUTION\n|-crit|p1a: RETRIBUTION\n|-damage|p1a: RETRIBUTION|50/100 par\n|move|p1a: RETRIBUTION|Body Slam|p2a: Starmie\n|-damage|p2a: Starmie|26/100\n|\n|upkeep\n|turn|6\n|\n|t:|1741534204\n|move|p2a: Starmie|Recover|p2a: Starmie\n|-heal|p2a: Starmie|76/100\n|move|p1a: RETRIBUTION|Body Slam|p2a: Starmie\n|-damage|p2a: Starmie|38/100\n|-status|p2a: Starmie|par\n|\n|upkeep\n|turn|7\n|\n|t:|1741534215\n|switch|p1a: MERCY|Zapdos|100/100\n|move|p2a: Starmie|Surf|p1a: MERCY\n|-damage|p1a: MERCY|78/100\n|\n|upkeep\n|turn|8\n|inactive|WarumFelix has 270 seconds left.\n|\n|t:|1741534251\n|switch|p2a: Rhydon|Rhydon|100/100\n|move|p1a: MERCY|Drill Peck|p2a: Rhydon\n|-resisted|p2a: Rhydon\n|-damage|p2a: Rhydon|91/100\n|\n|upkeep\n|turn|9\n|\n|t:|1741534255\n|switch|p1a: KORAVELLIUM AVAST|Exeggutor|100/100\n|move|p2a: Rhydon|Earthquake|p1a: KORAVELLIUM AVAST\n|-resisted|p1a: KORAVELLIUM AVAST\n|-damage|p1a: KORAVELLIUM AVAST|82/100\n|\n|upkeep\n|turn|10\n|inactive|WarumFelix has 270 seconds left.\n|\n|t:|1741534263\n|switch|p2a: Jynx|Jynx|100/100 par\n|move|p1a: KORAVELLIUM AVAST|Psychic|p2a: Jynx\n|-resisted|p2a: Jynx\n|-damage|p2a: Jynx|82/100 par\n|\n|upkeep\n|turn|11\n|\n|t:|1741534267\n|switch|p1a: REASON|Alakazam|100/100 slp\n|move|p2a: Jynx|Blizzard|p1a: REASON\n|-damage|p1a: REASON|68/100 slp\n|\n|upkeep\n|turn|12\n|\n|t:|1741534285\n|cant|p1a: REASON|slp\n|move|p2a: Jynx|Blizzard|p1a: REASON\n|-crit|p1a: REASON\n|-damage|p1a: REASON|4/100 slp\n|\n|upkeep\n|turn|13\n|\n|t:|1741534295\n|switch|p2a: Tauros|Tauros|100/100\n|cant|p1a: REASON|slp\n|\n|upkeep\n|turn|14\n|\n|t:|1741534299\n|switch|p1a: CHAN KO SAR|Chansey|83/100 frz\n|move|p2a: Tauros|Body Slam|p1a: CHAN KO SAR\n|-damage|p1a: CHAN KO SAR|41/100 frz\n|\n|upkeep\n|turn|15\n|\n|t:|1741534301\n|move|p2a: Tauros|Body Slam|p1a: CHAN KO SAR\n|-damage|p1a: CHAN KO SAR|2/100 frz\n|cant|p1a: CHAN KO SAR|frz\n|\n|upkeep\n|turn|16\n|\n|t:|1741534304\n|move|p2a: Tauros|Body Slam|p1a: CHAN KO SAR\n|-damage|p1a: CHAN KO SAR|0 fnt\n|faint|p1a: CHAN KO SAR\n|\n|t:|1741534307\n|switch|p1a: STORMBLESSED|Tauros|100/100\n|turn|17\n|\n|t:|1741534309\n|move|p1a: STORMBLESSED|Body Slam|p2a: Tauros\n|-damage|p2a: Tauros|69/100\n|move|p2a: Tauros|Body Slam|p1a: STORMBLESSED\n|-damage|p1a: STORMBLESSED|70/100\n|\n|upkeep\n|turn|18\n|\n|t:|1741534311\n|move|p2a: Tauros|Body Slam|p1a: STORMBLESSED\n|-damage|p1a: STORMBLESSED|42/100\n|move|p1a: STORMBLESSED|Body Slam|p2a: Tauros\n|-damage|p2a: Tauros|40/100\n|\n|upkeep\n|turn|19\n|\n|t:|1741534327\n|switch|p2a: Snorlax|Snorlax|100/100\n|move|p1a: STORMBLESSED|Hyper Beam|p2a: Snorlax\n|-damage|p2a: Snorlax|60/100\n|-mustrecharge|p1a: STORMBLESSED\n|\n|upkeep\n|turn|20\n|\n|t:|1741534329\n|cant|p1a: STORMBLESSED|recharge\n|move|p2a: Snorlax|Hyper Beam|p1a: STORMBLESSED\n|-damage|p1a: STORMBLESSED|0 fnt\n|faint|p1a: STORMBLESSED\n|\n|t:|1741534332\n|switch|p1a: KORAVELLIUM AVAST|Exeggutor|82/100\n|turn|21\n|\n|t:|1741534340\n|move|p1a: KORAVELLIUM AVAST|Psychic|p2a: Snorlax\n|-damage|p2a: Snorlax|32/100\n|-unboost|p2a: Snorlax|spa|1\n|-unboost|p2a: Snorlax|spd|1\n|move|p2a: Snorlax|Body Slam|p1a: KORAVELLIUM AVAST\n|-damage|p1a: KORAVELLIUM AVAST|53/100\n|\n|upkeep\n|turn|22\n|\n|t:|1741534350\n|switch|p2a: Starmie|Starmie|38/100 par\n|move|p1a: KORAVELLIUM AVAST|Psychic|p2a: Starmie\n|-resisted|p2a: Starmie\n|-damage|p2a: Starmie|18/100 par\n|\n|upkeep\n|turn|23\n|\n|t:|1741534353\n|move|p1a: KORAVELLIUM AVAST|Psychic|p2a: Starmie\n|-resisted|p2a: Starmie\n|-damage|p2a: Starmie|0 fnt\n|faint|p2a: Starmie\n|\n|t:|1741534355\n|switch|p2a: Jynx|Jynx|82/100 par\n|turn|24\n|\n|t:|1741534364\n|move|p1a: KORAVELLIUM AVAST|Psychic|p2a: Jynx\n|-resisted|p2a: Jynx\n|-damage|p2a: Jynx|63/100 par\n|-unboost|p2a: Jynx|spa|1\n|-unboost|p2a: Jynx|spd|1\n|cant|p2a: Jynx|par\n|\n|upkeep\n|turn|25\n|\n|t:|1741534378\n|move|p1a: KORAVELLIUM AVAST|Psychic|p2a: Jynx\n|-resisted|p2a: Jynx\n|-damage|p2a: Jynx|35/100 par\n|move|p2a: Jynx|Blizzard|p1a: KORAVELLIUM AVAST\n|-supereffective|p1a: KORAVELLIUM AVAST\n|-damage|p1a: KORAVELLIUM AVAST|15/100\n|\n|upkeep\n|turn|26\n|\n|t:|1741534387\n|move|p1a: KORAVELLIUM AVAST|Psychic|p2a: Jynx\n|-resisted|p2a: Jynx\n|-damage|p2a: Jynx|4/100 par\n|move|p2a: Jynx|Blizzard|p1a: KORAVELLIUM AVAST\n|-supereffective|p1a: KORAVELLIUM AVAST\n|-damage|p1a: KORAVELLIUM AVAST|0 fnt\n|faint|p1a: KORAVELLIUM AVAST\n|\n|t:|1741534390\n|switch|p1a: MERCY|Zapdos|78/100\n|turn|27\n|\n|t:|1741534394\n|move|p1a: MERCY|Drill Peck|p2a: Jynx|[miss]\n|-miss|p1a: MERCY\n|-hint|In Gen 1, moves with 100% accuracy can still miss 1/256 of the time.\n|move|p2a: Jynx|Blizzard|p1a: MERCY\n|-supereffective|p1a: MERCY\n|-damage|p1a: MERCY|36/100\n|\n|upkeep\n|turn|28\n|\n|t:|1741534396\n|move|p1a: MERCY|Drill Peck|p2a: Jynx\n|-crit|p2a: Jynx\n|-damage|p2a: Jynx|0 fnt\n|faint|p2a: Jynx\n|\n|t:|1741534398\n|switch|p2a: Rhydon|Rhydon|91/100\n|turn|29\n|\n|t:|1741534404\n|switch|p1a: REASON|Alakazam|4/100 slp\n|move|p2a: Rhydon|Substitute|p2a: Rhydon\n|-start|p2a: Rhydon|Substitute\n|-damage|p2a: Rhydon|66/100\n|\n|upkeep\n|turn|30\n|\n|t:|1741534407\n|cant|p1a: REASON|slp\n|move|p2a: Rhydon|Earthquake|p1a: REASON\n|-damage|p1a: REASON|0 fnt\n|faint|p1a: REASON\n|\n|t:|1741534408\n|switch|p1a: RETRIBUTION|Snorlax|50/100 par\n|turn|31\n|\n|t:|1741534409\n|move|p2a: Rhydon|Earthquake|p1a: RETRIBUTION\n|-damage|p1a: RETRIBUTION|12/100 par\n|move|p1a: RETRIBUTION|Reflect|p1a: RETRIBUTION\n|-start|p1a: RETRIBUTION|Reflect\n|\n|upkeep\n|turn|32\n|\n|t:|1741534411\n|move|p2a: Rhydon|Earthquake|p1a: RETRIBUTION\n|-damage|p1a: RETRIBUTION|0 fnt\n|faint|p1a: RETRIBUTION\n|c|☆shiloh|gg\n|-message|shiloh forfeited.\n|\n|win|WarumFelix\n","uploadtime":1741534415,"views":"1461","formatid":"gen1ou","rating":null,"private":0,"password":null}