{"id":"smogtours-gen1ou-913061","format":"[Gen 1] OU","players":["Laroxyl","Sceptross"],"log":"|inactive|Battle timer is ON: inactive players will automatically lose when time's up.\n|t:|1772303294\n|gametype|singles\n|player|p1|Laroxyl|#splxviitigers2|\n|player|p2|Sceptross|#splxviicryonicles2|\n|gen|1\n|tier|[Gen 1] OU\n|rule|Desync Clause Mod: Desyncs changed to move failure.\n|rule|Sleep Clause Mod: Limit one foe put to sleep\n|rule|Freeze Clause Mod: Limit one foe frozen\n|rule|Species Clause: Limit one of each Pokémon\n|rule|OHKO Clause: OHKO moves are banned\n|rule|Evasion Moves Clause: Evasion moves are banned\n|rule|Endless Battle Clause: Forcing endless battles is banned\n|rule|HP Percentage Mod: HP is shown in percentages\n|\n|t:|1772303294\n|teamsize|p1|6\n|teamsize|p2|6\n|start\n|switch|p1a: Jynx|Jynx|100/100\n|switch|p2a: Jynx|Jynx|100/100\n|turn|1\n|c|☆Sceptross|gl hf\n|c|☆Laroxyl|Gl hf\n|rated|Smogon Premier League\n|inactive|Sceptross has 270 seconds left.\n|\n|t:|1772303328\n|move|p1a: Jynx|Lovely Kiss|p2a: Jynx\n|-status|p2a: Jynx|slp|[from] move: Lovely Kiss\n|cant|p2a: Jynx|slp\n|\n|upkeep\n|turn|2\n|\n|t:|1772303342\n|switch|p1a: Tauros|Tauros|100/100\n|-curestatus|p2a: Jynx|slp|[msg]\n|\n|upkeep\n|turn|3\n|\n|t:|1772303349\n|switch|p1a: Jynx|Jynx|100/100\n|move|p2a: Jynx|Lovely Kiss|p1a: Jynx\n|-status|p1a: Jynx|slp|[from] move: Lovely Kiss\n|\n|upkeep\n|turn|4\n|\n|t:|1772303362\n|cant|p1a: Jynx|slp\n|move|p2a: Jynx|Blizzard|p1a: Jynx\n|-resisted|p1a: Jynx\n|-damage|p1a: Jynx|78/100 slp\n|\n|upkeep\n|turn|5\n|\n|t:|1772303367\n|switch|p2a: Tauros|Tauros|100/100\n|switch|p1a: Chansey|Chansey|100/100\n|\n|upkeep\n|turn|6\n|\n|t:|1772303387\n|switch|p2a: Jynx|Jynx|100/100\n|move|p1a: Chansey|Thunder Wave|p2a: Jynx\n|-status|p2a: Jynx|par\n|\n|upkeep\n|turn|7\n|\n|t:|1772303392\n|move|p1a: Chansey|Seismic Toss|p2a: Jynx\n|-damage|p2a: Jynx|70/100 par\n|move|p2a: Jynx|Blizzard|p1a: Chansey\n|-damage|p1a: Chansey|81/100\n|\n|upkeep\n|turn|8\n|\n|t:|1772303401\n|move|p1a: Chansey|Seismic Toss|p2a: Jynx\n|-damage|p2a: Jynx|40/100 par\n|move|p2a: Jynx|Rest|p2a: Jynx\n|-status|p2a: Jynx|slp|[from] move: Rest\n|-heal|p2a: Jynx|100/100 slp|[silent]\n|\n|upkeep\n|turn|9\n|\n|t:|1772303419\n|switch|p1a: Tauros|Tauros|100/100\n|cant|p2a: Jynx|slp\n|\n|upkeep\n|turn|10\n|inactive|Laroxyl has 270 seconds left.\n|\n|t:|1772303447\n|switch|p1a: Exeggutor|Exeggutor|100/100\n|switch|p2a: Snorlax|Snorlax|100/100\n|\n|upkeep\n|turn|11\n|\n|t:|1772303453\n|switch|p2a: Jynx|Jynx|100/100 slp\n|move|p1a: Exeggutor|Psychic|p2a: Jynx\n|-resisted|p2a: Jynx\n|-damage|p2a: Jynx|80/100 slp\n|\n|upkeep\n|turn|12\n|\n|t:|1772303458\n|-curestatus|p2a: Jynx|slp|[msg]\n|move|p1a: Exeggutor|Sleep Powder|p2a: Jynx|[miss]\n|-miss|p1a: Exeggutor\n|\n|upkeep\n|turn|13\n|\n|t:|1772303465\n|switch|p1a: Jynx|Jynx|78/100 slp\n|move|p2a: Jynx|Blizzard|p1a: Jynx\n|-resisted|p1a: Jynx\n|-damage|p1a: Jynx|57/100 slp\n|\n|upkeep\n|turn|14\n|\n|t:|1772303474\n|switch|p1a: Chansey|Chansey|81/100\n|move|p2a: Jynx|Psychic|p1a: Chansey\n|-damage|p1a: Chansey|67/100\n|\n|upkeep\n|turn|15\n|\n|t:|1772303489\n|move|p2a: Jynx|Blizzard|p1a: Chansey\n|-crit|p1a: Chansey\n|-damage|p1a: Chansey|31/100\n|move|p1a: Chansey|Thunder Wave|p2a: Jynx\n|-status|p2a: Jynx|par\n|\n|upkeep\n|turn|16\n|\n|t:|1772303495\n|move|p1a: Chansey|Soft-Boiled|p1a: Chansey\n|-heal|p1a: Chansey|81/100\n|move|p2a: Jynx|Blizzard|p1a: Chansey\n|-damage|p1a: Chansey|63/100\n|\n|upkeep\n|turn|17\n|\n|t:|1772303504\n|move|p1a: Chansey|Soft-Boiled|p1a: Chansey\n|-heal|p1a: Chansey|100/100\n|cant|p2a: Jynx|par\n|\n|upkeep\n|turn|18\n|\n|t:|1772303510\n|move|p1a: Chansey|Seismic Toss|p2a: Jynx\n|-damage|p2a: Jynx|50/100 par\n|move|p2a: Jynx|Rest|p2a: Jynx\n|-status|p2a: Jynx|slp|[from] move: Rest\n|-heal|p2a: Jynx|100/100 slp|[silent]\n|\n|upkeep\n|turn|19\n|\n|t:|1772303515\n|switch|p1a: Tauros|Tauros|100/100\n|cant|p2a: Jynx|slp\n|\n|upkeep\n|turn|20\n|\n|t:|1772303520\n|switch|p1a: Exeggutor|Exeggutor|100/100\n|switch|p2a: Snorlax|Snorlax|100/100\n|\n|upkeep\n|turn|21\n|\n|t:|1772303524\n|switch|p2a: Jynx|Jynx|100/100 slp\n|move|p1a: Exeggutor|Psychic|p2a: Jynx\n|-resisted|p2a: Jynx\n|-damage|p2a: Jynx|80/100 slp\n|\n|upkeep\n|turn|22\n|\n|t:|1772303527\n|-curestatus|p2a: Jynx|slp|[msg]\n|move|p1a: Exeggutor|Sleep Powder|p2a: Jynx|[miss]\n|-miss|p1a: Exeggutor\n|\n|upkeep\n|turn|23\n|\n|t:|1772303544\n|switch|p1a: Chansey|Chansey|100/100\n|move|p2a: Jynx|Blizzard|p1a: Chansey\n|-damage|p1a: Chansey|83/100\n|\n|upkeep\n|turn|24\n|\n|t:|1772303560\n|switch|p2a: Chansey|Chansey|100/100\n|move|p1a: Chansey|Seismic Toss|p2a: Chansey\n|-damage|p2a: Chansey|86/100\n|\n|upkeep\n|turn|25\n|inactive|Laroxyl has 270 seconds left.\n|\n|t:|1772303595\n|switch|p2a: Jynx|Jynx|80/100\n|move|p1a: Chansey|Thunder Wave|p2a: Jynx\n|-status|p2a: Jynx|par\n|\n|upkeep\n|turn|26\n|\n|t:|1772303603\n|move|p1a: Chansey|Seismic Toss|p2a: Jynx\n|-damage|p2a: Jynx|50/100 par\n|cant|p2a: Jynx|par\n|\n|upkeep\n|turn|27\n|inactive|Laroxyl has 270 seconds left.\n|\n|t:|1772303631\n|move|p1a: Chansey|Seismic Toss|p2a: Jynx\n|-damage|p2a: Jynx|20/100 par\n|move|p2a: Jynx|Rest|p2a: Jynx\n|-status|p2a: Jynx|slp|[from] move: Rest\n|-heal|p2a: Jynx|100/100 slp|[silent]\n|\n|upkeep\n|turn|28\n|\n|t:|1772303638\n|switch|p1a: Tauros|Tauros|100/100\n|cant|p2a: Jynx|slp\n|\n|upkeep\n|turn|29\n|\n|t:|1772303646\n|switch|p1a: Exeggutor|Exeggutor|100/100\n|switch|p2a: Snorlax|Snorlax|100/100\n|\n|upkeep\n|turn|30\n|inactive|Laroxyl has 240 seconds left.\n|\n|t:|1772303676\n|switch|p2a: Jynx|Jynx|100/100 slp\n|move|p1a: Exeggutor|Psychic|p2a: Jynx\n|-resisted|p2a: Jynx\n|-damage|p2a: Jynx|81/100 slp\n|\n|upkeep\n|turn|31\n|\n|t:|1772303683\n|-curestatus|p2a: Jynx|slp|[msg]\n|move|p1a: Exeggutor|Sleep Powder|p2a: Jynx|[miss]\n|-miss|p1a: Exeggutor\n|\n|upkeep\n|turn|32\n|inactive|Laroxyl has 240 seconds left.\n|\n|t:|1772303708\n|switch|p1a: Jynx|Jynx|57/100 slp\n|move|p2a: Jynx|Psychic|p1a: Jynx\n|-resisted|p1a: Jynx\n|-damage|p1a: Jynx|41/100 slp\n|\n|upkeep\n|turn|33\n|inactive|Laroxyl has 240 seconds left.\n|\n|t:|1772303714\n|switch|p2a: Tauros|Tauros|100/100\n|switch|p1a: Chansey|Chansey|83/100\n|\n|upkeep\n|turn|34\n|inactive|Laroxyl has 240 seconds left.\n|\n|t:|1772303746\n|switch|p2a: Chansey|Chansey|86/100\n|switch|p1a: Exeggutor|Exeggutor|100/100\n|\n|upkeep\n|turn|35\n|\n|t:|1772303751\n|switch|p2a: Jynx|Jynx|81/100\n|move|p1a: Exeggutor|Sleep Powder|p2a: Jynx\n|-status|p2a: Jynx|slp|[from] move: Sleep Powder\n|\n|upkeep\n|turn|36\n|inactive|Sceptross has 270 seconds left.\n|inactive|Sceptross has 240 seconds left.\n|\n|t:|1772303818\n|switch|p2a: Chansey|Chansey|86/100\n|move|p1a: Exeggutor|Stun Spore|p2a: Chansey\n|-status|p2a: Chansey|par\n|\n|upkeep\n|turn|37\n|inactive|Sceptross has 240 seconds left.\n|\n|t:|1772303834\n|switch|p1a: Jynx|Jynx|41/100 slp\n|move|p2a: Chansey|Ice Beam|p1a: Jynx\n|-resisted|p1a: Jynx\n|-damage|p1a: Jynx|28/100 slp\n|\n|upkeep\n|turn|38\n|inactive|Sceptross has 240 seconds left.\n|\n|t:|1772303842\n|switch|p1a: Snorlax|Snorlax|100/100\n|move|p2a: Chansey|Ice Beam|p1a: Snorlax\n|-crit|p1a: Snorlax\n|-damage|p1a: Snorlax|63/100\n|\n|upkeep\n|turn|39\n|inactive|Sceptross has 240 seconds left.\n|\n|t:|1772303881\n|move|p1a: Snorlax|Earthquake|p2a: Chansey\n|-damage|p2a: Chansey|56/100 par\n|move|p2a: Chansey|Thunder Wave|p1a: Snorlax\n|-status|p1a: Snorlax|par\n|\n|upkeep\n|turn|40\n|\n|t:|1772303894\n|switch|p2a: Snorlax|Snorlax|100/100\n|cant|p1a: Snorlax|par\n|\n|upkeep\n|turn|41\n|inactive|Laroxyl has 210 seconds left.\n|inactive|Laroxyl has 180 seconds left.\n|inactive|Laroxyl has 150 seconds left.\n|\n|t:|1772303984\n|move|p2a: Snorlax|Body Slam|p1a: Snorlax\n|-damage|p1a: Snorlax|35/100 par\n|move|p1a: Snorlax|Reflect|p1a: Snorlax\n|-start|p1a: Snorlax|Reflect\n|\n|upkeep\n|turn|42\n|\n|t:|1772303991\n|switch|p2a: Starmie|Starmie|100/100\n|move|p1a: Snorlax|Rest|p1a: Snorlax\n|-status|p1a: Snorlax|slp|[from] move: Rest\n|-heal|p1a: Snorlax|100/100 slp|[silent]\n|\n|upkeep\n|turn|43\n|\n|t:|1772304009\n|switch|p1a: Chansey|Chansey|83/100\n|move|p2a: Starmie|Psychic|p1a: Chansey\n|-damage|p1a: Chansey|69/100\n|\n|upkeep\n|turn|44\n|inactive|Sceptross has 240 seconds left.\n|inactive|Laroxyl has 150 seconds left.\n|\n|t:|1772304051\n|switch|p1a: Snorlax|Snorlax|100/100 slp\n|move|p2a: Starmie|Thunder Wave|p1a: Snorlax\n|-fail|p1a: Snorlax\n|\n|upkeep\n|turn|45\n|\n|t:|1772304064\n|switch|p1a: Chansey|Chansey|69/100\n|move|p2a: Starmie|Psychic|p1a: Chansey\n|-damage|p1a: Chansey|55/100\n|-unboost|p1a: Chansey|spa|1\n|-unboost|p1a: Chansey|spd|1\n|\n|upkeep\n|turn|46\n|inactive|Sceptross has 210 seconds left.\n|\n|t:|1772304082\n|move|p2a: Starmie|Thunder Wave|p1a: Chansey\n|-status|p1a: Chansey|par\n|cant|p1a: Chansey|par\n|\n|upkeep\n|turn|47\n|\n|t:|1772304097\n|switch|p2a: Rhydon|Rhydon|100/100\n|move|p1a: Chansey|Thunder Wave|p2a: Rhydon\n|-immune|p2a: Rhydon\n|\n|upkeep\n|turn|48\n|\n|t:|1772304107\n|switch|p1a: Exeggutor|Exeggutor|100/100\n|move|p2a: Rhydon|Body Slam|p1a: Exeggutor\n|-damage|p1a: Exeggutor|79/100\n|-status|p1a: Exeggutor|par\n|\n|upkeep\n|turn|49\n|inactive|Laroxyl has 120 seconds left.\n|\n|t:|1772304135\n|switch|p2a: Starmie|Starmie|100/100\n|switch|p1a: Snorlax|Snorlax|100/100 slp\n|\n|upkeep\n|turn|50\n|inactive|Laroxyl has 120 seconds left.\n|inactive|Sceptross has 210 seconds left.\n|\n|t:|1772304163\n|switch|p1a: Chansey|Chansey|55/100 par\n|move|p2a: Starmie|Psychic|p1a: Chansey\n|-damage|p1a: Chansey|42/100 par\n|\n|upkeep\n|turn|51\n|inactive|Laroxyl has 90 seconds left.\n|inactive|Sceptross has 210 seconds left.\n|\n|t:|1772304205\n|switch|p2a: Snorlax|Snorlax|100/100\n|move|p1a: Chansey|Ice Beam|p2a: Snorlax\n|-damage|p2a: Snorlax|82/100\n|-status|p2a: Snorlax|frz\n|\n|upkeep\n|turn|52\n|inactive|Sceptross has 210 seconds left.\n|c|☆Sceptross|dude i even covered ice beam what the hell\n|inactive|Sceptross has 180 seconds left.\n|\n|t:|1772304259\n|switch|p2a: Rhydon|Rhydon|100/100\n|move|p1a: Chansey|Soft-Boiled|p1a: Chansey\n|-heal|p1a: Chansey|92/100 par\n|\n|upkeep\n|turn|53\n|\n|t:|1772304269\n|switch|p2a: Chansey|Chansey|56/100 par\n|switch|p1a: Exeggutor|Exeggutor|79/100 par\n|\n|upkeep\n|turn|54\n|inactive|Laroxyl has 90 seconds left.\n|inactive|Sceptross has 180 seconds left.\n|\n|t:|1772304292\n|switch|p1a: Snorlax|Snorlax|100/100 slp\n|move|p2a: Chansey|Soft-Boiled|p2a: Chansey\n|-heal|p2a: Chansey|100/100 par\n|\n|upkeep\n|turn|55\n|inactive|Sceptross has 150 seconds left.\n|\n|t:|1772304339\n|switch|p2a: Rhydon|Rhydon|100/100\n|cant|p1a: Snorlax|slp\n|\n|upkeep\n|turn|56\n|inactive|Laroxyl has 90 seconds left.\n|\n|t:|1772304362\n|switch|p1a: Exeggutor|Exeggutor|79/100 par\n|move|p2a: Rhydon|Earthquake|p1a: Exeggutor\n|-resisted|p1a: Exeggutor\n|-damage|p1a: Exeggutor|61/100 par\n|\n|upkeep\n|turn|57\n|inactive|Laroxyl has 90 seconds left.\n|inactive|Sceptross has 150 seconds left.\n|\n|t:|1772304381\n|switch|p2a: Chansey|Chansey|100/100 par\n|cant|p1a: Exeggutor|par\n|\n|upkeep\n|turn|58\n|\n|t:|1772304401\n|switch|p1a: Chansey|Chansey|92/100 par\n|switch|p2a: Starmie|Starmie|100/100\n|\n|upkeep\n|turn|59\n|inactive|Laroxyl has 60 seconds left.\n|\n|t:|1772304423\n|switch|p2a: Chansey|Chansey|100/100 par\n|switch|p1a: Snorlax|Snorlax|100/100 slp\n|\n|upkeep\n|turn|60\n|inactive|Sceptross has 150 seconds left.\n|\n|t:|1772304471\n|-curestatus|p1a: Snorlax|slp|[msg]\n|cant|p2a: Chansey|par\n|\n|upkeep\n|turn|61\n|\n|t:|1772304478\n|move|p1a: Snorlax|Body Slam|p2a: Chansey\n|-damage|p2a: Chansey|59/100 par\n|move|p2a: Chansey|Thunder Wave|p1a: Snorlax\n|-status|p1a: Snorlax|par\n|\n|upkeep\n|turn|62\n|\n|t:|1772304493\n|switch|p2a: Starmie|Starmie|100/100\n|cant|p1a: Snorlax|par\n|\n|upkeep\n|turn|63\n|\n|t:|1772304507\n|switch|p1a: Chansey|Chansey|92/100 par\n|move|p2a: Starmie|Psychic|p1a: Chansey\n|-damage|p1a: Chansey|78/100 par\n|\n|upkeep\n|turn|64\n|\n|t:|1772304518\n|move|p2a: Starmie|Psychic|p1a: Chansey\n|-damage|p1a: Chansey|62/100 par\n|-unboost|p1a: Chansey|spa|1\n|-unboost|p1a: Chansey|spd|1\n|move|p1a: Chansey|Seismic Toss|p2a: Starmie\n|-damage|p2a: Starmie|70/100\n|\n|upkeep\n|turn|65\n|\n|t:|1772304534\n|switch|p2a: Chansey|Chansey|59/100 par\n|move|p1a: Chansey|Ice Beam|p2a: Chansey\n|-damage|p2a: Chansey|52/100 par\n|\n|upkeep\n|turn|66\n|\n|t:|1772304549\n|move|p2a: Chansey|Soft-Boiled|p2a: Chansey\n|-heal|p2a: Chansey|100/100 par\n|move|p1a: Chansey|Soft-Boiled|p1a: Chansey\n|-heal|p1a: Chansey|100/100 par\n|\n|upkeep\n|turn|67\n|inactive|Sceptross has 150 seconds left.\n|\n|t:|1772304572\n|move|p2a: Chansey|Ice Beam|p1a: Chansey\n|-damage|p1a: Chansey|83/100 par\n|move|p1a: Chansey|Seismic Toss|p2a: Chansey\n|-damage|p2a: Chansey|86/100 par\n|\n|upkeep\n|turn|68\n|\n|t:|1772304582\n|move|p2a: Chansey|Ice Beam|p1a: Chansey\n|-crit|p1a: Chansey\n|-damage|p1a: Chansey|63/100 par\n|move|p1a: Chansey|Seismic Toss|p2a: Chansey\n|-damage|p2a: Chansey|72/100 par\n|\n|upkeep\n|turn|69\n|inactive|Sceptross has 150 seconds left.\n|\n|t:|1772304599\n|switch|p1a: Snorlax|Snorlax|100/100 par\n|cant|p2a: Chansey|par\n|\n|upkeep\n|turn|70\n|inactive|Sceptross has 150 seconds left.\n|\n|t:|1772304619\n|switch|p2a: Rhydon|Rhydon|100/100\n|cant|p1a: Snorlax|par\n|\n|upkeep\n|turn|71\n|inactive|Laroxyl has 60 seconds left.\n|\n|t:|1772304648\n|move|p2a: Rhydon|Earthquake|p1a: Snorlax\n|-damage|p1a: Snorlax|67/100 par\n|move|p1a: Snorlax|Reflect|p1a: Snorlax\n|-start|p1a: Snorlax|Reflect\n|\n|upkeep\n|turn|72\n|\n|t:|1772304653\n|switch|p2a: Starmie|Starmie|70/100\n|move|p1a: Snorlax|Body Slam|p2a: Starmie\n|-damage|p2a: Starmie|34/100\n|\n|upkeep\n|turn|73\n|\n|t:|1772304665\n|move|p2a: Starmie|Recover|p2a: Starmie\n|-heal|p2a: Starmie|84/100\n|move|p1a: Snorlax|Body Slam|p2a: Starmie\n|-damage|p2a: Starmie|44/100\n|\n|upkeep\n|turn|74\n|inactive|Laroxyl has 60 seconds left.\n|\n|t:|1772304693\n|switch|p1a: Chansey|Chansey|63/100 par\n|move|p2a: Starmie|Recover|p2a: Starmie\n|-heal|p2a: Starmie|94/100\n|\n|upkeep\n|turn|75\n|\n|t:|1772304708\n|move|p2a: Starmie|Psychic|p1a: Chansey\n|-damage|p1a: Chansey|48/100 par\n|move|p1a: Chansey|Soft-Boiled|p1a: Chansey\n|-heal|p1a: Chansey|98/100 par\n|\n|upkeep\n|turn|76\n|inactive|Laroxyl has 60 seconds left.\n|\n|t:|1772304715\n|switch|p2a: Chansey|Chansey|72/100 par\n|cant|p1a: Chansey|par\n|\n|upkeep\n|turn|77\n|inactive|Sceptross has 180 seconds left.\n|\n|t:|1772304721\n|move|p2a: Chansey|Ice Beam|p1a: Chansey\n|-damage|p1a: Chansey|88/100 par\n|cant|p1a: Chansey|par\n|\n|upkeep\n|turn|78\n|\n|t:|1772304726\n|move|p2a: Chansey|Soft-Boiled|p2a: Chansey\n|-heal|p2a: Chansey|100/100 par\n|move|p1a: Chansey|Seismic Toss|p2a: Chansey\n|-damage|p2a: Chansey|86/100 par\n|\n|upkeep\n|turn|79\n|\n|t:|1772304732\n|move|p1a: Chansey|Seismic Toss|p2a: Chansey\n|-damage|p2a: Chansey|72/100 par\n|move|p2a: Chansey|Thunderbolt|p1a: Chansey\n|-damage|p1a: Chansey|76/100 par\n|\n|upkeep\n|turn|80\n|\n|t:|1772304756\n|move|p1a: Chansey|Seismic Toss|p2a: Chansey\n|-damage|p2a: Chansey|58/100 par\n|cant|p2a: Chansey|par\n|\n|upkeep\n|turn|81\n|\n|t:|1772304771\n|switch|p1a: Snorlax|Snorlax|67/100 par\n|move|p2a: Chansey|Soft-Boiled|p2a: Chansey\n|-heal|p2a: Chansey|100/100 par\n|\n|upkeep\n|turn|82\n|inactive|Sceptross has 210 seconds left.\n|\n|t:|1772304785\n|switch|p2a: Starmie|Starmie|94/100\n|move|p1a: Snorlax|Earthquake|p2a: Starmie\n|-damage|p2a: Starmie|66/100\n|\n|upkeep\n|turn|83\n|inactive|Sceptross has 210 seconds left.\n|inactive|Laroxyl has 60 seconds left.\n|\n|t:|1772304819\n|switch|p1a: Chansey|Chansey|76/100 par\n|move|p2a: Starmie|Recover|p2a: Starmie\n|-heal|p2a: Starmie|100/100\n|\n|upkeep\n|turn|84\n|\n|t:|1772304832\n|switch|p2a: Chansey|Chansey|100/100 par\n|cant|p1a: Chansey|par\n|\n|upkeep\n|turn|85\n|\n|t:|1772304843\n|move|p2a: Chansey|Thunderbolt|p1a: Chansey\n|-damage|p1a: Chansey|65/100 par\n|cant|p1a: Chansey|par\n|\n|upkeep\n|turn|86\n|\n|t:|1772304855\n|switch|p2a: Jynx|Jynx|81/100 slp\n|move|p1a: Chansey|Soft-Boiled|p1a: Chansey\n|-heal|p1a: Chansey|100/100 par\n|\n|upkeep\n|turn|87\n|\n|t:|1772304873\n|switch|p2a: Chansey|Chansey|100/100 par\n|switch|p1a: Snorlax|Snorlax|67/100 par\n|\n|upkeep\n|turn|88\n|inactive|Sceptross has 240 seconds left.\n|\n|t:|1772304885\n|switch|p2a: Starmie|Starmie|100/100\n|move|p1a: Snorlax|Body Slam|p2a: Starmie\n|-damage|p2a: Starmie|65/100\n|\n|upkeep\n|turn|89\n|\n|t:|1772304900\n|move|p2a: Starmie|Recover|p2a: Starmie\n|-heal|p2a: Starmie|100/100\n|cant|p1a: Snorlax|par\n|\n|upkeep\n|turn|90\n|\n|t:|1772304912\n|switch|p1a: Chansey|Chansey|100/100 par\n|move|p2a: Starmie|Psychic|p1a: Chansey\n|-damage|p1a: Chansey|87/100 par\n|-unboost|p1a: Chansey|spa|1\n|-unboost|p1a: Chansey|spd|1\n|\n|upkeep\n|turn|91\n|\n|t:|1772304926\n|switch|p2a: Chansey|Chansey|100/100 par\n|move|p1a: Chansey|Thunder Wave|p2a: Chansey\n|-fail|p2a: Chansey|par\n|\n|upkeep\n|turn|92\n|\n|t:|1772304937\n|cant|p2a: Chansey|par\n|move|p1a: Chansey|Seismic Toss|p2a: Chansey\n|-damage|p2a: Chansey|86/100 par\n|\n|upkeep\n|turn|93\n|\n|t:|1772304942\n|move|p2a: Chansey|Thunderbolt|p1a: Chansey\n|-crit|p1a: Chansey\n|-damage|p1a: Chansey|66/100 par\n|cant|p1a: Chansey|par\n|\n|upkeep\n|turn|94\n|inactive|Laroxyl has 60 seconds left.\n|\n|t:|1772304982\n|move|p2a: Chansey|Thunderbolt|p1a: Chansey\n|-damage|p1a: Chansey|49/100 par\n|move|p1a: Chansey|Ice Beam|p2a: Chansey\n|-damage|p2a: Chansey|79/100 par\n|\n|upkeep\n|turn|95\n|\n|t:|1772304990\n|switch|p2a: Rhydon|Rhydon|100/100\n|move|p1a: Chansey|Soft-Boiled|p1a: Chansey\n|-heal|p1a: Chansey|99/100 par\n|\n|upkeep\n|turn|96\n|\n|t:|1772304996\n|switch|p2a: Chansey|Chansey|79/100 par\n|switch|p1a: Exeggutor|Exeggutor|61/100 par\n|\n|upkeep\n|turn|97\n|\n|t:|1772305006\n|switch|p1a: Chansey|Chansey|99/100 par\n|move|p2a: Chansey|Ice Beam|p1a: Chansey\n|-damage|p1a: Chansey|89/100 par\n|\n|upkeep\n|turn|98\n|inactive|Laroxyl has 60 seconds left.\n|\n|t:|1772305012\n|move|p1a: Chansey|Seismic Toss|p2a: Chansey\n|-damage|p2a: Chansey|65/100 par\n|move|p2a: Chansey|Thunderbolt|p1a: Chansey\n|-damage|p1a: Chansey|78/100 par\n|\n|upkeep\n|turn|99\n|\n|t:|1772305017\n|switch|p1a: Snorlax|Snorlax|67/100 par\n|move|p2a: Chansey|Soft-Boiled|p2a: Chansey\n|-heal|p2a: Chansey|100/100 par\n|\n|upkeep\n|turn|100\n|\n|t:|1772305025\n|switch|p2a: Rhydon|Rhydon|100/100\n|move|p1a: Snorlax|Body Slam|p2a: Rhydon\n|-resisted|p2a: Rhydon\n|-damage|p2a: Rhydon|90/100\n|-status|p2a: Rhydon|par\n|\n|upkeep\n|turn|101\n|\n|t:|1772305037\n|switch|p1a: Exeggutor|Exeggutor|61/100 par\n|move|p2a: Rhydon|Earthquake|p1a: Exeggutor\n|-resisted|p1a: Exeggutor\n|-damage|p1a: Exeggutor|40/100 par\n|\n|upkeep\n|turn|102\n|\n|t:|1772305055\n|switch|p2a: Starmie|Starmie|100/100\n|move|p1a: Exeggutor|Psychic|p2a: Starmie\n|-resisted|p2a: Starmie\n|-damage|p2a: Starmie|81/100\n|\n|upkeep\n|turn|103\n|\n|t:|1772305069\n|switch|p1a: Chansey|Chansey|78/100 par\n|move|p2a: Starmie|Psychic|p1a: Chansey\n|-damage|p1a: Chansey|63/100 par\n|\n|upkeep\n|turn|104\n|\n|t:|1772305078\n|switch|p2a: Chansey|Chansey|100/100 par\n|cant|p1a: Chansey|par\n|\n|upkeep\n|turn|105\n|inactive|Sceptross has 270 seconds left.\n|\n|t:|1772305129\n|cant|p2a: Chansey|par\n|move|p1a: Chansey|Soft-Boiled|p1a: Chansey\n|-heal|p1a: Chansey|100/100 par\n|\n|upkeep\n|turn|106\n|\n|t:|1772305134\n|move|p2a: Chansey|Thunderbolt|p1a: Chansey\n|-damage|p1a: Chansey|90/100 par\n|move|p1a: Chansey|Seismic Toss|p2a: Chansey\n|-damage|p2a: Chansey|86/100 par\n|\n|upkeep\n|turn|107\n|inactive|Laroxyl has 90 seconds left.\n|\n|t:|1772305146\n|move|p2a: Chansey|Thunderbolt|p1a: Chansey\n|-damage|p1a: Chansey|80/100 par\n|cant|p1a: Chansey|par\n|\n|upkeep\n|turn|108\n|\n|t:|1772305150\n|move|p1a: Chansey|Seismic Toss|p2a: Chansey\n|-damage|p2a: Chansey|72/100 par\n|move|p2a: Chansey|Ice Beam|p1a: Chansey\n|-damage|p1a: Chansey|70/100 par\n|\n|upkeep\n|turn|109\n|\n|t:|1772305160\n|switch|p1a: Snorlax|Snorlax|67/100 par\n|cant|p2a: Chansey|par\n|\n|upkeep\n|turn|110\n|\n|t:|1772305179\n|switch|p2a: Starmie|Starmie|81/100\n|move|p1a: Snorlax|Body Slam|p2a: Starmie\n|-damage|p2a: Starmie|47/100\n|\n|upkeep\n|turn|111\n|\n|t:|1772305192\n|switch|p1a: Chansey|Chansey|70/100 par\n|move|p2a: Starmie|Recover|p2a: Starmie\n|-heal|p2a: Starmie|97/100\n|\n|upkeep\n|turn|112\n|\n|t:|1772305204\n|switch|p2a: Chansey|Chansey|72/100 par\n|move|p1a: Chansey|Seismic Toss|p2a: Chansey\n|-damage|p2a: Chansey|58/100 par\n|\n|upkeep\n|turn|113\n|\n|t:|1772305209\n|switch|p1a: Snorlax|Snorlax|67/100 par\n|move|p2a: Chansey|Soft-Boiled|p2a: Chansey\n|-heal|p2a: Chansey|100/100 par\n|\n|upkeep\n|turn|114\n|\n|t:|1772305222\n|switch|p2a: Starmie|Starmie|97/100\n|cant|p1a: Snorlax|par\n|\n|upkeep\n|turn|115\n|inactive|Laroxyl has 90 seconds left.\n|\n|t:|1772305274\n|switch|p1a: Chansey|Chansey|70/100 par\n|move|p2a: Starmie|Psychic|p1a: Chansey\n|-damage|p1a: Chansey|55/100 par\n|\n|upkeep\n|turn|116\n|\n|t:|1772305283\n|switch|p2a: Chansey|Chansey|100/100 par\n|cant|p1a: Chansey|par\n|\n|upkeep\n|turn|117\n|\n|t:|1772305288\n|move|p1a: Chansey|Soft-Boiled|p1a: Chansey\n|-heal|p1a: Chansey|100/100 par\n|cant|p2a: Chansey|par\n|\n|upkeep\n|turn|118\n|inactive|Laroxyl has 90 seconds left.\n|\n|t:|1772305299\n|cant|p2a: Chansey|par\n|move|p1a: Chansey|Seismic Toss|p2a: Chansey\n|-damage|p2a: Chansey|86/100 par\n|\n|upkeep\n|turn|119\n|\n|t:|1772305309\n|move|p2a: Chansey|Thunder Wave|p1a: Chansey\n|-fail|p1a: Chansey|par\n|move|p1a: Chansey|Seismic Toss|p2a: Chansey\n|-damage|p2a: Chansey|72/100 par\n|\n|upkeep\n|turn|120\n|\n|t:|1772305314\n|switch|p1a: Snorlax|Snorlax|67/100 par\n|cant|p2a: Chansey|par\n|\n|upkeep\n|turn|121\n|\n|t:|1772305323\n|switch|p2a: Rhydon|Rhydon|90/100 par\n|move|p1a: Snorlax|Body Slam|p2a: Rhydon\n|-resisted|p2a: Rhydon\n|-damage|p2a: Rhydon|78/100 par\n|\n|upkeep\n|turn|122\n|\n|t:|1772305346\n|switch|p1a: Exeggutor|Exeggutor|40/100 par\n|cant|p2a: Rhydon|par\n|\n|upkeep\n|turn|123\n|inactive|Laroxyl has 90 seconds left.\n|\n|t:|1772305367\n|switch|p2a: Chansey|Chansey|72/100 par\n|move|p1a: Exeggutor|Psychic|p2a: Chansey\n|-damage|p2a: Chansey|54/100 par\n|\n|upkeep\n|turn|124\n|inactive|Laroxyl has 90 seconds left.\n|\n|t:|1772305381\n|switch|p1a: Snorlax|Snorlax|67/100 par\n|move|p2a: Chansey|Soft-Boiled|p2a: Chansey\n|-heal|p2a: Chansey|100/100 par\n|\n|upkeep\n|turn|125\n|\n|t:|1772305389\n|switch|p2a: Starmie|Starmie|97/100\n|move|p1a: Snorlax|Body Slam|p2a: Starmie\n|-damage|p2a: Starmie|58/100\n|\n|upkeep\n|turn|126\n|\n|t:|1772305402\n|switch|p1a: Chansey|Chansey|100/100 par\n|move|p2a: Starmie|Recover|p2a: Starmie\n|-heal|p2a: Starmie|100/100\n|\n|upkeep\n|turn|127\n|\n|t:|1772305412\n|switch|p2a: Chansey|Chansey|100/100 par\n|move|p1a: Chansey|Thunder Wave|p2a: Chansey\n|-fail|p2a: Chansey|par\n|\n|upkeep\n|turn|128\n|\n|t:|1772305418\n|move|p1a: Chansey|Seismic Toss|p2a: Chansey\n|-damage|p2a: Chansey|86/100 par\n|cant|p2a: Chansey|par\n|\n|upkeep\n|turn|129\n|\n|t:|1772305424\n|move|p2a: Chansey|Thunder Wave|p1a: Chansey\n|-fail|p1a: Chansey|par\n|move|p1a: Chansey|Seismic Toss|p2a: Chansey\n|-damage|p2a: Chansey|72/100 par\n|\n|upkeep\n|turn|130\n|\n|t:|1772305429\n|switch|p1a: Snorlax|Snorlax|67/100 par\n|move|p2a: Chansey|Thunderbolt|p1a: Snorlax\n|-damage|p1a: Snorlax|49/100 par\n|\n|upkeep\n|turn|131\n|\n|t:|1772305447\n|switch|p2a: Starmie|Starmie|100/100\n|move|p1a: Snorlax|Rest|p1a: Snorlax\n|-status|p1a: Snorlax|slp|[from] move: Rest\n|-heal|p1a: Snorlax|100/100 slp|[silent]\n|\n|upkeep\n|turn|132\n|\n|t:|1772305452\n|move|p2a: Starmie|Psychic|p1a: Snorlax\n|-crit|p1a: Snorlax\n|-damage|p1a: Snorlax|52/100 slp\n|cant|p1a: Snorlax|slp\n|\n|upkeep\n|turn|133\n|inactive|Laroxyl has 120 seconds left.\n|\n|t:|1772305460\n|switch|p1a: Chansey|Chansey|100/100 par\n|move|p2a: Starmie|Psychic|p1a: Chansey\n|-damage|p1a: Chansey|86/100 par\n|\n|upkeep\n|turn|134\n|inactive|Laroxyl has 120 seconds left.\n|\n|t:|1772305477\n|switch|p2a: Chansey|Chansey|72/100 par\n|move|p1a: Chansey|Thunder Wave|p2a: Chansey\n|-fail|p2a: Chansey|par\n|\n|upkeep\n|turn|135\n|inactive|Laroxyl has 120 seconds left.\n|\n|t:|1772305486\n|switch|p1a: Snorlax|Snorlax|52/100 slp\n|move|p2a: Chansey|Thunderbolt|p1a: Snorlax\n|-damage|p1a: Snorlax|32/100 slp\n|\n|upkeep\n|turn|136\n|\n|t:|1772305494\n|switch|p2a: Tauros|Tauros|100/100\n|-curestatus|p1a: Snorlax|slp|[msg]\n|\n|upkeep\n|turn|137\n|\n|t:|1772305500\n|switch|p1a: Jynx|Jynx|28/100 slp\n|move|p2a: Tauros|Body Slam|p1a: Jynx\n|-crit|p1a: Jynx\n|-damage|p1a: Jynx|0 fnt\n|faint|p1a: Jynx\n|\n|t:|1772305502\n|switch|p1a: Tauros|Tauros|100/100\n|turn|138\n|inactive|Sceptross has 270 seconds left.\n|\n|t:|1772305536\n|move|p1a: Tauros|Body Slam|p2a: Tauros\n|-damage|p2a: Tauros|69/100\n|move|p2a: Tauros|Body Slam|p1a: Tauros\n|-damage|p1a: Tauros|72/100\n|\n|upkeep\n|turn|139\n|\n|t:|1772305540\n|move|p1a: Tauros|Body Slam|p2a: Tauros\n|-damage|p2a: Tauros|38/100\n|move|p2a: Tauros|Body Slam|p1a: Tauros\n|-damage|p1a: Tauros|45/100\n|\n|upkeep\n|turn|140\n|inactive|Laroxyl has 150 seconds left.\n|inactive|Sceptross has 270 seconds left.\n|inactive|Laroxyl has 120 seconds left.\n|\n|t:|1772305591\n|move|p1a: Tauros|Body Slam|p2a: Tauros\n|-damage|p2a: Tauros|6/100\n|move|p2a: Tauros|Body Slam|p1a: Tauros\n|-crit|p1a: Tauros\n|-damage|p1a: Tauros|0 fnt\n|faint|p1a: Tauros\n|inactive|Laroxyl has 120 seconds left.\n|\n|t:|1772305608\n|switch|p1a: Zapdos|Zapdos|100/100\n|turn|141\n|inactive|Sceptross has 270 seconds left.\n|inactive|Laroxyl has 90 seconds left.\n|\n|t:|1772305650\n|switch|p2a: Rhydon|Rhydon|78/100 par\n|move|p1a: Zapdos|Drill Peck|p2a: Rhydon\n|-crit|p2a: Rhydon\n|-resisted|p2a: Rhydon\n|-damage|p2a: Rhydon|60/100 par\n|\n|upkeep\n|turn|142\n|\n|t:|1772305664\n|switch|p1a: Exeggutor|Exeggutor|40/100 par\n|move|p2a: Rhydon|Body Slam|p1a: Exeggutor\n|-damage|p1a: Exeggutor|18/100 par\n|\n|upkeep\n|turn|143\n|inactive|Laroxyl has 60 seconds left.\n|\n|t:|1772305700\n|switch|p2a: Starmie|Starmie|100/100\n|move|p1a: Exeggutor|Stun Spore|p2a: Starmie\n|-status|p2a: Starmie|par\n|\n|upkeep\n|turn|144\n|inactive|Laroxyl has 60 seconds left.\n|\n|t:|1772305724\n|switch|p1a: Chansey|Chansey|86/100 par\n|cant|p2a: Starmie|par\n|\n|upkeep\n|turn|145\n|inactive|Sceptross has 270 seconds left.\n|\n|t:|1772305759\n|cant|p2a: Starmie|par\n|move|p1a: Chansey|Seismic Toss|p2a: Starmie\n|-damage|p2a: Starmie|70/100 par\n|\n|upkeep\n|turn|146\n|\n|t:|1772305774\n|switch|p1a: Zapdos|Zapdos|100/100\n|move|p2a: Starmie|Recover|p2a: Starmie\n|-heal|p2a: Starmie|100/100 par\n|\n|upkeep\n|turn|147\n|\n|t:|1772305795\n|switch|p2a: Rhydon|Rhydon|60/100 par\n|move|p1a: Zapdos|Drill Peck|p2a: Rhydon\n|-resisted|p2a: Rhydon\n|-damage|p2a: Rhydon|52/100 par\n|\n|upkeep\n|turn|148\n|inactive|Sceptross has 240 seconds left.\n|inactive|Laroxyl has 30 seconds left.\n|\n|t:|1772305838\n|move|p1a: Zapdos|Drill Peck|p2a: Rhydon\n|-resisted|p2a: Rhydon\n|-damage|p2a: Rhydon|42/100 par\n|move|p2a: Rhydon|Rock Slide|p1a: Zapdos\n|-crit|p1a: Zapdos\n|-supereffective|p1a: Zapdos\n|-damage|p1a: Zapdos|0 fnt\n|faint|p1a: Zapdos\n|inactive|Laroxyl has 30 seconds left.\n|\n|t:|1772305845\n|switch|p1a: Snorlax|Snorlax|32/100\n|turn|149\n|inactive|Laroxyl has 30 seconds left.\n|inactive|Sceptross has 210 seconds left.\n|inactive|Sceptross has 180 seconds left.\n|\n|t:|1772305895\n|move|p1a: Snorlax|Reflect|p1a: Snorlax\n|-start|p1a: Snorlax|Reflect\n|move|p2a: Rhydon|Earthquake|p1a: Snorlax\n|-damage|p1a: Snorlax|15/100\n|\n|upkeep\n|turn|150\n|\n|t:|1772305902\n|switch|p2a: Starmie|Starmie|100/100 par\n|move|p1a: Snorlax|Rest|p1a: Snorlax\n|-status|p1a: Snorlax|slp|[from] move: Rest\n|-heal|p1a: Snorlax|100/100 slp|[silent]\n|\n|upkeep\n|turn|151\n|\n|t:|1772305911\n|cant|p1a: Snorlax|slp\n|move|p2a: Starmie|Psychic|p1a: Snorlax\n|-damage|p1a: Snorlax|75/100 slp\n|\n|upkeep\n|turn|152\n|inactive|Laroxyl has 30 seconds left.\n|\n|t:|1772305938\n|switch|p1a: Chansey|Chansey|86/100 par\n|move|p2a: Starmie|Thunder Wave|p1a: Chansey\n|-fail|p1a: Chansey|par\n|\n|upkeep\n|turn|153\n|inactive|Laroxyl has 30 seconds left.\n|\n|t:|1772305946\n|switch|p2a: Chansey|Chansey|72/100 par\n|cant|p1a: Chansey|par\n|\n|upkeep\n|turn|154\n|\n|t:|1772305955\n|switch|p1a: Snorlax|Snorlax|75/100 slp\n|move|p2a: Chansey|Thunderbolt|p1a: Snorlax\n|-damage|p1a: Snorlax|56/100 slp\n|\n|upkeep\n|turn|155\n|\n|t:|1772305958\n|-curestatus|p1a: Snorlax|slp|[msg]\n|move|p2a: Chansey|Thunder Wave|p1a: Snorlax\n|-status|p1a: Snorlax|par\n|\n|upkeep\n|turn|156\n|\n|t:|1772305979\n|switch|p2a: Starmie|Starmie|100/100 par\n|move|p1a: Snorlax|Rest|p1a: Snorlax\n|-status|p1a: Snorlax|slp|[from] move: Rest\n|-heal|p1a: Snorlax|100/100 slp|[silent]\n|\n|upkeep\n|turn|157\n|inactive|Laroxyl has 30 seconds left.\n|\n|t:|1772305996\n|switch|p1a: Chansey|Chansey|86/100 par\n|move|p2a: Starmie|Psychic|p1a: Chansey\n|-damage|p1a: Chansey|73/100 par\n|\n|upkeep\n|turn|158\n|\n|t:|1772306002\n|switch|p2a: Chansey|Chansey|72/100 par\n|move|p1a: Chansey|Seismic Toss|p2a: Chansey\n|-damage|p2a: Chansey|58/100 par\n|\n|upkeep\n|turn|159\n|\n|t:|1772306010\n|switch|p1a: Snorlax|Snorlax|100/100 slp\n|move|p2a: Chansey|Thunderbolt|p1a: Snorlax\n|-damage|p1a: Snorlax|82/100 slp\n|\n|upkeep\n|turn|160\n|\n|t:|1772306015\n|switch|p2a: Tauros|Tauros|6/100\n|cant|p1a: Snorlax|slp\n|\n|upkeep\n|turn|161\n|\n|t:|1772306019\n|move|p2a: Tauros|Body Slam|p1a: Snorlax\n|-damage|p1a: Snorlax|57/100 slp\n|-curestatus|p1a: Snorlax|slp|[msg]\n|\n|upkeep\n|turn|162\n|inactive|Sceptross has 240 seconds left.\n|\n|t:|1772306045\n|switch|p2a: Snorlax|Snorlax|82/100 frz\n|move|p1a: Snorlax|Body Slam|p2a: Snorlax\n|-damage|p2a: Snorlax|54/100 frz\n|\n|upkeep\n|turn|163\n|inactive|Laroxyl has 60 seconds left.\n|\n|t:|1772306064\n|move|p1a: Snorlax|Earthquake|p2a: Snorlax\n|-damage|p2a: Snorlax|33/100 frz\n|cant|p2a: Snorlax|frz\n|\n|upkeep\n|turn|164\n|inactive|Laroxyl has 60 seconds left.\n|\n|t:|1772306089\n|move|p1a: Snorlax|Earthquake|p2a: Snorlax\n|-damage|p2a: Snorlax|14/100 frz\n|cant|p2a: Snorlax|frz\n|\n|upkeep\n|turn|165\n|\n|t:|1772306099\n|move|p1a: Snorlax|Body Slam|p2a: Snorlax\n|-damage|p2a: Snorlax|0 fnt\n|faint|p2a: Snorlax\n|\n|t:|1772306102\n|switch|p2a: Starmie|Starmie|100/100 par\n|turn|166\n|inactive|Laroxyl has 60 seconds left.\n|\n|t:|1772306110\n|switch|p1a: Chansey|Chansey|73/100 par\n|move|p2a: Starmie|Thunder Wave|p1a: Chansey\n|-fail|p1a: Chansey|par\n|\n|upkeep\n|turn|167\n|inactive|Laroxyl has 60 seconds left.\n|\n|t:|1772306121\n|move|p2a: Starmie|Thunder Wave|p1a: Chansey\n|-fail|p1a: Chansey|par\n|cant|p1a: Chansey|par\n|\n|upkeep\n|turn|168\n|\n|t:|1772306137\n|move|p2a: Starmie|Thunder Wave|p1a: Chansey\n|-fail|p1a: Chansey|par\n|cant|p1a: Chansey|par\n|\n|upkeep\n|turn|169\n|\n|t:|1772306143\n|switch|p2a: Chansey|Chansey|58/100 par\n|move|p1a: Chansey|Seismic Toss|p2a: Chansey\n|-damage|p2a: Chansey|44/100 par\n|\n|upkeep\n|turn|170\n|\n|t:|1772306156\n|switch|p2a: Starmie|Starmie|100/100 par\n|switch|p1a: Snorlax|Snorlax|57/100\n|\n|upkeep\n|turn|171\n|\n|t:|1772306162\n|switch|p1a: Chansey|Chansey|73/100 par\n|move|p2a: Starmie|Thunder Wave|p1a: Chansey\n|-fail|p1a: Chansey|par\n|\n|upkeep\n|turn|172\n|\n|t:|1772306172\n|move|p2a: Starmie|Thunder Wave|p1a: Chansey\n|-fail|p1a: Chansey|par\n|move|p1a: Chansey|Seismic Toss|p2a: Starmie\n|-damage|p2a: Starmie|70/100 par\n|\n|upkeep\n|turn|173\n|\n|t:|1772306176\n|cant|p2a: Starmie|par\n|move|p1a: Chansey|Seismic Toss|p2a: Starmie\n|-damage|p2a: Starmie|39/100 par\n|\n|upkeep\n|turn|174\n|\n|t:|1772306186\n|switch|p1a: Snorlax|Snorlax|57/100\n|move|p2a: Starmie|Recover|p2a: Starmie\n|-heal|p2a: Starmie|88/100 par\n|\n|upkeep\n|turn|175\n|inactive|Laroxyl has 90 seconds left.\n|inactive|Laroxyl has 60 seconds left.\n|\n|t:|1772306250\n|move|p1a: Snorlax|Rest|p1a: Snorlax\n|-status|p1a: Snorlax|slp|[from] move: Rest\n|-heal|p1a: Snorlax|100/100 slp|[silent]\n|cant|p2a: Starmie|par\n|\n|upkeep\n|turn|176\n|\n|t:|1772306267\n|switch|p1a: Chansey|Chansey|73/100 par\n|move|p2a: Starmie|Blizzard|p1a: Chansey\n|-damage|p1a: Chansey|59/100 par\n|\n|upkeep\n|turn|177\n|\n|t:|1772306285\n|switch|p2a: Chansey|Chansey|44/100 par\n|cant|p1a: Chansey|par\n|\n|upkeep\n|turn|178\n|\n|t:|1772306292\n|move|p1a: Chansey|Soft-Boiled|p1a: Chansey\n|-heal|p1a: Chansey|100/100 par\n|move|p2a: Chansey|Soft-Boiled|p2a: Chansey\n|-heal|p2a: Chansey|94/100 par\n|\n|upkeep\n|turn|179\n|\n|t:|1772306308\n|switch|p2a: Jynx|Jynx|81/100 slp\n|move|p1a: Chansey|Thunder Wave|p2a: Jynx\n|-fail|p2a: Jynx\n|\n|upkeep\n|turn|180\n|inactive|Laroxyl has 60 seconds left.\n|inactive|Sceptross has 270 seconds left.\n|\n|t:|1772306339\n|switch|p1a: Snorlax|Snorlax|100/100 slp\n|cant|p2a: Jynx|slp\n|\n|upkeep\n|turn|181\n|\n|t:|1772306346\n|switch|p2a: Starmie|Starmie|88/100 par\n|cant|p1a: Snorlax|slp\n|\n|upkeep\n|turn|182\n|\n|t:|1772306351\n|switch|p1a: Chansey|Chansey|100/100 par\n|cant|p2a: Starmie|par\n|\n|upkeep\n|turn|183\n|\n|t:|1772306368\n|switch|p2a: Chansey|Chansey|94/100 par\n|cant|p1a: Chansey|par\n|\n|upkeep\n|turn|184\n|\n|t:|1772306384\n|move|p2a: Chansey|Thunderbolt|p1a: Chansey\n|-damage|p1a: Chansey|90/100 par\n|cant|p1a: Chansey|par\n|\n|upkeep\n|turn|185\n|\n|t:|1772306390\n|move|p2a: Chansey|Thunder Wave|p1a: Chansey\n|-fail|p1a: Chansey|par\n|cant|p1a: Chansey|par\n|\n|upkeep\n|turn|186\n|\n|t:|1772306395\n|move|p2a: Chansey|Thunder Wave|p1a: Chansey\n|-fail|p1a: Chansey|par\n|cant|p1a: Chansey|par\n|\n|upkeep\n|turn|187\n|\n|t:|1772306400\n|switch|p2a: Starmie|Starmie|88/100 par\n|move|p1a: Chansey|Ice Beam|p2a: Starmie\n|-resisted|p2a: Starmie\n|-damage|p2a: Starmie|77/100 par\n|\n|upkeep\n|turn|188\n|\n|t:|1772306407\n|cant|p2a: Starmie|par\n|move|p1a: Chansey|Seismic Toss|p2a: Starmie\n|-damage|p2a: Starmie|46/100 par\n|\n|upkeep\n|turn|189\n|\n|t:|1772306409\n|switch|p1a: Snorlax|Snorlax|100/100 slp\n|move|p2a: Starmie|Recover|p2a: Starmie\n|-heal|p2a: Starmie|96/100 par\n|\n|upkeep\n|turn|190\n|\n|t:|1772306415\n|-curestatus|p1a: Snorlax|slp|[msg]\n|move|p2a: Starmie|Thunder Wave|p1a: Snorlax\n|-status|p1a: Snorlax|par\n|\n|upkeep\n|turn|191\n|inactive|Laroxyl has 120 seconds left.\n|\n|t:|1772306429\n|switch|p1a: Chansey|Chansey|90/100 par\n|cant|p2a: Starmie|par\n|\n|upkeep\n|turn|192\n|inactive|Laroxyl has 120 seconds left.\n|\n|t:|1772306437\n|switch|p2a: Chansey|Chansey|94/100 par\n|move|p1a: Chansey|Ice Beam|p2a: Chansey\n|-damage|p2a: Chansey|84/100 par\n|\n|upkeep\n|turn|193\n|\n|t:|1772306445\n|cant|p1a: Chansey|par\n|move|p2a: Chansey|Thunderbolt|p1a: Chansey\n|-damage|p1a: Chansey|78/100 par\n|\n|upkeep\n|turn|194\n|\n|t:|1772306454\n|cant|p1a: Chansey|par\n|cant|p2a: Chansey|par\n|\n|upkeep\n|turn|195\n|\n|t:|1772306459\n|move|p2a: Chansey|Ice Beam|p1a: Chansey\n|-crit|p1a: Chansey\n|-damage|p1a: Chansey|58/100 par\n|move|p1a: Chansey|Ice Beam|p2a: Chansey\n|-damage|p2a: Chansey|73/100 par\n|\n|upkeep\n|turn|196\n|inactive|Laroxyl has 150 seconds left.\n|\n|t:|1772306473\n|move|p2a: Chansey|Soft-Boiled|p2a: Chansey\n|-heal|p2a: Chansey|100/100 par\n|move|p1a: Chansey|Soft-Boiled|p1a: Chansey\n|-heal|p1a: Chansey|100/100 par\n|\n|upkeep\n|turn|197\n|inactive|Laroxyl has 150 seconds left.\n|\n|t:|1772306482\n|move|p2a: Chansey|Thunderbolt|p1a: Chansey\n|-damage|p1a: Chansey|90/100 par\n|move|p1a: Chansey|Ice Beam|p2a: Chansey\n|-damage|p2a: Chansey|91/100 par\n|\n|upkeep\n|turn|198\n|\n|t:|1772306488\n|move|p1a: Chansey|Ice Beam|p2a: Chansey\n|-damage|p2a: Chansey|80/100 par\n|move|p2a: Chansey|Thunderbolt|p1a: Chansey\n|-damage|p1a: Chansey|80/100 par\n|\n|upkeep\n|turn|199\n|\n|t:|1772306495\n|switch|p1a: Snorlax|Snorlax|100/100 par\n|cant|p2a: Chansey|par\n|\n|upkeep\n|turn|200\n|\n|t:|1772306511\n|switch|p2a: Starmie|Starmie|96/100 par\n|switch|p1a: Chansey|Chansey|80/100 par\n|\n|upkeep\n|turn|201\n|\n|t:|1772306516\n|switch|p2a: Chansey|Chansey|80/100 par\n|switch|p1a: Exeggutor|Exeggutor|18/100 par\n|\n|upkeep\n|turn|202\n|inactive|Laroxyl has 150 seconds left.\n|\n|t:|1772306554\n|move|p1a: Exeggutor|Psychic|p2a: Chansey\n|-damage|p2a: Chansey|64/100 par\n|-unboost|p2a: Chansey|spa|1\n|-unboost|p2a: Chansey|spd|1\n|move|p2a: Chansey|Ice Beam|p1a: Exeggutor\n|-supereffective|p1a: Exeggutor\n|-damage|p1a: Exeggutor|0 fnt\n|faint|p1a: Exeggutor\n|\n|t:|1772306571\n|switch|p1a: Snorlax|Snorlax|100/100 par\n|turn|203\n|inactive|Sceptross has 270 seconds left.\n|\n|t:|1772306609\n|switch|p2a: Rhydon|Rhydon|42/100 par\n|move|p1a: Snorlax|Reflect|p1a: Snorlax\n|-start|p1a: Snorlax|Reflect\n|\n|upkeep\n|turn|204\n|inactive|Sceptross has 270 seconds left.\n|\n|t:|1772306621\n|switch|p2a: Starmie|Starmie|96/100 par\n|move|p1a: Snorlax|Reflect|p1a: Snorlax\n|-fail|p1a: Snorlax\n|\n|upkeep\n|turn|205\n|inactive|Laroxyl has 120 seconds left.\n|inactive|Sceptross has 270 seconds left.\n|\n|t:|1772306665\n|move|p2a: Starmie|Blizzard|p1a: Snorlax\n|-damage|p1a: Snorlax|76/100 par\n|move|p1a: Snorlax|Body Slam|p2a: Starmie\n|-damage|p2a: Starmie|59/100 par\n|\n|upkeep\n|turn|206\n|\n|t:|1772306678\n|move|p2a: Starmie|Recover|p2a: Starmie\n|-heal|p2a: Starmie|100/100 par\n|move|p1a: Snorlax|Body Slam|p2a: Starmie\n|-crit|p2a: Starmie\n|-damage|p2a: Starmie|27/100 par\n|\n|upkeep\n|turn|207\n|\n|t:|1772306687\n|move|p2a: Starmie|Recover|p2a: Starmie\n|-heal|p2a: Starmie|77/100 par\n|move|p1a: Snorlax|Body Slam|p2a: Starmie\n|-damage|p2a: Starmie|41/100 par\n|\n|upkeep\n|turn|208\n|\n|t:|1772306691\n|cant|p2a: Starmie|par\n|cant|p1a: Snorlax|par\n|\n|upkeep\n|turn|209\n|\n|t:|1772306696\n|move|p2a: Starmie|Recover|p2a: Starmie\n|-heal|p2a: Starmie|91/100 par\n|cant|p1a: Snorlax|par\n|\n|upkeep\n|turn|210\n|\n|t:|1772306709\n|cant|p2a: Starmie|par\n|move|p1a: Snorlax|Rest|p1a: Snorlax\n|-status|p1a: Snorlax|slp|[from] move: Rest\n|-heal|p1a: Snorlax|100/100 slp|[silent]\n|\n|upkeep\n|turn|211\n|\n|t:|1772306729\n|move|p2a: Starmie|Psychic|p1a: Snorlax\n|-damage|p1a: Snorlax|74/100 slp\n|cant|p1a: Snorlax|slp\n|\n|upkeep\n|turn|212\n|\n|t:|1772306743\n|move|p2a: Starmie|Blizzard|p1a: Snorlax\n|-damage|p1a: Snorlax|48/100 slp\n|-curestatus|p1a: Snorlax|slp|[msg]\n|\n|upkeep\n|turn|213\n|\n|t:|1772306752\n|move|p2a: Starmie|Psychic|p1a: Snorlax\n|-damage|p1a: Snorlax|23/100\n|move|p1a: Snorlax|Rest|p1a: Snorlax\n|-status|p1a: Snorlax|slp|[from] move: Rest\n|-heal|p1a: Snorlax|100/100 slp|[silent]\n|\n|upkeep\n|turn|214\n|inactive|Laroxyl has 150 seconds left.\n|\n|t:|1772306772\n|switch|p2a: Chansey|Chansey|64/100 par\n|cant|p1a: Snorlax|slp\n|\n|upkeep\n|turn|215\n|inactive|Laroxyl has 150 seconds left.\n|\n|t:|1772306791\n|cant|p2a: Chansey|par\n|-curestatus|p1a: Snorlax|slp|[msg]\n|\n|upkeep\n|turn|216\n|\n|t:|1772306799\n|move|p2a: Chansey|Thunder Wave|p1a: Snorlax\n|-status|p1a: Snorlax|par\n|move|p1a: Snorlax|Body Slam|p2a: Chansey\n|-damage|p2a: Chansey|21/100 par\n|\n|upkeep\n|turn|217\n|\n|t:|1772306803\n|move|p2a: Chansey|Soft-Boiled|p2a: Chansey\n|-heal|p2a: Chansey|71/100 par\n|move|p1a: Snorlax|Body Slam|p2a: Chansey\n|-damage|p2a: Chansey|32/100 par\n|\n|upkeep\n|turn|218\n|\n|t:|1772306811\n|move|p2a: Chansey|Soft-Boiled|p2a: Chansey\n|-heal|p2a: Chansey|82/100 par\n|cant|p1a: Snorlax|par\n|\n|upkeep\n|turn|219\n|inactive|Laroxyl has 180 seconds left.\n|\n|t:|1772306821\n|switch|p2a: Starmie|Starmie|91/100 par\n|cant|p1a: Snorlax|par\n|\n|upkeep\n|turn|220\n|inactive|Laroxyl has 180 seconds left.\n|\n|t:|1772306837\n|move|p2a: Starmie|Thunder Wave|p1a: Snorlax\n|-fail|p1a: Snorlax|par\n|cant|p1a: Snorlax|par\n|\n|upkeep\n|turn|221\n|\n|t:|1772306843\n|move|p2a: Starmie|Thunder Wave|p1a: Snorlax\n|-fail|p1a: Snorlax|par\n|move|p1a: Snorlax|Reflect|p1a: Snorlax\n|-fail|p1a: Snorlax\n|\n|upkeep\n|turn|222\n|\n|t:|1772306851\n|move|p2a: Starmie|Thunder Wave|p1a: Snorlax\n|-fail|p1a: Snorlax|par\n|move|p1a: Snorlax|Reflect|p1a: Snorlax\n|-fail|p1a: Snorlax\n|\n|upkeep\n|turn|223\n|\n|t:|1772306858\n|move|p2a: Starmie|Thunder Wave|p1a: Snorlax\n|-fail|p1a: Snorlax|par\n|move|p1a: Snorlax|Reflect|p1a: Snorlax\n|-fail|p1a: Snorlax\n|\n|upkeep\n|turn|224\n|\n|t:|1772306865\n|switch|p2a: Chansey|Chansey|82/100 par\n|move|p1a: Snorlax|Reflect|p1a: Snorlax\n|-fail|p1a: Snorlax\n|\n|upkeep\n|turn|225\n|\n|t:|1772306883\n|switch|p2a: Starmie|Starmie|91/100 par\n|switch|p1a: Chansey|Chansey|80/100 par\n|\n|upkeep\n|turn|226\n|\n|t:|1772306888\n|switch|p2a: Chansey|Chansey|82/100 par\n|switch|p1a: Snorlax|Snorlax|100/100 par\n|\n|upkeep\n|turn|227\n|\n|t:|1772306893\n|switch|p2a: Starmie|Starmie|91/100 par\n|switch|p1a: Chansey|Chansey|80/100 par\n|\n|upkeep\n|turn|228\n|\n|t:|1772306898\n|switch|p2a: Chansey|Chansey|82/100 par\n|switch|p1a: Snorlax|Snorlax|100/100 par\n|\n|upkeep\n|turn|229\n|\n|t:|1772306904\n|switch|p1a: Chansey|Chansey|80/100 par\n|move|p2a: Chansey|Thunder Wave|p1a: Chansey\n|-fail|p1a: Chansey|par\n|\n|upkeep\n|turn|230\n|inactive|Laroxyl has 240 seconds left.\n|\n|t:|1772306909\n|switch|p2a: Starmie|Starmie|91/100 par\n|switch|p1a: Snorlax|Snorlax|100/100 par\n|\n|upkeep\n|turn|231\n|\n|t:|1772306920\n|switch|p2a: Chansey|Chansey|82/100 par\n|switch|p1a: Chansey|Chansey|80/100 par\n|\n|upkeep\n|turn|232\n|\n|t:|1772306929\n|switch|p2a: Starmie|Starmie|91/100 par\n|switch|p1a: Snorlax|Snorlax|100/100 par\n|\n|upkeep\n|turn|233\n|\n|t:|1772306945\n|switch|p2a: Chansey|Chansey|82/100 par\n|switch|p1a: Chansey|Chansey|80/100 par\n|\n|upkeep\n|turn|234\n|\n|t:|1772306957\n|switch|p1a: Snorlax|Snorlax|100/100 par\n|switch|p2a: Jynx|Jynx|81/100 slp\n|\n|upkeep\n|turn|235\n|\n|t:|1772306965\n|switch|p2a: Starmie|Starmie|91/100 par\n|move|p1a: Snorlax|Body Slam|p2a: Starmie\n|-damage|p2a: Starmie|51/100 par\n|\n|upkeep\n|turn|236\n|\n|t:|1772306971\n|move|p2a: Starmie|Recover|p2a: Starmie\n|-heal|p2a: Starmie|100/100 par\n|move|p1a: Snorlax|Body Slam|p2a: Starmie\n|-damage|p2a: Starmie|63/100 par\n|\n|upkeep\n|turn|237\n|\n|t:|1772306976\n|move|p2a: Starmie|Recover|p2a: Starmie\n|-heal|p2a: Starmie|100/100 par\n|move|p1a: Snorlax|Body Slam|p2a: Starmie\n|-damage|p2a: Starmie|62/100 par\n|\n|upkeep\n|turn|238\n|\n|t:|1772306983\n|cant|p2a: Starmie|par\n|move|p1a: Snorlax|Body Slam|p2a: Starmie\n|-damage|p2a: Starmie|27/100 par\n|\n|upkeep\n|turn|239\n|\n|t:|1772306990\n|move|p2a: Starmie|Recover|p2a: Starmie\n|-heal|p2a: Starmie|77/100 par\n|cant|p1a: Snorlax|par\n|\n|upkeep\n|turn|240\n|\n|t:|1772306999\n|switch|p1a: Chansey|Chansey|80/100 par\n|move|p2a: Starmie|Recover|p2a: Starmie\n|-heal|p2a: Starmie|100/100 par\n|\n|upkeep\n|turn|241\n|\n|t:|1772307006\n|switch|p2a: Chansey|Chansey|82/100 par\n|switch|p1a: Snorlax|Snorlax|100/100 par\n|\n|upkeep\n|turn|242\n|\n|t:|1772307011\n|switch|p2a: Starmie|Starmie|100/100 par\n|switch|p1a: Chansey|Chansey|80/100 par\n|\n|upkeep\n|turn|243\n|\n|t:|1772307016\n|switch|p2a: Chansey|Chansey|82/100 par\n|switch|p1a: Snorlax|Snorlax|100/100 par\n|\n|upkeep\n|turn|244\n|\n|t:|1772307019\n|switch|p2a: Starmie|Starmie|100/100 par\n|switch|p1a: Chansey|Chansey|80/100 par\n|\n|upkeep\n|turn|245\n|\n|t:|1772307024\n|switch|p2a: Chansey|Chansey|82/100 par\n|switch|p1a: Snorlax|Snorlax|100/100 par\n|\n|upkeep\n|turn|246\n|\n|t:|1772307027\n|switch|p2a: Starmie|Starmie|100/100 par\n|switch|p1a: Chansey|Chansey|80/100 par\n|\n|upkeep\n|turn|247\n|\n|t:|1772307030\n|switch|p2a: Chansey|Chansey|82/100 par\n|move|p1a: Chansey|Seismic Toss|p2a: Chansey\n|-damage|p2a: Chansey|68/100 par\n|\n|upkeep\n|turn|248\n|\n|t:|1772307051\n|switch|p1a: Snorlax|Snorlax|100/100 par\n|move|p2a: Chansey|Soft-Boiled|p2a: Chansey\n|-heal|p2a: Chansey|100/100 par\n|\n|upkeep\n|turn|249\n|\n|t:|1772307057\n|switch|p2a: Starmie|Starmie|100/100 par\n|switch|p1a: Chansey|Chansey|80/100 par\n|\n|upkeep\n|turn|250\n|\n|t:|1772307062\n|switch|p2a: Chansey|Chansey|100/100 par\n|switch|p1a: Snorlax|Snorlax|100/100 par\n|\n|upkeep\n|turn|251\n|\n|t:|1772307067\n|switch|p2a: Starmie|Starmie|100/100 par\n|switch|p1a: Chansey|Chansey|80/100 par\n|\n|upkeep\n|turn|252\n|\n|t:|1772307071\n|switch|p2a: Chansey|Chansey|100/100 par\n|switch|p1a: Snorlax|Snorlax|100/100 par\n|\n|upkeep\n|turn|253\n|\n|t:|1772307075\n|switch|p2a: Starmie|Starmie|100/100 par\n|switch|p1a: Chansey|Chansey|80/100 par\n|\n|upkeep\n|turn|254\n|\n|t:|1772307078\n|switch|p2a: Chansey|Chansey|100/100 par\n|switch|p1a: Snorlax|Snorlax|100/100 par\n|\n|upkeep\n|turn|255\n|\n|t:|1772307081\n|switch|p2a: Starmie|Starmie|100/100 par\n|switch|p1a: Chansey|Chansey|80/100 par\n|\n|upkeep\n|turn|256\n|\n|t:|1772307084\n|switch|p2a: Chansey|Chansey|100/100 par\n|switch|p1a: Snorlax|Snorlax|100/100 par\n|\n|upkeep\n|turn|257\n|\n|t:|1772307088\n|switch|p2a: Starmie|Starmie|100/100 par\n|switch|p1a: Chansey|Chansey|80/100 par\n|\n|upkeep\n|turn|258\n|\n|t:|1772307091\n|switch|p2a: Chansey|Chansey|100/100 par\n|switch|p1a: Snorlax|Snorlax|100/100 par\n|\n|upkeep\n|turn|259\n|\n|t:|1772307094\n|switch|p2a: Starmie|Starmie|100/100 par\n|switch|p1a: Chansey|Chansey|80/100 par\n|\n|upkeep\n|turn|260\n|\n|t:|1772307098\n|switch|p2a: Jynx|Jynx|81/100 slp\n|switch|p1a: Snorlax|Snorlax|100/100 par\n|\n|upkeep\n|turn|261\n|\n|t:|1772307107\n|switch|p2a: Starmie|Starmie|100/100 par\n|switch|p1a: Chansey|Chansey|80/100 par\n|\n|upkeep\n|turn|262\n|\n|t:|1772307119\n|switch|p2a: Chansey|Chansey|100/100 par\n|switch|p1a: Snorlax|Snorlax|100/100 par\n|\n|upkeep\n|turn|263\n|\n|t:|1772307136\n|switch|p2a: Starmie|Starmie|100/100 par\n|switch|p1a: Chansey|Chansey|80/100 par\n|\n|upkeep\n|turn|264\n|\n|t:|1772307143\n|switch|p2a: Chansey|Chansey|100/100 par\n|switch|p1a: Snorlax|Snorlax|100/100 par\n|\n|upkeep\n|turn|265\n|\n|t:|1772307148\n|switch|p2a: Starmie|Starmie|100/100 par\n|switch|p1a: Chansey|Chansey|80/100 par\n|\n|upkeep\n|turn|266\n|\n|t:|1772307153\n|switch|p2a: Jynx|Jynx|81/100 slp\n|switch|p1a: Snorlax|Snorlax|100/100 par\n|\n|upkeep\n|turn|267\n|\n|t:|1772307167\n|switch|p2a: Chansey|Chansey|100/100 par\n|switch|p1a: Chansey|Chansey|80/100 par\n|\n|upkeep\n|turn|268\n|\n|t:|1772307174\n|switch|p1a: Snorlax|Snorlax|100/100 par\n|switch|p2a: Starmie|Starmie|100/100 par\n|\n|upkeep\n|turn|269\n|\n|t:|1772307179\n|switch|p2a: Chansey|Chansey|100/100 par\n|switch|p1a: Chansey|Chansey|80/100 par\n|\n|upkeep\n|turn|270\n|\n|t:|1772307182\n|switch|p2a: Starmie|Starmie|100/100 par\n|switch|p1a: Snorlax|Snorlax|100/100 par\n|\n|upkeep\n|turn|271\n|\n|t:|1772307186\n|switch|p2a: Chansey|Chansey|100/100 par\n|switch|p1a: Chansey|Chansey|80/100 par\n|\n|upkeep\n|turn|272\n|\n|t:|1772307191\n|switch|p2a: Starmie|Starmie|100/100 par\n|switch|p1a: Snorlax|Snorlax|100/100 par\n|\n|upkeep\n|turn|273\n|\n|t:|1772307194\n|switch|p2a: Chansey|Chansey|100/100 par\n|switch|p1a: Chansey|Chansey|80/100 par\n|\n|upkeep\n|turn|274\n|\n|t:|1772307204\n|switch|p2a: Starmie|Starmie|100/100 par\n|switch|p1a: Snorlax|Snorlax|100/100 par\n|\n|upkeep\n|turn|275\n|\n|t:|1772307208\n|switch|p2a: Chansey|Chansey|100/100 par\n|switch|p1a: Chansey|Chansey|80/100 par\n|\n|upkeep\n|turn|276\n|\n|t:|1772307218\n|switch|p1a: Snorlax|Snorlax|100/100 par\n|move|p2a: Chansey|Thunder Wave|p1a: Snorlax\n|-fail|p1a: Snorlax|par\n|\n|upkeep\n|turn|277\n|\n|t:|1772307223\n|switch|p2a: Starmie|Starmie|100/100 par\n|switch|p1a: Chansey|Chansey|80/100 par\n|\n|upkeep\n|turn|278\n|\n|t:|1772307231\n|switch|p2a: Chansey|Chansey|100/100 par\n|switch|p1a: Snorlax|Snorlax|100/100 par\n|\n|upkeep\n|turn|279\n|\n|t:|1772307242\n|switch|p2a: Starmie|Starmie|100/100 par\n|switch|p1a: Chansey|Chansey|80/100 par\n|\n|upkeep\n|turn|280\n|\n|t:|1772307253\n|switch|p2a: Chansey|Chansey|100/100 par\n|switch|p1a: Snorlax|Snorlax|100/100 par\n|\n|upkeep\n|turn|281\n|\n|t:|1772307258\n|switch|p2a: Starmie|Starmie|100/100 par\n|switch|p1a: Chansey|Chansey|80/100 par\n|\n|upkeep\n|turn|282\n|\n|t:|1772307272\n|switch|p2a: Chansey|Chansey|100/100 par\n|switch|p1a: Snorlax|Snorlax|100/100 par\n|\n|upkeep\n|turn|283\n|\n|t:|1772307276\n|switch|p2a: Rhydon|Rhydon|42/100 par\n|switch|p1a: Chansey|Chansey|80/100 par\n|\n|upkeep\n|turn|284\n|\n|t:|1772307282\n|switch|p1a: Snorlax|Snorlax|100/100 par\n|switch|p2a: Chansey|Chansey|100/100 par\n|\n|upkeep\n|turn|285\n|\n|t:|1772307285\n|switch|p2a: Starmie|Starmie|100/100 par\n|switch|p1a: Chansey|Chansey|80/100 par\n|\n|upkeep\n|turn|286\n|\n|t:|1772307291\n|switch|p2a: Chansey|Chansey|100/100 par\n|switch|p1a: Snorlax|Snorlax|100/100 par\n|\n|upkeep\n|turn|287\n|\n|t:|1772307303\n|switch|p2a: Starmie|Starmie|100/100 par\n|switch|p1a: Chansey|Chansey|80/100 par\n|\n|upkeep\n|turn|288\n|\n|t:|1772307313\n|switch|p2a: Chansey|Chansey|100/100 par\n|switch|p1a: Snorlax|Snorlax|100/100 par\n|\n|upkeep\n|turn|289\n|\n|t:|1772307315\n|switch|p2a: Starmie|Starmie|100/100 par\n|switch|p1a: Chansey|Chansey|80/100 par\n|\n|upkeep\n|turn|290\n|\n|t:|1772307319\n|switch|p2a: Jynx|Jynx|81/100 slp\n|switch|p1a: Snorlax|Snorlax|100/100 par\n|\n|upkeep\n|turn|291\n|\n|t:|1772307348\n|switch|p2a: Starmie|Starmie|100/100 par\n|switch|p1a: Chansey|Chansey|80/100 par\n|\n|upkeep\n|turn|292\n|\n|t:|1772307351\n|switch|p2a: Chansey|Chansey|100/100 par\n|switch|p1a: Snorlax|Snorlax|100/100 par\n|\n|upkeep\n|turn|293\n|\n|t:|1772307357\n|switch|p2a: Starmie|Starmie|100/100 par\n|switch|p1a: Chansey|Chansey|80/100 par\n|\n|upkeep\n|turn|294\n|\n|t:|1772307360\n|switch|p2a: Chansey|Chansey|100/100 par\n|switch|p1a: Snorlax|Snorlax|100/100 par\n|\n|upkeep\n|turn|295\n|\n|t:|1772307367\n|switch|p2a: Starmie|Starmie|100/100 par\n|switch|p1a: Chansey|Chansey|80/100 par\n|\n|upkeep\n|turn|296\n|\n|t:|1772307378\n|switch|p2a: Chansey|Chansey|100/100 par\n|switch|p1a: Snorlax|Snorlax|100/100 par\n|\n|upkeep\n|turn|297\n|\n|t:|1772307381\n|switch|p2a: Starmie|Starmie|100/100 par\n|switch|p1a: Chansey|Chansey|80/100 par\n|\n|upkeep\n|turn|298\n|\n|t:|1772307400\n|switch|p2a: Chansey|Chansey|100/100 par\n|switch|p1a: Snorlax|Snorlax|100/100 par\n|\n|upkeep\n|turn|299\n|\n|t:|1772307404\n|switch|p2a: Starmie|Starmie|100/100 par\n|switch|p1a: Chansey|Chansey|80/100 par\n|\n|upkeep\n|turn|300\n|\n|t:|1772307414\n|switch|p2a: Chansey|Chansey|100/100 par\n|switch|p1a: Snorlax|Snorlax|100/100 par\n|\n|upkeep\n|turn|301\n|\n|t:|1772307417\n|switch|p2a: Rhydon|Rhydon|42/100 par\n|switch|p1a: Chansey|Chansey|80/100 par\n|\n|upkeep\n|turn|302\n|\n|t:|1772307421\n|switch|p1a: Snorlax|Snorlax|100/100 par\n|switch|p2a: Chansey|Chansey|100/100 par\n|\n|upkeep\n|turn|303\n|\n|t:|1772307426\n|switch|p2a: Starmie|Starmie|100/100 par\n|switch|p1a: Chansey|Chansey|80/100 par\n|\n|upkeep\n|turn|304\n|\n|t:|1772307433\n|switch|p2a: Chansey|Chansey|100/100 par\n|switch|p1a: Snorlax|Snorlax|100/100 par\n|\n|upkeep\n|turn|305\n|\n|t:|1772307436\n|switch|p2a: Starmie|Starmie|100/100 par\n|switch|p1a: Chansey|Chansey|80/100 par\n|\n|upkeep\n|turn|306\n|\n|t:|1772307439\n|switch|p2a: Rhydon|Rhydon|42/100 par\n|switch|p1a: Snorlax|Snorlax|100/100 par\n|\n|upkeep\n|turn|307\n|\n|t:|1772307453\n|move|p2a: Rhydon|Earthquake|p1a: Snorlax\n|-damage|p1a: Snorlax|67/100 par\n|move|p1a: Snorlax|Reflect|p1a: Snorlax\n|-start|p1a: Snorlax|Reflect\n|\n|upkeep\n|turn|308\n|\n|t:|1772307470\n|switch|p2a: Starmie|Starmie|100/100 par\n|move|p1a: Snorlax|Rest|p1a: Snorlax\n|-status|p1a: Snorlax|slp|[from] move: Rest\n|-heal|p1a: Snorlax|100/100 slp|[silent]\n|\n|upkeep\n|turn|309\n|\n|t:|1772307485\n|move|p2a: Starmie|Thunder Wave|p1a: Snorlax\n|-fail|p1a: Snorlax\n|cant|p1a: Snorlax|slp\n|\n|upkeep\n|turn|310\n|\n|t:|1772307492\n|cant|p2a: Starmie|par\n|-curestatus|p1a: Snorlax|slp|[msg]\n|\n|upkeep\n|turn|311\n|\n|t:|1772307498\n|switch|p1a: Chansey|Chansey|80/100 par\n|move|p2a: Starmie|Thunder Wave|p1a: Chansey\n|-fail|p1a: Chansey|par\n|\n|upkeep\n|turn|312\n|\n|t:|1772307518\n|move|p2a: Starmie|Thunder Wave|p1a: Chansey\n|-fail|p1a: Chansey|par\n|move|p1a: Chansey|Thunder Wave|p2a: Starmie\n|-fail|p2a: Starmie|par\n|\n|upkeep\n|turn|313\n|\n|t:|1772307529\n|switch|p2a: Chansey|Chansey|100/100 par\n|move|p1a: Chansey|Thunder Wave|p2a: Chansey\n|-fail|p2a: Chansey|par\n|\n|upkeep\n|turn|314\n|\n|t:|1772307538\n|move|p2a: Chansey|Thunder Wave|p1a: Chansey\n|-fail|p1a: Chansey|par\n|move|p1a: Chansey|Thunder Wave|p2a: Chansey\n|-fail|p2a: Chansey|par\n|\n|upkeep\n|turn|315\n|\n|t:|1772307554\n|move|p1a: Chansey|Ice Beam|p2a: Chansey\n|-damage|p2a: Chansey|89/100 par\n|cant|p2a: Chansey|par\n|\n|upkeep\n|turn|316\n|\n|t:|1772307562\n|move|p1a: Chansey|Ice Beam|p2a: Chansey\n|-damage|p2a: Chansey|79/100 par\n|cant|p2a: Chansey|par\n|\n|upkeep\n|turn|317\n|\n|t:|1772307567\n|move|p1a: Chansey|Thunder Wave|p2a: Chansey\n|-fail|p2a: Chansey|par\n|cant|p2a: Chansey|par\n|\n|upkeep\n|turn|318\n|\n|t:|1772307572\n|cant|p1a: Chansey|par\n|move|p2a: Chansey|Thunder Wave|p1a: Chansey\n|-fail|p1a: Chansey|par\n|\n|upkeep\n|turn|319\n|\n|t:|1772307580\n|move|p1a: Chansey|Thunder Wave|p2a: Chansey\n|-fail|p2a: Chansey|par\n|move|p2a: Chansey|Thunder Wave|p1a: Chansey\n|-fail|p1a: Chansey|par\n|\n|upkeep\n|turn|320\n|\n|t:|1772307588\n|move|p2a: Chansey|Thunder Wave|p1a: Chansey\n|-fail|p1a: Chansey|par\n|move|p1a: Chansey|Thunder Wave|p2a: Chansey\n|-fail|p2a: Chansey|par\n|\n|upkeep\n|turn|321\n|\n|t:|1772307595\n|move|p2a: Chansey|Thunder Wave|p1a: Chansey\n|-fail|p1a: Chansey|par\n|cant|p1a: Chansey|par\n|\n|upkeep\n|turn|322\n|\n|t:|1772307600\n|move|p2a: Chansey|Thunder Wave|p1a: Chansey\n|-fail|p1a: Chansey|par\n|move|p1a: Chansey|Ice Beam|p2a: Chansey\n|-damage|p2a: Chansey|67/100 par\n|\n|upkeep\n|turn|323\n|\n|t:|1772307604\n|switch|p1a: Snorlax|Snorlax|100/100\n|cant|p2a: Chansey|par\n|\n|upkeep\n|turn|324\n|inactive|Laroxyl has 270 seconds left.\n|inactive|Laroxyl has 240 seconds left.\n|inactive|Laroxyl has 210 seconds left.\n|\n|t:|1772307703\n|move|p1a: Snorlax|Earthquake|p2a: Chansey\n|-damage|p2a: Chansey|34/100 par\n|move|p2a: Chansey|Thunder Wave|p1a: Snorlax\n|-status|p1a: Snorlax|par\n|\n|upkeep\n|turn|325\n|inactive|Laroxyl has 210 seconds left.\n|\n|t:|1772307721\n|switch|p2a: Starmie|Starmie|100/100 par\n|cant|p1a: Snorlax|par\n|\n|upkeep\n|turn|326\n|\n|t:|1772307736\n|move|p2a: Starmie|Thunder Wave|p1a: Snorlax\n|-fail|p1a: Snorlax|par\n|move|p1a: Snorlax|Reflect|p1a: Snorlax\n|-start|p1a: Snorlax|Reflect\n|\n|upkeep\n|turn|327\n|\n|t:|1772307745\n|cant|p2a: Starmie|par\n|cant|p1a: Snorlax|par\n|\n|upkeep\n|turn|328\n|inactive|Laroxyl has 210 seconds left.\n|\n|t:|1772307751\n|move|p2a: Starmie|Thunder Wave|p1a: Snorlax\n|-fail|p1a: Snorlax|par\n|cant|p1a: Snorlax|par\n|\n|upkeep\n|turn|329\n|\n|t:|1772307760\n|move|p2a: Starmie|Thunder Wave|p1a: Snorlax\n|-fail|p1a: Snorlax|par\n|move|p1a: Snorlax|Reflect|p1a: Snorlax\n|-fail|p1a: Snorlax\n|\n|upkeep\n|turn|330\n|inactive|Laroxyl has 210 seconds left.\n|\n|t:|1772307789\n|move|p2a: Starmie|Thunder Wave|p1a: Snorlax\n|-fail|p1a: Snorlax|par\n|move|p1a: Snorlax|Reflect|p1a: Snorlax\n|-fail|p1a: Snorlax\n|\n|upkeep\n|turn|331\n|inactive|Laroxyl has 180 seconds left.\n|\n|t:|1772307819\n|move|p2a: Starmie|Thunder Wave|p1a: Snorlax\n|-fail|p1a: Snorlax|par\n|cant|p1a: Snorlax|par\n|\n|upkeep\n|turn|332\n|inactive|Laroxyl has 180 seconds left.\n|\n|t:|1772307844\n|switch|p2a: Rhydon|Rhydon|42/100 par\n|move|p1a: Snorlax|Reflect|p1a: Snorlax\n|-fail|p1a: Snorlax\n|\n|upkeep\n|turn|333\n|\n|t:|1772307856\n|cant|p2a: Rhydon|par\n|move|p1a: Snorlax|Reflect|p1a: Snorlax\n|-fail|p1a: Snorlax\n|\n|upkeep\n|turn|334\n|\n|t:|1772307872\n|switch|p2a: Starmie|Starmie|100/100 par\n|cant|p1a: Snorlax|par\n|\n|upkeep\n|turn|335\n|\n|t:|1772307885\n|move|p2a: Starmie|Thunder Wave|p1a: Snorlax\n|-fail|p1a: Snorlax|par\n|cant|p1a: Snorlax|par\n|\n|upkeep\n|turn|336\n|\n|t:|1772307893\n|move|p2a: Starmie|Thunder Wave|p1a: Snorlax\n|-fail|p1a: Snorlax|par\n|move|p1a: Snorlax|Reflect|p1a: Snorlax\n|-fail|p1a: Snorlax\n|\n|upkeep\n|turn|337\n|inactive|Laroxyl has 180 seconds left.\n|\n|t:|1772307910\n|move|p2a: Starmie|Thunder Wave|p1a: Snorlax\n|-fail|p1a: Snorlax|par\n|move|p1a: Snorlax|Reflect|p1a: Snorlax\n|-fail|p1a: Snorlax\n|\n|upkeep\n|turn|338\n|\n|t:|1772307922\n|switch|p2a: Rhydon|Rhydon|42/100 par\n|cant|p1a: Snorlax|par\n|\n|upkeep\n|turn|339\n|\n|t:|1772307939\n|cant|p2a: Rhydon|par\n|move|p1a: Snorlax|Reflect|p1a: Snorlax\n|-fail|p1a: Snorlax\n|\n|upkeep\n|turn|340\n|\n|t:|1772307945\n|cant|p2a: Rhydon|par\n|move|p1a: Snorlax|Earthquake|p2a: Rhydon\n|-supereffective|p2a: Rhydon\n|-damage|p2a: Rhydon|8/100 par\n|\n|upkeep\n|turn|341\n|\n|t:|1772307958\n|move|p2a: Rhydon|Earthquake|p1a: Snorlax\n|-crit|p1a: Snorlax\n|-damage|p1a: Snorlax|31/100 par\n|move|p1a: Snorlax|Earthquake|p2a: Rhydon\n|-supereffective|p2a: Rhydon\n|-damage|p2a: Rhydon|0 fnt\n|faint|p2a: Rhydon\n|inactive|Sceptross has 270 seconds left.\n|\n|t:|1772307988\n|switch|p2a: Tauros|Tauros|6/100\n|turn|342\n|inactive|Laroxyl has 180 seconds left.\n|inactive|Sceptross has 270 seconds left.\n|\n|t:|1772308002\n|move|p2a: Tauros|Blizzard|p1a: Snorlax\n|-damage|p1a: Snorlax|11/100 par\n|move|p1a: Snorlax|Earthquake|p2a: Tauros\n|-damage|p2a: Tauros|0 fnt\n|faint|p2a: Tauros\n|inactive|Sceptross has 270 seconds left.\n|\n|t:|1772308016\n|switch|p2a: Starmie|Starmie|100/100 par\n|turn|343\n|inactive|Sceptross has 270 seconds left.\n|\n|t:|1772308027\n|switch|p1a: Chansey|Chansey|80/100 par\n|cant|p2a: Starmie|par\n|\n|upkeep\n|turn|344\n|inactive|Sceptross has 270 seconds left.\n|inactive|Laroxyl has 180 seconds left.\n|inactive|Sceptross has 240 seconds left.\n|\n|t:|1772308087\n|move|p2a: Starmie|Blizzard|p1a: Chansey\n|-crit|p1a: Chansey\n|-damage|p1a: Chansey|55/100 par\n|move|p1a: Chansey|Thunder Wave|p2a: Starmie\n|-fail|p2a: Starmie|par\n|\n|upkeep\n|turn|345\n|inactive|Laroxyl has 180 seconds left.\n|inactive|Sceptross has 210 seconds left.\n|\n|t:|1772308111\n|move|p2a: Starmie|Blizzard|p1a: Chansey\n|-damage|p1a: Chansey|42/100 par\n|move|p1a: Chansey|Thunder Wave|p2a: Starmie\n|-fail|p2a: Starmie|par\n|\n|upkeep\n|turn|346\n|inactive|Laroxyl has 180 seconds left.\n|\n|t:|1772308117\n|switch|p2a: Chansey|Chansey|34/100 par\n|move|p1a: Chansey|Soft-Boiled|p1a: Chansey\n|-heal|p1a: Chansey|92/100 par\n|\n|upkeep\n|turn|347\n|inactive|Laroxyl has 180 seconds left.\n|\n|t:|1772308130\n|move|p1a: Chansey|Seismic Toss|p2a: Chansey\n|-damage|p2a: Chansey|19/100 par\n|move|p2a: Chansey|Soft-Boiled|p2a: Chansey\n|-heal|p2a: Chansey|69/100 par\n|\n|upkeep\n|turn|348\n|inactive|Sceptross has 210 seconds left.\n|\n|t:|1772308163\n|move|p1a: Chansey|Thunder Wave|p2a: Chansey\n|-fail|p2a: Chansey|par\n|cant|p2a: Chansey|par\n|\n|upkeep\n|turn|349\n|\n|t:|1772308171\n|move|p1a: Chansey|Thunder Wave|p2a: Chansey\n|-fail|p2a: Chansey|par\n|move|p2a: Chansey|Thunder Wave|p1a: Chansey\n|-fail|p1a: Chansey|par\n|\n|upkeep\n|turn|350\n|\n|t:|1772308177\n|move|p1a: Chansey|Thunder Wave|p2a: Chansey\n|-fail|p2a: Chansey|par\n|move|p2a: Chansey|Thunder Wave|p1a: Chansey\n|-fail|p1a: Chansey|par\n|\n|upkeep\n|turn|351\n|\n|t:|1772308187\n|move|p2a: Chansey|Thunderbolt|p1a: Chansey\n|-crit|p1a: Chansey\n|-damage|p1a: Chansey|73/100 par\n|move|p1a: Chansey|Thunder Wave|p2a: Chansey\n|-fail|p2a: Chansey|par\n|\n|upkeep\n|turn|352\n|inactive|Laroxyl has 210 seconds left.\n|\n|t:|1772308199\n|move|p1a: Chansey|Thunder Wave|p2a: Chansey\n|-fail|p2a: Chansey|par\n|move|p2a: Chansey|Thunder Wave|p1a: Chansey\n|-fail|p1a: Chansey|par\n|\n|upkeep\n|turn|353\n|inactive|Laroxyl has 210 seconds left.\n|\n|t:|1772308207\n|cant|p1a: Chansey|par\n|move|p2a: Chansey|Thunder Wave|p1a: Chansey\n|-fail|p1a: Chansey|par\n|\n|upkeep\n|turn|354\n|\n|t:|1772308211\n|move|p2a: Chansey|Thunder Wave|p1a: Chansey\n|-fail|p1a: Chansey|par\n|move|p1a: Chansey|Thunder Wave|p2a: Chansey\n|-fail|p2a: Chansey|par\n|\n|upkeep\n|turn|355\n|\n|t:|1772308215\n|cant|p1a: Chansey|par\n|move|p2a: Chansey|Thunder Wave|p1a: Chansey\n|-fail|p1a: Chansey|par\n|\n|upkeep\n|turn|356\n|\n|t:|1772308222\n|cant|p2a: Chansey|par\n|cant|p1a: Chansey|par\n|\n|upkeep\n|turn|357\n|inactive|Sceptross has 270 seconds left.\n|\n|t:|1772308245\n|move|p1a: Chansey|Thunder Wave|p2a: Chansey\n|-fail|p2a: Chansey|par\n|move|p2a: Chansey|Thunderbolt|p1a: Chansey\n|-damage|p1a: Chansey|62/100 par\n|\n|upkeep\n|turn|358\n|\n|t:|1772308253\n|move|p2a: Chansey|Thunder Wave|p1a: Chansey\n|-fail|p1a: Chansey|par\n|move|p1a: Chansey|Thunder Wave|p2a: Chansey\n|-fail|p2a: Chansey|par\n|\n|upkeep\n|turn|359\n|\n|t:|1772308264\n|move|p2a: Chansey|Thunder Wave|p1a: Chansey\n|-fail|p1a: Chansey|par\n|move|p1a: Chansey|Thunder Wave|p2a: Chansey\n|-fail|p2a: Chansey|par\n|\n|upkeep\n|turn|360\n|\n|t:|1772308270\n|move|p1a: Chansey|Thunder Wave|p2a: Chansey\n|-fail|p2a: Chansey|par\n|move|p2a: Chansey|Thunder Wave|p1a: Chansey\n|-fail|p1a: Chansey|par\n|\n|upkeep\n|turn|361\n|\n|t:|1772308280\n|move|p2a: Chansey|Thunder Wave|p1a: Chansey\n|-fail|p1a: Chansey|par\n|move|p1a: Chansey|Thunder Wave|p2a: Chansey\n|-fail|p2a: Chansey|par\n|\n|upkeep\n|turn|362\n|\n|t:|1772308286\n|move|p2a: Chansey|Thunder Wave|p1a: Chansey\n|-fail|p1a: Chansey|par\n|cant|p1a: Chansey|par\n|\n|upkeep\n|turn|363\n|inactive|Laroxyl has 270 seconds left.\n|\n|t:|1772308293\n|move|p2a: Chansey|Thunderbolt|p1a: Chansey\n|-damage|p1a: Chansey|51/100 par\n|move|p1a: Chansey|Thunder Wave|p2a: Chansey\n|-fail|p2a: Chansey|par\n|\n|upkeep\n|turn|364\n|\n|t:|1772308307\n|move|p1a: Chansey|Thunder Wave|p2a: Chansey\n|-fail|p2a: Chansey|par\n|move|p2a: Chansey|Thunder Wave|p1a: Chansey\n|-fail|p1a: Chansey|par\n|\n|upkeep\n|turn|365\n|inactive|Laroxyl has 270 seconds left.\n|\n|t:|1772308328\n|move|p1a: Chansey|Thunder Wave|p2a: Chansey\n|-fail|p2a: Chansey|par\n|move|p2a: Chansey|Thunder Wave|p1a: Chansey\n|-fail|p1a: Chansey|par\n|\n|upkeep\n|turn|366\n|inactive|Laroxyl has 270 seconds left.\n|\n|t:|1772308337\n|move|p1a: Chansey|Thunder Wave|p2a: Chansey\n|-fail|p2a: Chansey|par\n|move|p2a: Chansey|Thunderbolt|p1a: Chansey\n|-damage|p1a: Chansey|39/100 par\n|\n|upkeep\n|turn|367\n|\n|t:|1772308343\n|move|p1a: Chansey|Soft-Boiled|p1a: Chansey\n|-heal|p1a: Chansey|89/100 par\n|cant|p2a: Chansey|par\n|\n|upkeep\n|turn|368\n|inactive|Laroxyl has 270 seconds left.\n|\n|t:|1772308360\n|cant|p2a: Chansey|par\n|cant|p1a: Chansey|par\n|\n|upkeep\n|turn|369\n|\n|t:|1772308364\n|move|p1a: Chansey|Ice Beam|p2a: Chansey\n|-damage|p2a: Chansey|58/100 par\n|move|p2a: Chansey|Thunderbolt|p1a: Chansey\n|-damage|p1a: Chansey|78/100 par\n|\n|upkeep\n|turn|370\n|inactive|Laroxyl has 270 seconds left.\n|\n|t:|1772308388\n|move|p2a: Chansey|Thunderbolt|p1a: Chansey\n|-damage|p1a: Chansey|67/100 par\n|move|p1a: Chansey|Ice Beam|p2a: Chansey\n|-damage|p2a: Chansey|47/100 par\n|\n|upkeep\n|turn|371\n|inactive|Laroxyl has 270 seconds left.\n|\n|t:|1772308401\n|cant|p1a: Chansey|par\n|move|p2a: Chansey|Soft-Boiled|p2a: Chansey\n|-heal|p2a: Chansey|97/100 par\n|\n|upkeep\n|turn|372\n|\n|t:|1772308410\n|move|p1a: Chansey|Thunder Wave|p2a: Chansey\n|-fail|p2a: Chansey|par\n|move|p2a: Chansey|Thunder Wave|p1a: Chansey\n|-fail|p1a: Chansey|par\n|\n|upkeep\n|turn|373\n|\n|t:|1772308418\n|move|p1a: Chansey|Ice Beam|p2a: Chansey\n|-damage|p2a: Chansey|86/100 par\n|move|p2a: Chansey|Thunder Wave|p1a: Chansey\n|-fail|p1a: Chansey|par\n|\n|upkeep\n|turn|374\n|\n|t:|1772308448\n|cant|p2a: Chansey|par\n|move|p1a: Chansey|Ice Beam|p2a: Chansey\n|-damage|p2a: Chansey|75/100 par\n|\n|upkeep\n|turn|375\n|\n|t:|1772308459\n|switch|p2a: Starmie|Starmie|100/100 par\n|move|p1a: Chansey|Ice Beam|p2a: Starmie\n|-resisted|p2a: Starmie\n|-damage|p2a: Starmie|89/100 par\n|\n|upkeep\n|turn|376\n|\n|t:|1772308483\n|switch|p2a: Chansey|Chansey|75/100 par\n|move|p1a: Chansey|Seismic Toss|p2a: Chansey\n|-damage|p2a: Chansey|61/100 par\n|\n|upkeep\n|turn|377\n|\n|t:|1772308493\n|move|p1a: Chansey|Seismic Toss|p2a: Chansey\n|-damage|p2a: Chansey|47/100 par\n|cant|p2a: Chansey|par\n|\n|upkeep\n|turn|378\n|\n|t:|1772308503\n|move|p2a: Chansey|Thunderbolt|p1a: Chansey\n|-damage|p1a: Chansey|56/100 par\n|move|p1a: Chansey|Seismic Toss|p2a: Chansey\n|-damage|p2a: Chansey|33/100 par\n|\n|upkeep\n|turn|379\n|\n|t:|1772308522\n|cant|p2a: Chansey|par\n|move|p1a: Chansey|Soft-Boiled|p1a: Chansey\n|-heal|p1a: Chansey|100/100 par\n|\n|upkeep\n|turn|380\n|\n|t:|1772308535\n|move|p1a: Chansey|Soft-Boiled|p1a: Chansey\n|-fail|p1a: Chansey\n|cant|p2a: Chansey|par\n|\n|upkeep\n|turn|381\n|\n|t:|1772308548\n|cant|p2a: Chansey|par\n|cant|p1a: Chansey|par\n|\n|upkeep\n|turn|382\n|\n|t:|1772308557\n|cant|p1a: Chansey|par\n|move|p2a: Chansey|Soft-Boiled|p2a: Chansey\n|-heal|p2a: Chansey|83/100 par\n|\n|upkeep\n|turn|383\n|\n|t:|1772308570\n|switch|p2a: Starmie|Starmie|89/100 par\n|move|p1a: Chansey|Soft-Boiled|p1a: Chansey\n|-fail|p1a: Chansey\n|\n|upkeep\n|turn|384\n|\n|t:|1772308581\n|move|p2a: Starmie|Thunder Wave|p1a: Chansey\n|-fail|p1a: Chansey|par\n|move|p1a: Chansey|Struggle|p2a: Starmie\n|-damage|p2a: Starmie|81/100 par\n|-damage|p1a: Chansey|99/100 par|[from] Recoil|[of] p2a: Starmie\n|\n|upkeep\n|turn|385\n|\n|t:|1772308600\n|cant|p2a: Starmie|par\n|cant|p1a: Chansey|par\n|\n|upkeep\n|turn|386\n|\n|t:|1772308605\n|cant|p2a: Starmie|par\n|move|p1a: Chansey|Struggle|p2a: Starmie\n|-damage|p2a: Starmie|73/100 par\n|-damage|p1a: Chansey|97/100 par|[from] Recoil|[of] p2a: Starmie\n|\n|upkeep\n|turn|387\n|\n|t:|1772308619\n|cant|p2a: Starmie|par\n|cant|p1a: Chansey|par\n|\n|upkeep\n|turn|388\n|\n|t:|1772308624\n|move|p2a: Starmie|Recover|p2a: Starmie\n|-heal|p2a: Starmie|100/100 par\n|move|p1a: Chansey|Struggle|p2a: Starmie\n|-damage|p2a: Starmie|93/100 par\n|-damage|p1a: Chansey|95/100 par|[from] Recoil|[of] p2a: Starmie\n|\n|upkeep\n|turn|389\n|inactive|Laroxyl has 270 seconds left.\n|\n|t:|1772308667\n|switch|p2a: Chansey|Chansey|83/100 par\n|move|p1a: Chansey|Struggle|p2a: Chansey\n|-damage|p2a: Chansey|75/100 par\n|-damage|p1a: Chansey|91/100 par|[from] Recoil|[of] p2a: Chansey\n|\n|upkeep\n|turn|390\n|inactive|Laroxyl has 270 seconds left.\n|\n|t:|1772308679\n|move|p2a: Chansey|Thunderbolt|p1a: Chansey\n|-damage|p1a: Chansey|80/100 par\n|move|p1a: Chansey|Struggle|p2a: Chansey\n|-damage|p2a: Chansey|66/100 par\n|-damage|p1a: Chansey|76/100 par|[from] Recoil|[of] p2a: Chansey\n|\n|upkeep\n|turn|391\n|inactive|Laroxyl has 270 seconds left.\n|\n|t:|1772308692\n|move|p1a: Chansey|Struggle|p2a: Chansey\n|-damage|p2a: Chansey|58/100 par\n|-damage|p1a: Chansey|72/100 par|[from] Recoil|[of] p2a: Chansey\n|move|p2a: Chansey|Thunderbolt|p1a: Chansey\n|-damage|p1a: Chansey|61/100 par\n|\n|upkeep\n|turn|392\n|inactive|Laroxyl has 270 seconds left.\n|\n|t:|1772308707\n|cant|p2a: Chansey|par\n|cant|p1a: Chansey|par\n|\n|upkeep\n|turn|393\n|\n|t:|1772308710\n|move|p1a: Chansey|Struggle|p2a: Chansey\n|-damage|p2a: Chansey|48/100 par\n|-damage|p1a: Chansey|56/100 par|[from] Recoil|[of] p2a: Chansey\n|move|p2a: Chansey|Soft-Boiled|p2a: Chansey\n|-heal|p2a: Chansey|98/100 par\n|\n|upkeep\n|turn|394\n|inactive|Laroxyl has 270 seconds left.\n|\n|t:|1772308743\n|move|p1a: Chansey|Struggle|p2a: Chansey\n|-damage|p2a: Chansey|89/100 par\n|-damage|p1a: Chansey|52/100 par|[from] Recoil|[of] p2a: Chansey\n|move|p2a: Chansey|Ice Beam|p1a: Chansey\n|-damage|p1a: Chansey|41/100 par\n|\n|upkeep\n|turn|395\n|inactive|Laroxyl has 270 seconds left.\n|inactive|Sceptross has 270 seconds left.\n|\n|t:|1772308773\n|cant|p1a: Chansey|par\n|cant|p2a: Chansey|par\n|\n|upkeep\n|turn|396\n|inactive|Sceptross has 270 seconds left.\n|inactive|Laroxyl has 240 seconds left.\n|\n|t:|1772308798\n|move|p2a: Chansey|Ice Beam|p1a: Chansey\n|-damage|p1a: Chansey|31/100 par\n|cant|p1a: Chansey|par\n|\n|upkeep\n|turn|397\n|inactive|Sceptross has 240 seconds left.\n|\n|t:|1772308832\n|move|p2a: Chansey|Ice Beam|p1a: Chansey\n|-damage|p1a: Chansey|20/100 par\n|move|p1a: Chansey|Struggle|p2a: Chansey\n|-damage|p2a: Chansey|81/100 par\n|-damage|p1a: Chansey|16/100 par|[from] Recoil|[of] p2a: Chansey\n|\n|upkeep\n|turn|398\n|inactive|Sceptross has 240 seconds left.\n|\n|t:|1772308839\n|switch|p2a: Starmie|Starmie|93/100 par\n|move|p1a: Chansey|Struggle|p2a: Starmie\n|-damage|p2a: Starmie|86/100 par\n|-damage|p1a: Chansey|14/100 par|[from] Recoil|[of] p2a: Starmie\n|\n|upkeep\n|turn|399\n|\n|t:|1772308845\n|cant|p2a: Starmie|par\n|cant|p1a: Chansey|par\n|\n|upkeep\n|turn|400\n|\n|t:|1772308864\n|cant|p2a: Starmie|par\n|move|p1a: Chansey|Struggle|p2a: Starmie\n|-damage|p2a: Starmie|78/100 par\n|-damage|p1a: Chansey|12/100 par|[from] Recoil|[of] p2a: Starmie\n|\n|upkeep\n|turn|401\n|\n|t:|1772308872\n|cant|p2a: Starmie|par\n|move|p1a: Chansey|Struggle|p2a: Starmie\n|-damage|p2a: Starmie|70/100 par\n|-damage|p1a: Chansey|10/100 par|[from] Recoil|[of] p2a: Starmie\n|\n|upkeep\n|turn|402\n|\n|t:|1772308884\n|switch|p1a: Snorlax|Snorlax|11/100 par\n|move|p2a: Starmie|Recover|p2a: Starmie\n|-heal|p2a: Starmie|100/100 par\n|\n|upkeep\n|turn|403\n|inactive|Sceptross has 270 seconds left.\n|\n|t:|1772308895\n|move|p2a: Starmie|Blizzard|p1a: Snorlax\n|-crit|p1a: Snorlax\n|-damage|p1a: Snorlax|0 fnt\n|faint|p1a: Snorlax\n|c|☆Laroxyl|gg\n|c|☆Sceptross|gg\n|-message|Laroxyl forfeited.\n|\n|win|Sceptross\n","uploadtime":1772308901,"views":"1008","formatid":"gen1ou","rating":null,"private":0,"password":null}