{"id":"smogtours-gen1ou-826760","format":"[Gen 1] OU","players":["shiloh","I ❤️ SZA"],"log":"|inactive|Battle timer is ON: inactive players will automatically lose when time's up.\n|t:|1742750537\n|gametype|singles\n|player|p1|shiloh|#splxvitigers|\n|player|p2|I ❤️ SZA|#splxviwolfpack2|\n|teamsize|p1|6\n|teamsize|p2|6\n|gen|1\n|tier|[Gen 1] OU\n|rule|Desync Clause Mod: Desyncs changed to move failure.\n|rule|Sleep Clause Mod: Limit one foe put to sleep\n|rule|Freeze Clause Mod: Limit one foe frozen\n|rule|Species Clause: Limit one of each Pokémon\n|rule|OHKO Clause: OHKO moves are banned\n|rule|Evasion Moves Clause: Evasion moves are banned\n|rule|Endless Battle Clause: Forcing endless battles is banned\n|rule|HP Percentage Mod: HP is shown in percentages\n|\n|t:|1742750537\n|start\n|switch|p1a: mayalaran|Jynx|100/100\n|switch|p2a: I ❤️ Chuva|Starmie|100/100\n|turn|1\n|rated|Smogon Premier League\n|inactive|I ❤️ SZA has 270 seconds left.\n|\n|t:|1742750572\n|move|p2a: I ❤️ Chuva|Psychic|p1a: mayalaran\n|-resisted|p1a: mayalaran\n|-damage|p1a: mayalaran|84/100\n|-unboost|p1a: mayalaran|spa|1\n|-unboost|p1a: mayalaran|spd|1\n|move|p1a: mayalaran|Lovely Kiss|p2a: I ❤️ Chuva\n|-status|p2a: I ❤️ Chuva|slp|[from] move: Lovely Kiss\n|\n|upkeep\n|turn|2\n|\n|t:|1742750579\n|switch|p2a: Chansey|Chansey|100/100\n|move|p1a: mayalaran|Ice Beam|p2a: Chansey\n|-damage|p2a: Chansey|91/100\n|\n|upkeep\n|turn|3\n|\n|t:|1742750582\n|move|p1a: mayalaran|Ice Beam|p2a: Chansey\n|-damage|p2a: Chansey|82/100\n|move|p2a: Chansey|Sing|p1a: mayalaran|[miss]\n|-miss|p2a: Chansey\n|\n|upkeep\n|turn|4\n|\n|t:|1742750584\n|move|p1a: mayalaran|Ice Beam|p2a: Chansey\n|-damage|p2a: Chansey|72/100\n|move|p2a: Chansey|Sing|p1a: mayalaran|[miss]\n|-miss|p2a: Chansey\n|\n|upkeep\n|turn|5\n|\n|t:|1742750586\n|move|p1a: mayalaran|Ice Beam|p2a: Chansey\n|-damage|p2a: Chansey|63/100\n|move|p2a: Chansey|Sing|p1a: mayalaran\n|-status|p1a: mayalaran|slp|[from] move: Sing\n|\n|upkeep\n|turn|6\n|\n|t:|1742750591\n|cant|p1a: mayalaran|slp\n|move|p2a: Chansey|Soft-Boiled|p2a: Chansey\n|-heal|p2a: Chansey|100/100\n|\n|upkeep\n|turn|7\n|\n|t:|1742750593\n|cant|p1a: mayalaran|slp\n|move|p2a: Chansey|Seismic Toss|p1a: mayalaran\n|-damage|p1a: mayalaran|54/100 slp\n|\n|upkeep\n|turn|8\n|\n|t:|1742750599\n|switch|p1a: Son of Tanavast|Alakazam|100/100\n|move|p2a: Chansey|Seismic Toss|p1a: Son of Tanavast\n|-damage|p1a: Son of Tanavast|69/100\n|\n|upkeep\n|turn|9\n|\n|t:|1742750601\n|move|p1a: Son of Tanavast|Thunder Wave|p2a: Chansey\n|-status|p2a: Chansey|par\n|move|p2a: Chansey|Thunder Wave|p1a: Son of Tanavast\n|-status|p1a: Son of Tanavast|par\n|\n|upkeep\n|turn|10\n|inactive|I ❤️ SZA has 270 seconds left.\n|\n|t:|1742750651\n|move|p1a: Son of Tanavast|Recover|p1a: Son of Tanavast\n|-heal|p1a: Son of Tanavast|100/100 par\n|cant|p2a: Chansey|par\n|\n|upkeep\n|turn|11\n|\n|t:|1742750653\n|move|p1a: Son of Tanavast|Psychic|p2a: Chansey\n|-damage|p2a: Chansey|84/100 par\n|cant|p2a: Chansey|par\n|\n|upkeep\n|turn|12\n|\n|t:|1742750657\n|move|p1a: Son of Tanavast|Psychic|p2a: Chansey\n|-crit|p2a: Chansey\n|-damage|p2a: Chansey|47/100 par\n|move|p2a: Chansey|Soft-Boiled|p2a: Chansey\n|-heal|p2a: Chansey|97/100 par\n|\n|upkeep\n|turn|13\n|\n|t:|1742750662\n|move|p1a: Son of Tanavast|Psychic|p2a: Chansey\n|-crit|p2a: Chansey\n|-damage|p2a: Chansey|60/100 par\n|move|p2a: Chansey|Seismic Toss|p1a: Son of Tanavast\n|-damage|p1a: Son of Tanavast|69/100 par\n|\n|upkeep\n|turn|14\n|\n|t:|1742750664\n|cant|p1a: Son of Tanavast|par\n|move|p2a: Chansey|Soft-Boiled|p2a: Chansey\n|-heal|p2a: Chansey|100/100 par\n|\n|upkeep\n|turn|15\n|\n|t:|1742750666\n|move|p1a: Son of Tanavast|Recover|p1a: Son of Tanavast\n|-heal|p1a: Son of Tanavast|100/100 par\n|move|p2a: Chansey|Seismic Toss|p1a: Son of Tanavast|[miss]\n|-miss|p2a: Chansey\n|-hint|In Gen 1, moves with 100% accuracy can still miss 1/256 of the time.\n|\n|upkeep\n|turn|16\n|\n|t:|1742750669\n|move|p1a: Son of Tanavast|Psychic|p2a: Chansey\n|-damage|p2a: Chansey|83/100 par\n|-unboost|p2a: Chansey|spa|1\n|-unboost|p2a: Chansey|spd|1\n|move|p2a: Chansey|Seismic Toss|p1a: Son of Tanavast\n|-damage|p1a: Son of Tanavast|69/100 par\n|\n|upkeep\n|turn|17\n|\n|t:|1742750672\n|switch|p2a: I ❤️ Chuva|Starmie|100/100 slp\n|cant|p1a: Son of Tanavast|par\n|\n|upkeep\n|turn|18\n|\n|t:|1742750674\n|cant|p2a: I ❤️ Chuva|slp\n|move|p1a: Son of Tanavast|Recover|p1a: Son of Tanavast\n|-heal|p1a: Son of Tanavast|100/100 par\n|\n|upkeep\n|turn|19\n|\n|t:|1742750676\n|switch|p2a: Chansey|Chansey|83/100 par\n|switch|p1a: the blackthorn|Snorlax|100/100\n|\n|upkeep\n|turn|20\n|\n|t:|1742750682\n|switch|p2a: Snorlax|Snorlax|100/100\n|move|p1a: the blackthorn|Body Slam|p2a: Snorlax\n|-damage|p2a: Snorlax|72/100\n|\n|upkeep\n|turn|21\n|\n|t:|1742750686\n|switch|p1a: sylphrena|Chansey|100/100\n|move|p2a: Snorlax|Body Slam|p1a: sylphrena\n|-damage|p1a: sylphrena|61/100\n|\n|upkeep\n|turn|22\n|\n|t:|1742750700\n|switch|p2a: Chansey|Chansey|83/100 par\n|move|p1a: sylphrena|Soft-Boiled|p1a: sylphrena\n|-heal|p1a: sylphrena|100/100\n|\n|upkeep\n|turn|23\n|\n|t:|1742750709\n|switch|p1a: the blackthorn|Snorlax|100/100\n|move|p2a: Chansey|Seismic Toss|p1a: the blackthorn\n|-damage|p1a: the blackthorn|81/100\n|\n|upkeep\n|turn|24\n|\n|t:|1742750726\n|move|p1a: the blackthorn|Body Slam|p2a: Chansey\n|-damage|p2a: Chansey|42/100 par\n|move|p2a: Chansey|Thunder Wave|p1a: the blackthorn\n|-status|p1a: the blackthorn|par\n|\n|upkeep\n|turn|25\n|\n|t:|1742750734\n|switch|p2a: Snorlax|Snorlax|72/100\n|move|p1a: the blackthorn|Body Slam|p2a: Snorlax\n|-crit|p2a: Snorlax\n|-damage|p2a: Snorlax|23/100\n|\n|upkeep\n|turn|26\n|\n|t:|1742750739\n|switch|p1a: sylphrena|Chansey|100/100\n|move|p2a: Snorlax|Self-Destruct|p1a: sylphrena\n|-crit|p1a: sylphrena\n|-damage|p1a: sylphrena|0 fnt\n|faint|p1a: sylphrena\n|faint|p2a: Snorlax\n|\n|t:|1742750752\n|switch|p1a: the blackthorn|Snorlax|81/100 par\n|switch|p2a: Exeggutor|Exeggutor|100/100\n|turn|27\n|\n|t:|1742750757\n|switch|p1a: Son of Tanavast|Alakazam|100/100 par\n|move|p2a: Exeggutor|Psychic|p1a: Son of Tanavast\n|-resisted|p1a: Son of Tanavast\n|-damage|p1a: Son of Tanavast|86/100 par\n|-unboost|p1a: Son of Tanavast|spa|1\n|-unboost|p1a: Son of Tanavast|spd|1\n|\n|upkeep\n|turn|28\n|\n|t:|1742750761\n|switch|p1a: the blackthorn|Snorlax|81/100 par\n|move|p2a: Exeggutor|Psychic|p1a: the blackthorn\n|-damage|p1a: the blackthorn|49/100 par\n|-unboost|p1a: the blackthorn|spa|1\n|-unboost|p1a: the blackthorn|spd|1\n|\n|upkeep\n|turn|29\n|inactive|I ❤️ SZA has 270 seconds left.\n|\n|t:|1742750803\n|switch|p1a: Son of Tanavast|Alakazam|86/100 par\n|move|p2a: Exeggutor|Psychic|p1a: Son of Tanavast\n|-resisted|p1a: Son of Tanavast\n|-damage|p1a: Son of Tanavast|69/100 par\n|\n|upkeep\n|turn|30\n|\n|t:|1742750822\n|switch|p2a: Chansey|Chansey|42/100 par\n|move|p1a: Son of Tanavast|Recover|p1a: Son of Tanavast\n|-heal|p1a: Son of Tanavast|100/100 par\n|\n|upkeep\n|turn|31\n|\n|t:|1742750828\n|switch|p1a: the blackthorn|Snorlax|49/100 par\n|cant|p2a: Chansey|par\n|\n|upkeep\n|turn|32\n|\n|t:|1742750832\n|switch|p2a: Exeggutor|Exeggutor|100/100\n|move|p1a: the blackthorn|Body Slam|p2a: Exeggutor\n|-damage|p2a: Exeggutor|72/100\n|\n|upkeep\n|turn|33\n|\n|t:|1742750836\n|switch|p1a: Son of Tanavast|Alakazam|100/100 par\n|move|p2a: Exeggutor|Psychic|p1a: Son of Tanavast\n|-resisted|p1a: Son of Tanavast\n|-damage|p1a: Son of Tanavast|85/100 par\n|\n|upkeep\n|turn|34\n|\n|t:|1742750840\n|switch|p2a: Chansey|Chansey|42/100 par\n|move|p1a: Son of Tanavast|Psychic|p2a: Chansey\n|-damage|p2a: Chansey|24/100 par\n|\n|upkeep\n|turn|35\n|\n|t:|1742750843\n|move|p1a: Son of Tanavast|Psychic|p2a: Chansey\n|-damage|p2a: Chansey|7/100 par\n|-unboost|p2a: Chansey|spa|1\n|-unboost|p2a: Chansey|spd|1\n|move|p2a: Chansey|Soft-Boiled|p2a: Chansey\n|-heal|p2a: Chansey|57/100 par\n|\n|upkeep\n|turn|36\n|\n|t:|1742750848\n|move|p1a: Son of Tanavast|Psychic|p2a: Chansey\n|-damage|p2a: Chansey|29/100 par\n|move|p2a: Chansey|Soft-Boiled|p2a: Chansey\n|-heal|p2a: Chansey|79/100 par\n|\n|upkeep\n|turn|37\n|\n|t:|1742750854\n|switch|p1a: the blackthorn|Snorlax|49/100 par\n|move|p2a: Chansey|Seismic Toss|p1a: the blackthorn\n|-damage|p1a: the blackthorn|30/100 par\n|\n|upkeep\n|turn|38\n|\n|t:|1742750860\n|switch|p2a: Exeggutor|Exeggutor|72/100\n|move|p1a: the blackthorn|Self-Destruct|p2a: Exeggutor\n|-damage|p2a: Exeggutor|0 fnt\n|faint|p2a: Exeggutor\n|faint|p1a: the blackthorn\n|\n|t:|1742750875\n|switch|p2a: Zapdos|Zapdos|100/100\n|switch|p1a: LIFE BEFORE DEATH|Tauros|100/100\n|turn|39\n|\n|t:|1742750881\n|switch|p1a: Son of Tanavast|Alakazam|85/100 par\n|move|p2a: Zapdos|Thunderbolt|p1a: Son of Tanavast\n|-damage|p1a: Son of Tanavast|50/100 par\n|\n|upkeep\n|turn|40\n|\n|t:|1742750885\n|move|p2a: Zapdos|Drill Peck|p1a: Son of Tanavast\n|-crit|p1a: Son of Tanavast\n|-damage|p1a: Son of Tanavast|0 fnt\n|faint|p1a: Son of Tanavast\n|\n|t:|1742750889\n|switch|p1a: LIFE BEFORE DEATH|Tauros|100/100\n|turn|41\n|inactive|I ❤️ SZA has 270 seconds left.\n|inactive|I ❤️ SZA has 240 seconds left.\n|inactive|I ❤️ SZA has 210 seconds left.\n|inactive|I ❤️ SZA has 180 seconds left.\n|\n|t:|1742751016\n|move|p1a: LIFE BEFORE DEATH|Blizzard|p2a: Zapdos\n|-supereffective|p2a: Zapdos\n|-damage|p2a: Zapdos|69/100\n|move|p2a: Zapdos|Thunder Wave|p1a: LIFE BEFORE DEATH\n|-status|p1a: LIFE BEFORE DEATH|par\n|\n|upkeep\n|turn|42\n|inactive|I ❤️ SZA has 180 seconds left.\n|\n|t:|1742751021\n|move|p2a: Zapdos|Thunderbolt|p1a: LIFE BEFORE DEATH\n|-damage|p1a: LIFE BEFORE DEATH|55/100 par\n|move|p1a: LIFE BEFORE DEATH|Body Slam|p2a: Zapdos\n|-damage|p2a: Zapdos|38/100\n|\n|upkeep\n|turn|43\n|\n|t:|1742751025\n|move|p2a: Zapdos|Thunderbolt|p1a: LIFE BEFORE DEATH\n|-damage|p1a: LIFE BEFORE DEATH|7/100 par\n|move|p1a: LIFE BEFORE DEATH|Hyper Beam|p2a: Zapdos\n|-damage|p2a: Zapdos|0 fnt\n|faint|p2a: Zapdos\n|\n|t:|1742751027\n|switch|p2a: Tauros|Tauros|100/100\n|turn|44\n|\n|t:|1742751033\n|switch|p1a: The Divided God|Starmie|100/100\n|move|p2a: Tauros|Body Slam|p1a: The Divided God\n|-crit|p1a: The Divided God\n|-damage|p1a: The Divided God|36/100\n|\n|upkeep\n|turn|45\n|inactive|I ❤️ SZA has 210 seconds left.\n|\n|t:|1742751063\n|switch|p2a: Chansey|Chansey|79/100 par\n|move|p1a: The Divided God|Recover|p1a: The Divided God\n|-heal|p1a: The Divided God|86/100\n|\n|upkeep\n|turn|46\n|inactive|I ❤️ SZA has 180 seconds left.\n|\n|t:|1742751082\n|switch|p1a: LIFE BEFORE DEATH|Tauros|7/100 par\n|move|p2a: Chansey|Seismic Toss|p1a: LIFE BEFORE DEATH\n|-damage|p1a: LIFE BEFORE DEATH|0 fnt\n|faint|p1a: LIFE BEFORE DEATH\n|\n|t:|1742751092\n|switch|p1a: The Divided God|Starmie|86/100\n|turn|47\n|\n|t:|1742751096\n|move|p1a: The Divided God|Surf|p2a: Chansey\n|-crit|p2a: Chansey\n|-damage|p2a: Chansey|50/100 par\n|move|p2a: Chansey|Thunder Wave|p1a: The Divided God\n|-status|p1a: The Divided God|par\n|\n|upkeep\n|turn|48\n|\n|t:|1742751099\n|move|p1a: The Divided God|Surf|p2a: Chansey\n|-damage|p2a: Chansey|35/100 par\n|move|p2a: Chansey|Soft-Boiled|p2a: Chansey\n|-heal|p2a: Chansey|85/100 par\n|\n|upkeep\n|turn|49\n|\n|t:|1742751102\n|move|p1a: The Divided God|Surf|p2a: Chansey\n|-damage|p2a: Chansey|69/100 par\n|move|p2a: Chansey|Soft-Boiled|p2a: Chansey\n|-heal|p2a: Chansey|100/100 par\n|\n|upkeep\n|turn|50\n|\n|t:|1742751104\n|move|p1a: The Divided God|Surf|p2a: Chansey\n|-damage|p2a: Chansey|85/100 par\n|cant|p2a: Chansey|par\n|\n|upkeep\n|turn|51\n|\n|t:|1742751107\n|move|p1a: The Divided God|Surf|p2a: Chansey\n|-damage|p2a: Chansey|70/100 par\n|move|p2a: Chansey|Seismic Toss|p1a: The Divided God\n|-damage|p1a: The Divided God|55/100 par\n|\n|upkeep\n|turn|52\n|\n|t:|1742751111\n|cant|p1a: The Divided God|par\n|move|p2a: Chansey|Seismic Toss|p1a: The Divided God\n|-damage|p1a: The Divided God|24/100 par\n|\n|upkeep\n|turn|53\n|\n|t:|1742751112\n|move|p1a: The Divided God|Recover|p1a: The Divided God\n|-heal|p1a: The Divided God|74/100 par\n|move|p2a: Chansey|Seismic Toss|p1a: The Divided God\n|-damage|p1a: The Divided God|43/100 par\n|\n|upkeep\n|turn|54\n|\n|t:|1742751114\n|move|p1a: The Divided God|Recover|p1a: The Divided God\n|-heal|p1a: The Divided God|93/100 par\n|move|p2a: Chansey|Seismic Toss|p1a: The Divided God\n|-damage|p1a: The Divided God|62/100 par\n|\n|upkeep\n|turn|55\n|\n|t:|1742751116\n|cant|p1a: The Divided God|par\n|move|p2a: Chansey|Seismic Toss|p1a: The Divided God\n|-damage|p1a: The Divided God|31/100 par\n|\n|upkeep\n|turn|56\n|\n|t:|1742751117\n|move|p1a: The Divided God|Recover|p1a: The Divided God\n|-heal|p1a: The Divided God|81/100 par\n|move|p2a: Chansey|Seismic Toss|p1a: The Divided God\n|-damage|p1a: The Divided God|50/100 par\n|\n|upkeep\n|turn|57\n|\n|t:|1742751119\n|move|p1a: The Divided God|Recover|p1a: The Divided God\n|-heal|p1a: The Divided God|99/100 par\n|move|p2a: Chansey|Seismic Toss|p1a: The Divided God\n|-damage|p1a: The Divided God|69/100 par\n|\n|upkeep\n|turn|58\n|\n|t:|1742751122\n|cant|p1a: The Divided God|par\n|move|p2a: Chansey|Seismic Toss|p1a: The Divided God\n|-damage|p1a: The Divided God|38/100 par\n|\n|upkeep\n|turn|59\n|\n|t:|1742751124\n|move|p1a: The Divided God|Recover|p1a: The Divided God\n|-heal|p1a: The Divided God|88/100 par\n|move|p2a: Chansey|Seismic Toss|p1a: The Divided God\n|-damage|p1a: The Divided God|57/100 par\n|\n|upkeep\n|turn|60\n|\n|t:|1742751127\n|move|p1a: The Divided God|Recover|p1a: The Divided God\n|-heal|p1a: The Divided God|100/100 par\n|move|p2a: Chansey|Seismic Toss|p1a: The Divided God\n|-damage|p1a: The Divided God|70/100 par\n|\n|upkeep\n|turn|61\n|\n|t:|1742751130\n|cant|p1a: The Divided God|par\n|move|p2a: Chansey|Seismic Toss|p1a: The Divided God\n|-damage|p1a: The Divided God|39/100 par\n|\n|upkeep\n|turn|62\n|\n|t:|1742751132\n|cant|p1a: The Divided God|par\n|move|p2a: Chansey|Seismic Toss|p1a: The Divided God\n|-damage|p1a: The Divided God|8/100 par\n|\n|upkeep\n|turn|63\n|\n|t:|1742751133\n|switch|p2a: Tauros|Tauros|100/100\n|move|p1a: The Divided God|Recover|p1a: The Divided God\n|-heal|p1a: The Divided God|57/100 par\n|\n|upkeep\n|turn|64\n|\n|t:|1742751137\n|move|p2a: Tauros|Hyper Beam|p1a: The Divided God\n|-crit|p1a: The Divided God\n|-damage|p1a: The Divided God|0 fnt\n|faint|p1a: The Divided God\n|c|☆shiloh|gg\n|-message|shiloh forfeited.\n|\n|win|I ❤️ SZA\n","uploadtime":1742751145,"views":"2133","formatid":"gen1ou","rating":null,"private":0,"password":null}