{"id":"smogtours-gen1ou-814955","format":"[Gen 1] OU","players":["Sceptross","Prinz"],"log":"|inactive|Battle timer is ON: inactive players will automatically lose when time's up.\n|t:|1737297661\n|gametype|singles\n|player|p1|Sceptross|norman|\n|player|p2|Prinz|ethan|\n|teamsize|p1|6\n|teamsize|p2|6\n|gen|1\n|tier|[Gen 1] OU\n|rule|Desync Clause Mod: Desyncs changed to move failure.\n|rule|Sleep Clause Mod: Limit one foe put to sleep\n|rule|Freeze Clause Mod: Limit one foe frozen\n|rule|Species Clause: Limit one of each Pokémon\n|rule|OHKO Clause: OHKO moves are banned\n|rule|Evasion Moves Clause: Evasion moves are banned\n|rule|Endless Battle Clause: Forcing endless battles is banned\n|rule|HP Percentage Mod: HP is shown in percentages\n|\n|t:|1737297661\n|start\n|switch|p1a: Starmie|Starmie|100/100\n|switch|p2a: Starmie|Starmie|100/100\n|turn|1\n|c|☆Sceptross|gl hf\n|c|☆Prinz|u2\n|\n|t:|1737297677\n|switch|p2a: Exeggutor|Exeggutor|100/100\n|switch|p1a: Chansey|Chansey|100/100\n|\n|upkeep\n|turn|2\n|\n|t:|1737297685\n|move|p2a: Exeggutor|Sleep Powder|p1a: Chansey\n|-status|p1a: Chansey|slp|[from] move: Sleep Powder\n|cant|p1a: Chansey|slp\n|\n|upkeep\n|turn|3\n|\n|t:|1737297697\n|switch|p1a: Exeggutor|Exeggutor|100/100\n|move|p2a: Exeggutor|Psychic|p1a: Exeggutor\n|-resisted|p1a: Exeggutor\n|-damage|p1a: Exeggutor|88/100\n|-unboost|p1a: Exeggutor|spa|1\n|-unboost|p1a: Exeggutor|spd|1\n|\n|upkeep\n|turn|4\n|\n|t:|1737297709\n|move|p1a: Exeggutor|Sleep Powder|p2a: Exeggutor\n|-status|p2a: Exeggutor|slp|[from] move: Sleep Powder\n|cant|p2a: Exeggutor|slp\n|\n|upkeep\n|turn|5\n|\n|t:|1737297719\n|switch|p2a: Chansey|Chansey|100/100\n|switch|p1a: Tauros|Tauros|100/100\n|\n|upkeep\n|turn|6\n|\n|t:|1737297736\n|switch|p1a: Chansey|Chansey|100/100 slp\n|move|p2a: Chansey|Thunder Wave|p1a: Chansey\n|-fail|p1a: Chansey\n|\n|upkeep\n|turn|7\n|rated|Smogon Premier League\n|\n|t:|1737297753\n|move|p2a: Chansey|Ice Beam|p1a: Chansey\n|-damage|p1a: Chansey|91/100 slp\n|cant|p1a: Chansey|slp\n|\n|upkeep\n|turn|8\n|inactive|Sceptross has 270 seconds left.\n|\n|t:|1737297799\n|switch|p2a: Tauros|Tauros|100/100\n|-curestatus|p1a: Chansey|slp|[msg]\n|\n|upkeep\n|turn|9\n|\n|t:|1737297803\n|switch|p2a: Chansey|Chansey|100/100\n|move|p1a: Chansey|Thunder Wave|p2a: Chansey\n|-status|p2a: Chansey|par\n|\n|upkeep\n|turn|10\n|inactive|Sceptross has 270 seconds left.\n|\n|t:|1737297825\n|move|p1a: Chansey|Seismic Toss|p2a: Chansey\n|-damage|p2a: Chansey|86/100 par\n|move|p2a: Chansey|Sing|p1a: Chansey\n|-status|p1a: Chansey|slp|[from] move: Sing\n|\n|upkeep\n|turn|11\n|\n|t:|1737297832\n|switch|p1a: Snorlax|Snorlax|100/100\n|switch|p2a: Snorlax|Snorlax|100/100\n|\n|upkeep\n|turn|12\n|c|+eq enrique|bom dia abejas BluBirD Bleach DeepBlueC Enzonana Fogbound Lake HANTSUKI Herv The One hyogafodex Kushalos lighthouses mako pais Piyush21 Santu Separation TMTito Tony UltiNooba19 Vileman yovan\n|\n|t:|1737297843\n|move|p2a: Snorlax|Body Slam|p1a: Snorlax\n|-damage|p1a: Snorlax|74/100\n|move|p1a: Snorlax|Body Slam|p2a: Snorlax\n|-damage|p2a: Snorlax|74/100\n|\n|upkeep\n|turn|13\n|\n|t:|1737297847\n|move|p2a: Snorlax|Reflect|p2a: Snorlax\n|-start|p2a: Snorlax|Reflect\n|move|p1a: Snorlax|Reflect|p1a: Snorlax\n|-start|p1a: Snorlax|Reflect\n|\n|upkeep\n|turn|14\n|c|+hyogafodex|oi\n|\n|t:|1737297854\n|move|p1a: Snorlax|Body Slam|p2a: Snorlax\n|-damage|p2a: Snorlax|61/100\n|move|p2a: Snorlax|Body Slam|p1a: Snorlax\n|-damage|p1a: Snorlax|60/100\n|\n|upkeep\n|turn|15\n|\n|t:|1737297873\n|move|p1a: Snorlax|Rest|p1a: Snorlax\n|-status|p1a: Snorlax|slp|[from] move: Rest\n|-heal|p1a: Snorlax|100/100 slp|[silent]\n|move|p2a: Snorlax|Body Slam|p1a: Snorlax\n|-damage|p1a: Snorlax|87/100 slp\n|\n|upkeep\n|turn|16\n|\n|t:|1737297876\n|move|p2a: Snorlax|Body Slam|p1a: Snorlax\n|-damage|p1a: Snorlax|74/100 slp\n|cant|p1a: Snorlax|slp\n|\n|upkeep\n|turn|17\n|\n|t:|1737297885\n|move|p2a: Snorlax|Body Slam|p1a: Snorlax\n|-damage|p1a: Snorlax|60/100 slp\n|-curestatus|p1a: Snorlax|slp|[msg]\n|\n|upkeep\n|turn|18\n|\n|t:|1737297889\n|move|p2a: Snorlax|Rest|p2a: Snorlax\n|-status|p2a: Snorlax|slp|[from] move: Rest\n|-heal|p2a: Snorlax|100/100 slp|[silent]\n|move|p1a: Snorlax|Body Slam|p2a: Snorlax\n|-damage|p2a: Snorlax|86/100 slp\n|\n|upkeep\n|turn|19\n|\n|t:|1737297894\n|move|p1a: Snorlax|Body Slam|p2a: Snorlax\n|-damage|p2a: Snorlax|73/100 slp\n|cant|p2a: Snorlax|slp\n|\n|upkeep\n|turn|20\n|\n|t:|1737297896\n|move|p1a: Snorlax|Body Slam|p2a: Snorlax\n|-damage|p2a: Snorlax|59/100 slp\n|-curestatus|p2a: Snorlax|slp|[msg]\n|\n|upkeep\n|turn|21\n|inactive|Sceptross has 270 seconds left.\n|\n|t:|1737297938\n|move|p2a: Snorlax|Body Slam|p1a: Snorlax\n|-damage|p1a: Snorlax|46/100\n|move|p1a: Snorlax|Body Slam|p2a: Snorlax\n|-damage|p2a: Snorlax|45/100\n|\n|upkeep\n|turn|22\n|raw|<div class=\"broadcast-red\"><strong>Moderated chat was set to ☆!</strong><br />Only users of rank ☆ and higher can talk.</div>\n|\n|t:|1737297952\n|switch|p1a: Starmie|Starmie|100/100\n|move|p2a: Snorlax|Rest|p2a: Snorlax\n|-status|p2a: Snorlax|slp|[from] move: Rest\n|-heal|p2a: Snorlax|100/100 slp|[silent]\n|\n|upkeep\n|turn|23\n|\n|t:|1737297963\n|switch|p2a: Chansey|Chansey|86/100 par\n|move|p1a: Starmie|Psychic|p2a: Chansey\n|-crit|p2a: Chansey\n|-damage|p2a: Chansey|60/100 par\n|\n|upkeep\n|turn|24\n|inactive|Sceptross has 270 seconds left.\n|inactive|Sceptross has 240 seconds left.\n|\n|t:|1737297999\n|switch|p1a: Snorlax|Snorlax|46/100\n|cant|p2a: Chansey|par\n|\n|upkeep\n|turn|25\n|\n|t:|1737298007\n|switch|p2a: Snorlax|Snorlax|100/100 slp\n|move|p1a: Snorlax|Body Slam|p2a: Snorlax\n|-damage|p2a: Snorlax|76/100 slp\n|\n|upkeep\n|turn|26\n|\n|t:|1737298011\n|move|p1a: Snorlax|Body Slam|p2a: Snorlax\n|-damage|p2a: Snorlax|48/100 slp\n|cant|p2a: Snorlax|slp\n|\n|upkeep\n|turn|27\n|\n|t:|1737298017\n|switch|p2a: Starmie|Starmie|100/100\n|move|p1a: Snorlax|Body Slam|p2a: Starmie\n|-damage|p2a: Starmie|64/100\n|-status|p2a: Starmie|par\n|\n|upkeep\n|turn|28\n|\n|t:|1737298032\n|move|p1a: Snorlax|Body Slam|p2a: Starmie\n|-damage|p2a: Starmie|27/100 par\n|cant|p2a: Starmie|par\n|\n|upkeep\n|turn|29\n|inactive|Prinz has 270 seconds left.\n|\n|t:|1737298060\n|move|p1a: Snorlax|Body Slam|p2a: Starmie\n|-damage|p2a: Starmie|0 fnt\n|faint|p2a: Starmie\n|\n|t:|1737298063\n|switch|p2a: Tauros|Tauros|100/100\n|turn|30\n|inactive|Prinz has 270 seconds left.\n|\n|t:|1737298087\n|move|p2a: Tauros|Body Slam|p1a: Snorlax\n|-damage|p1a: Snorlax|22/100\n|move|p1a: Snorlax|Self-Destruct|p2a: Tauros|[miss]\n|-miss|p1a: Snorlax\n|-hint|In Gen 1, moves with 100% accuracy can still miss 1/256 of the time.\n|faint|p1a: Snorlax\n|inactive|Sceptross has 270 seconds left.\n|inactive|Sceptross has 240 seconds left.\n|\n|t:|1737298139\n|switch|p1a: Starmie|Starmie|100/100\n|turn|31\n|\n|t:|1737298148\n|switch|p1a: Tauros|Tauros|100/100\n|switch|p2a: Chansey|Chansey|60/100 par\n|\n|upkeep\n|turn|32\n|inactive|Sceptross has 240 seconds left.\n|inactive|Prinz has 270 seconds left.\n|\n|t:|1737298179\n|switch|p2a: Zapdos|Zapdos|100/100\n|move|p1a: Tauros|Body Slam|p2a: Zapdos\n|-damage|p2a: Zapdos|70/100\n|\n|upkeep\n|turn|33\n|inactive|Prinz has 270 seconds left.\n|inactive|Sceptross has 210 seconds left.\n|inactive|Sceptross has 180 seconds left.\n|\n|t:|1737298236\n|switch|p1a: Rhydon|Rhydon|100/100\n|move|p2a: Zapdos|Thunder Wave|p1a: Rhydon\n|-immune|p1a: Rhydon\n|\n|upkeep\n|turn|34\n|inactive|Sceptross has 180 seconds left.\n|\n|t:|1737298251\n|switch|p2a: Exeggutor|Exeggutor|100/100 slp\n|move|p1a: Rhydon|Earthquake|p2a: Exeggutor\n|-resisted|p2a: Exeggutor\n|-damage|p2a: Exeggutor|80/100 slp\n|\n|upkeep\n|turn|35\n|\n|t:|1737298258\n|cant|p2a: Exeggutor|slp\n|move|p1a: Rhydon|Rock Slide|p2a: Exeggutor\n|-crit|p2a: Exeggutor\n|-damage|p2a: Exeggutor|26/100 slp\n|\n|upkeep\n|turn|36\n|\n|t:|1737298262\n|cant|p2a: Exeggutor|slp\n|move|p1a: Rhydon|Rock Slide|p2a: Exeggutor\n|-damage|p2a: Exeggutor|0 fnt\n|faint|p2a: Exeggutor\n|\n|t:|1737298265\n|switch|p2a: Tauros|Tauros|100/100\n|turn|37\n|\n|t:|1737298278\n|switch|p1a: Starmie|Starmie|100/100\n|move|p2a: Tauros|Body Slam|p1a: Starmie\n|-damage|p1a: Starmie|68/100\n|\n|upkeep\n|turn|38\n|\n|t:|1737298286\n|switch|p2a: Chansey|Chansey|60/100 par\n|move|p1a: Starmie|Psychic|p2a: Chansey\n|-damage|p2a: Chansey|45/100 par\n|-unboost|p2a: Chansey|spa|1\n|-unboost|p2a: Chansey|spd|1\n|\n|upkeep\n|turn|39\n|inactive|Sceptross has 210 seconds left.\n|\n|t:|1737298307\n|switch|p1a: Rhydon|Rhydon|100/100\n|move|p2a: Chansey|Soft-Boiled|p2a: Chansey\n|-heal|p2a: Chansey|95/100 par\n|\n|upkeep\n|turn|40\n|\n|t:|1737298312\n|move|p1a: Rhydon|Earthquake|p2a: Chansey\n|-crit|p2a: Chansey\n|-damage|p2a: Chansey|0 fnt\n|faint|p2a: Chansey\n|\n|t:|1737298316\n|switch|p2a: Tauros|Tauros|100/100\n|turn|41\n|inactive|Sceptross has 210 seconds left.\n|\n|t:|1737298348\n|switch|p1a: Chansey|Chansey|91/100 slp\n|move|p2a: Tauros|Blizzard|p1a: Chansey\n|-damage|p1a: Chansey|80/100 slp\n|\n|upkeep\n|turn|42\n|\n|t:|1737298361\n|switch|p1a: Exeggutor|Exeggutor|88/100\n|move|p2a: Tauros|Body Slam|p1a: Exeggutor\n|-damage|p1a: Exeggutor|61/100\n|\n|upkeep\n|turn|43\n|\n|t:|1737298374\n|move|p2a: Tauros|Blizzard|p1a: Exeggutor\n|-supereffective|p1a: Exeggutor\n|-damage|p1a: Exeggutor|29/100\n|move|p1a: Exeggutor|Psychic|p2a: Tauros\n|-damage|p2a: Tauros|56/100\n|\n|upkeep\n|turn|44\n|\n|t:|1737298387\n|move|p2a: Tauros|Blizzard|p1a: Exeggutor\n|-crit|p1a: Exeggutor\n|-supereffective|p1a: Exeggutor\n|-damage|p1a: Exeggutor|0 fnt\n|faint|p1a: Exeggutor\n|inactive|Sceptross has 180 seconds left.\n|\n|t:|1737298426\n|switch|p1a: Tauros|Tauros|100/100\n|turn|45\n|\n|t:|1737298434\n|move|p2a: Tauros|Blizzard|p1a: Tauros\n|-damage|p1a: Tauros|74/100\n|-status|p1a: Tauros|frz\n|cant|p1a: Tauros|frz\n|\n|upkeep\n|turn|46\n|\n|t:|1737298445\n|switch|p1a: Chansey|Chansey|80/100 slp\n|move|p2a: Tauros|Body Slam|p1a: Chansey\n|-damage|p1a: Chansey|43/100 slp\n|\n|upkeep\n|turn|47\n|\n|t:|1737298450\n|switch|p2a: Snorlax|Snorlax|48/100 slp\n|cant|p1a: Chansey|slp\n|\n|upkeep\n|turn|48\n|\n|t:|1737298456\n|switch|p1a: Rhydon|Rhydon|100/100\n|-curestatus|p2a: Snorlax|slp|[msg]\n|\n|upkeep\n|turn|49\n|inactive|Prinz has 270 seconds left.\n|\n|t:|1737298490\n|switch|p2a: Zapdos|Zapdos|70/100\n|move|p1a: Rhydon|Earthquake|p2a: Zapdos\n|-immune|p2a: Zapdos\n|\n|upkeep\n|turn|50\n|inactive|Sceptross has 210 seconds left.\n|inactive|Prinz has 270 seconds left.\n|\n|t:|1737298503\n|switch|p2a: Tauros|Tauros|56/100\n|move|p1a: Rhydon|Rock Slide|p2a: Tauros\n|-damage|p2a: Tauros|26/100\n|\n|upkeep\n|turn|51\n|inactive|Sceptross has 210 seconds left.\n|inactive|Prinz has 270 seconds left.\n|inactive|Prinz has 240 seconds left.\n|\n|t:|1737298573\n|switch|p1a: Chansey|Chansey|43/100 slp\n|move|p2a: Tauros|Body Slam|p1a: Chansey\n|-damage|p1a: Chansey|2/100 slp\n|\n|upkeep\n|turn|52\n|\n|t:|1737298583\n|switch|p2a: Snorlax|Snorlax|48/100\n|cant|p1a: Chansey|slp\n|\n|upkeep\n|turn|53\n|\n|t:|1737298592\n|switch|p1a: Rhydon|Rhydon|100/100\n|move|p2a: Snorlax|Reflect|p2a: Snorlax\n|-start|p2a: Snorlax|Reflect\n|\n|upkeep\n|turn|54\n|\n|t:|1737298609\n|move|p1a: Rhydon|Earthquake|p2a: Snorlax\n|-damage|p2a: Snorlax|31/100\n|move|p2a: Snorlax|Body Slam|p1a: Rhydon\n|-resisted|p1a: Rhydon\n|-damage|p1a: Rhydon|90/100\n|-status|p1a: Rhydon|par\n|\n|upkeep\n|turn|55\n|\n|t:|1737298624\n|move|p2a: Snorlax|Body Slam|p1a: Rhydon\n|-resisted|p1a: Rhydon\n|-damage|p1a: Rhydon|79/100 par\n|move|p1a: Rhydon|Earthquake|p2a: Snorlax\n|-damage|p2a: Snorlax|14/100\n|\n|upkeep\n|turn|56\n|\n|t:|1737298642\n|switch|p1a: Starmie|Starmie|68/100\n|move|p2a: Snorlax|Self-Destruct|p1a: Starmie\n|-damage|p1a: Starmie|0 fnt\n|faint|p1a: Starmie\n|faint|p2a: Snorlax\n|\n|t:|1737298660\n|switch|p1a: Rhydon|Rhydon|79/100 par\n|switch|p2a: Tauros|Tauros|26/100\n|turn|57\n|\n|t:|1737298666\n|move|p2a: Tauros|Blizzard|p1a: Rhydon\n|-crit|p1a: Rhydon\n|-supereffective|p1a: Rhydon\n|-damage|p1a: Rhydon|0 fnt\n|faint|p1a: Rhydon\n|\n|t:|1737298670\n|switch|p1a: Chansey|Chansey|2/100 slp\n|turn|58\n|\n|t:|1737298672\n|move|p2a: Tauros|Body Slam|p1a: Chansey\n|-damage|p1a: Chansey|0 fnt\n|faint|p1a: Chansey\n|\n|t:|1737298673\n|switch|p1a: Tauros|Tauros|74/100 frz\n|turn|59\n|\n|t:|1737298674\n|cant|p1a: Tauros|frz\n|move|p2a: Tauros|Body Slam|p1a: Tauros\n|-damage|p1a: Tauros|47/100 frz\n|\n|upkeep\n|turn|60\n|\n|t:|1737298677\n|cant|p1a: Tauros|frz\n|move|p2a: Tauros|Body Slam|p1a: Tauros\n|-damage|p1a: Tauros|18/100 frz\n|\n|upkeep\n|turn|61\n|\n|t:|1737298679\n|move|p2a: Tauros|Body Slam|p1a: Tauros\n|-damage|p1a: Tauros|0 fnt\n|faint|p1a: Tauros\n|\n|win|Prinz\n|c|☆Sceptross|ggs\n|c|☆Prinz|main character plot armor level\n|c|☆Prinz|i guess\n|player|p2|\n","uploadtime":1737298679,"views":"3176","formatid":"gen1ou","rating":null,"private":0,"password":null}