{"id":"smogtours-gen1ou-960330","format":"[Gen 1] OU","players":["marcoasd","Soda Krys"],"log":"|inactive|Battle timer is ON: inactive players will automatically lose when time's up.\n|t:|1785446999\n|gametype|singles\n|player|p1|marcoasd|2|\n|player|p2|Soda Krys|gwynn|\n|gen|1\n|tier|[Gen 1] OU\n|rule|Desync Clause Mod: Desyncs resolve to link battle behavior from the acting player's perspective.\n|rule|HP Percentage Mod: HP is shown in percentages\n|rule|Endless Battle Clause: Forcing endless battles is banned\n|rule|Sleep Clause Mod: Limit one foe put to sleep\n|rule|Freeze Clause Mod: Limit one foe frozen\n|rule|Species Clause: Limit one of each Pokémon\n|rule|OHKO Clause: OHKO moves are banned\n|rule|Evasion Moves Clause: Evasion moves are banned\n|\n|t:|1785446999\n|teamsize|p1|6\n|teamsize|p2|6\n|start\n|switch|p1a: Starmie|Starmie|100/100\n|switch|p2a: Jolteon|Jolteon|100/100\n|turn|1\n|inactive|marcoasd has 270 seconds left.\n|\n|t:|1785447037\n|switch|p1a: Chansey|Chansey|100/100\n|move|p2a: Jolteon|Thunder Wave|p1a: Chansey\n|-status|p1a: Chansey|par\n|\n|upkeep\n|turn|2\n|\n|t:|1785447049\n|switch|p1a: Exeggutor|Exeggutor|100/100\n|move|p2a: Jolteon|Double Kick|p1a: Exeggutor\n|-crit|p1a: Exeggutor\n|-resisted|p1a: Exeggutor\n|-damage|p1a: Exeggutor|96/100\n|-damage|p1a: Exeggutor|91/100\n|-hitcount|p1a: Exeggutor|2\n|\n|upkeep\n|turn|3\n|\n|t:|1785447051\n|move|p2a: Jolteon|Thunder Wave|p1a: Exeggutor\n|-status|p1a: Exeggutor|par\n|cant|p1a: Exeggutor|par\n|\n|upkeep\n|turn|4\n|\n|t:|1785447056\n|move|p2a: Jolteon|Pin Missile|p1a: Exeggutor\n|-supereffective|p1a: Exeggutor\n|-damage|p1a: Exeggutor|81/100 par\n|-damage|p1a: Exeggutor|70/100 par\n|-damage|p1a: Exeggutor|59/100 par\n|-hitcount|p1a: Exeggutor|3\n|move|p1a: Exeggutor|Sleep Powder|p2a: Jolteon\n|-status|p2a: Jolteon|slp|[from] move: Sleep Powder\n|\n|upkeep\n|turn|5\n|\n|t:|1785447066\n|cant|p2a: Jolteon|slp\n|move|p1a: Exeggutor|Psychic|p2a: Jolteon\n|-damage|p2a: Jolteon|66/100 slp\n|\n|upkeep\n|turn|6\n|\n|t:|1785447071\n|switch|p2a: Zapdos|Zapdos|100/100\n|cant|p1a: Exeggutor|par\n|\n|upkeep\n|turn|7\n|\n|t:|1785447076\n|switch|p1a: Snorlax|Snorlax|100/100\n|move|p2a: Zapdos|Drill Peck|p1a: Snorlax\n|-damage|p1a: Snorlax|79/100\n|\n|upkeep\n|turn|8\n|\n|t:|1785447080\n|move|p2a: Zapdos|Thunder Wave|p1a: Snorlax\n|-status|p1a: Snorlax|par\n|move|p1a: Snorlax|Body Slam|p2a: Zapdos\n|-damage|p2a: Zapdos|69/100\n|-status|p2a: Zapdos|par\n|\n|upkeep\n|turn|9\n|\n|t:|1785447101\n|switch|p2a: Snorlax|Snorlax|100/100\n|switch|p1a: Alakazam|Alakazam|100/100\n|\n|upkeep\n|turn|10\n|\n|t:|1785447113\n|move|p1a: Alakazam|Thunder Wave|p2a: Snorlax\n|-status|p2a: Snorlax|par\n|move|p2a: Snorlax|Body Slam|p1a: Alakazam\n|-damage|p1a: Alakazam|46/100\n|\n|upkeep\n|turn|11\n|\n|t:|1785447123\n|move|p1a: Alakazam|Reflect|p1a: Alakazam\n|-start|p1a: Alakazam|Reflect\n|move|p2a: Snorlax|Body Slam|p1a: Alakazam\n|-damage|p1a: Alakazam|18/100\n|\n|upkeep\n|turn|12\n|\n|t:|1785447130\n|move|p1a: Alakazam|Recover|p1a: Alakazam\n|-heal|p1a: Alakazam|68/100\n|move|p2a: Snorlax|Body Slam|p1a: Alakazam\n|-damage|p1a: Alakazam|39/100\n|\n|upkeep\n|turn|13\n|\n|t:|1785447140\n|move|p1a: Alakazam|Recover|p1a: Alakazam\n|-heal|p1a: Alakazam|89/100\n|move|p2a: Snorlax|Body Slam|p1a: Alakazam\n|-damage|p1a: Alakazam|64/100\n|-status|p1a: Alakazam|par\n|\n|upkeep\n|turn|14\n|\n|t:|1785447147\n|move|p1a: Alakazam|Psychic|p2a: Snorlax\n|-damage|p2a: Snorlax|68/100 par\n|-unboost|p2a: Snorlax|spa|1\n|-unboost|p2a: Snorlax|spd|1\n|move|p2a: Snorlax|Body Slam|p1a: Alakazam\n|-damage|p1a: Alakazam|38/100 par\n|\n|upkeep\n|turn|15\n|\n|t:|1785447156\n|switch|p2a: Exeggutor|Exeggutor|100/100\n|move|p1a: Alakazam|Recover|p1a: Alakazam\n|-heal|p1a: Alakazam|88/100 par\n|\n|upkeep\n|turn|16\n|\n|t:|1785447166\n|move|p2a: Exeggutor|Psychic|p1a: Alakazam\n|-resisted|p1a: Alakazam\n|-damage|p1a: Alakazam|73/100 par\n|-unboost|p1a: Alakazam|spa|1\n|-unboost|p1a: Alakazam|spd|1\n|move|p1a: Alakazam|Thunder Wave|p2a: Exeggutor\n|-status|p2a: Exeggutor|par\n|\n|upkeep\n|turn|17\n|\n|t:|1785447175\n|switch|p2a: Snorlax|Snorlax|68/100 par\n|move|p1a: Alakazam|Recover|p1a: Alakazam\n|-heal|p1a: Alakazam|100/100 par\n|\n|upkeep\n|turn|18\n|\n|t:|1785447188\n|move|p2a: Snorlax|Body Slam|p1a: Alakazam\n|-damage|p1a: Alakazam|73/100 par\n|cant|p1a: Alakazam|par\n|\n|upkeep\n|turn|19\n|\n|t:|1785447193\n|move|p2a: Snorlax|Body Slam|p1a: Alakazam\n|-damage|p1a: Alakazam|47/100 par\n|move|p1a: Alakazam|Recover|p1a: Alakazam\n|-heal|p1a: Alakazam|96/100 par\n|\n|upkeep\n|turn|20\n|\n|t:|1785447199\n|cant|p2a: Snorlax|par\n|cant|p1a: Alakazam|par\n|\n|upkeep\n|turn|21\n|\n|t:|1785447201\n|move|p2a: Snorlax|Body Slam|p1a: Alakazam\n|-damage|p1a: Alakazam|71/100 par\n|move|p1a: Alakazam|Psychic|p2a: Snorlax\n|-damage|p2a: Snorlax|48/100 par\n|-unboost|p2a: Snorlax|spa|1\n|-unboost|p2a: Snorlax|spd|1\n|\n|upkeep\n|turn|22\n|\n|t:|1785447211\n|cant|p1a: Alakazam|par\n|cant|p2a: Snorlax|par\n|\n|upkeep\n|turn|23\n|\n|t:|1785447214\n|move|p1a: Alakazam|Psychic|p2a: Snorlax\n|-damage|p2a: Snorlax|17/100 par\n|move|p2a: Snorlax|Body Slam|p1a: Alakazam\n|-damage|p1a: Alakazam|45/100 par\n|\n|upkeep\n|turn|24\n|\n|t:|1785447222\n|move|p1a: Alakazam|Psychic|p2a: Snorlax\n|-damage|p2a: Snorlax|0 fnt\n|faint|p2a: Snorlax\n|\n|t:|1785447224\n|switch|p2a: Tauros|Tauros|100/100\n|turn|25\n|inactive|marcoasd has 270 seconds left.\n|\n|t:|1785447283\n|move|p2a: Tauros|Hyper Beam|p1a: Alakazam\n|-damage|p1a: Alakazam|0 fnt\n|faint|p1a: Alakazam\n|inactive|marcoasd has 240 seconds left.\n|\n|t:|1785447303\n|switch|p1a: Starmie|Starmie|100/100\n|turn|26\n|\n|t:|1785447308\n|switch|p2a: Starmie|Starmie|100/100\n|move|p1a: Starmie|Blizzard|p2a: Starmie|[miss]\n|-miss|p1a: Starmie\n|\n|upkeep\n|turn|27\n|\n|t:|1785447313\n|switch|p1a: Chansey|Chansey|100/100 par\n|move|p2a: Starmie|Thunder Wave|p1a: Chansey\n|-fail|p1a: Chansey|par\n|\n|upkeep\n|turn|28\n|\n|t:|1785447317\n|switch|p2a: Zapdos|Zapdos|69/100 par\n|move|p1a: Chansey|Reflect|p1a: Chansey\n|-start|p1a: Chansey|Reflect\n|\n|upkeep\n|turn|29\n|\n|t:|1785447322\n|cant|p2a: Zapdos|par\n|move|p1a: Chansey|Seismic Toss|p2a: Zapdos\n|-damage|p2a: Zapdos|43/100 par\n|\n|upkeep\n|turn|30\n|\n|t:|1785447325\n|move|p2a: Zapdos|Drill Peck|p1a: Chansey\n|-damage|p1a: Chansey|84/100 par\n|move|p1a: Chansey|Seismic Toss|p2a: Zapdos\n|-damage|p2a: Zapdos|16/100 par\n|\n|upkeep\n|turn|31\n|\n|t:|1785447328\n|cant|p2a: Zapdos|par\n|move|p1a: Chansey|Seismic Toss|p2a: Zapdos\n|-damage|p2a: Zapdos|0 fnt\n|faint|p2a: Zapdos\n|\n|t:|1785447330\n|switch|p2a: Tauros|Tauros|100/100\n|turn|32\n|\n|t:|1785447332\n|move|p2a: Tauros|Hyper Beam|p1a: Chansey\n|-damage|p1a: Chansey|48/100 par\n|-mustrecharge|p2a: Tauros\n|move|p1a: Chansey|Thunder Wave|p2a: Tauros\n|-status|p2a: Tauros|par\n|\n|upkeep\n|turn|33\n|\n|t:|1785447344\n|cant|p2a: Tauros|recharge\n|move|p1a: Chansey|Soft-Boiled|p1a: Chansey\n|-heal|p1a: Chansey|98/100 par\n|\n|upkeep\n|turn|34\n|inactive|marcoasd has 270 seconds left.\n|\n|t:|1785447376\n|switch|p1a: Snorlax|Snorlax|79/100 par\n|move|p2a: Tauros|Hyper Beam|p1a: Snorlax\n|-damage|p1a: Snorlax|36/100 par\n|-mustrecharge|p2a: Tauros\n|\n|upkeep\n|turn|35\n|\n|t:|1785447384\n|cant|p2a: Tauros|recharge\n|cant|p1a: Snorlax|par\n|\n|upkeep\n|turn|36\n|\n|t:|1785447395\n|cant|p2a: Tauros|par\n|move|p1a: Snorlax|Rest|p1a: Snorlax\n|-status|p1a: Snorlax|slp|[from] move: Rest\n|-heal|p1a: Snorlax|100/100 slp|[silent]\n|\n|upkeep\n|turn|37\n|\n|t:|1785447397\n|move|p2a: Tauros|Body Slam|p1a: Snorlax\n|-damage|p1a: Snorlax|74/100 slp\n|cant|p1a: Snorlax|slp\n|\n|upkeep\n|turn|38\n|\n|t:|1785447399\n|move|p2a: Tauros|Body Slam|p1a: Snorlax\n|-damage|p1a: Snorlax|48/100 slp\n|-curestatus|p1a: Snorlax|slp|[msg]\n|\n|upkeep\n|turn|39\n|\n|t:|1785447422\n|move|p2a: Tauros|Blizzard|p1a: Snorlax\n|-damage|p1a: Snorlax|30/100\n|move|p1a: Snorlax|Body Slam|p2a: Tauros\n|-damage|p2a: Tauros|68/100 par\n|\n|upkeep\n|turn|40\n|\n|t:|1785447431\n|switch|p1a: Starmie|Starmie|100/100\n|move|p2a: Tauros|Body Slam|p1a: Starmie\n|-crit|p1a: Starmie\n|-damage|p1a: Starmie|35/100\n|\n|upkeep\n|turn|41\n|\n|t:|1785447437\n|move|p1a: Starmie|Recover|p1a: Starmie\n|-heal|p1a: Starmie|85/100\n|move|p2a: Tauros|Body Slam|p1a: Starmie\n|-crit|p1a: Starmie\n|-damage|p1a: Starmie|22/100\n|\n|upkeep\n|turn|42\n|\n|t:|1785447447\n|move|p1a: Starmie|Recover|p1a: Starmie\n|-heal|p1a: Starmie|72/100\n|move|p2a: Tauros|Body Slam|p1a: Starmie\n|-damage|p1a: Starmie|36/100\n|\n|upkeep\n|turn|43\n|\n|t:|1785447453\n|move|p1a: Starmie|Recover|p1a: Starmie\n|-heal|p1a: Starmie|86/100\n|move|p2a: Tauros|Body Slam|p1a: Starmie\n|-damage|p1a: Starmie|51/100\n|\n|upkeep\n|turn|44\n|\n|t:|1785447461\n|switch|p2a: Starmie|Starmie|100/100\n|move|p1a: Starmie|Psychic|p2a: Starmie\n|-crit|p2a: Starmie\n|-resisted|p2a: Starmie\n|-damage|p2a: Starmie|70/100\n|\n|upkeep\n|turn|45\n|\n|t:|1785447469\n|switch|p2a: Tauros|Tauros|68/100 par\n|switch|p1a: Chansey|Chansey|98/100 par\n|\n|upkeep\n|turn|46\n|\n|t:|1785447478\n|switch|p1a: Snorlax|Snorlax|30/100\n|move|p2a: Tauros|Body Slam|p1a: Snorlax\n|-damage|p1a: Snorlax|3/100\n|\n|upkeep\n|turn|47\n|\n|t:|1785447485\n|switch|p2a: Jolteon|Jolteon|66/100 slp\n|move|p1a: Snorlax|Body Slam|p2a: Jolteon\n|-damage|p2a: Jolteon|25/100 slp\n|\n|upkeep\n|turn|48\n|\n|t:|1785447496\n|switch|p2a: Starmie|Starmie|70/100\n|move|p1a: Snorlax|Body Slam|p2a: Starmie\n|-damage|p2a: Starmie|36/100\n|\n|upkeep\n|turn|49\n|\n|t:|1785447504\n|switch|p1a: Chansey|Chansey|98/100 par\n|move|p2a: Starmie|Recover|p2a: Starmie\n|-heal|p2a: Starmie|86/100\n|\n|upkeep\n|turn|50\n|\n|t:|1785447516\n|switch|p2a: Tauros|Tauros|68/100 par\n|cant|p1a: Chansey|par\n|\n|upkeep\n|turn|51\n|inactive|marcoasd has 270 seconds left.\n|inactive|marcoasd has 240 seconds left.\n|\n|t:|1785447604\n|switch|p1a: Tauros|Tauros|100/100\n|cant|p2a: Tauros|par\n|\n|upkeep\n|turn|52\n|\n|t:|1785447609\n|move|p1a: Tauros|Body Slam|p2a: Tauros\n|-damage|p2a: Tauros|38/100 par\n|move|p2a: Tauros|Blizzard|p1a: Tauros\n|-damage|p1a: Tauros|74/100\n|\n|upkeep\n|turn|53\n|-message|Soda Krys forfeited.\n|\n|win|marcoasd\n|c|☆Soda Krys|gg\n|player|p2|\n|c|☆marcoasd|gg\n","uploadtime":1785447620,"views":"89","formatid":"gen1ou","rating":null,"private":0,"password":null}