{"id":"smogtours-gen1ou-957303","format":"[Gen 1] OU","players":["Unowndragon","Serpi n_n"],"log":"|inactive|Battle timer is ON: inactive players will automatically lose when time's up.\n|t:|1784456245\n|gametype|singles\n|player|p1|Unowndragon|#uplximelmetal|\n|player|p2|Serpi n_n|#rbywc2023|\n|gen|1\n|tier|[Gen 1] OU\n|rule|Desync Clause Mod: Desyncs resolve to link battle behavior from the acting player's perspective.\n|rule|HP Percentage Mod: HP is shown in percentages\n|rule|Endless Battle Clause: Forcing endless battles is banned\n|rule|Sleep Clause Mod: Limit one foe put to sleep\n|rule|Freeze Clause Mod: Limit one foe frozen\n|rule|Species Clause: Limit one of each Pokémon\n|rule|OHKO Clause: OHKO moves are banned\n|rule|Evasion Moves Clause: Evasion moves are banned\n|\n|t:|1784456245\n|teamsize|p1|6\n|teamsize|p2|6\n|start\n|switch|p1a: Tauros|Tauros|100/100\n|switch|p2a: Alakazam|Alakazam|100/100\n|turn|1\n|c|☆Serpi n_n|hf\n|c|☆Unowndragon|u2\n|\n|t:|1784456258\n|switch|p1a: Chansey|Chansey|100/100\n|move|p2a: Alakazam|Thunder Wave|p1a: Chansey\n|-status|p1a: Chansey|par\n|\n|upkeep\n|turn|2\n|\n|t:|1784456262\n|move|p2a: Alakazam|Psychic|p1a: Chansey\n|-crit|p1a: Chansey\n|-damage|p1a: Chansey|66/100 par\n|-unboost|p1a: Chansey|spa|1\n|-unboost|p1a: Chansey|spd|1\n|move|p1a: Chansey|Sing|p2a: Alakazam\n|-status|p2a: Alakazam|slp|[from] move: Sing\n|\n|upkeep\n|turn|3\n|\n|t:|1784456277\n|switch|p2a: Exeggutor|Exeggutor|100/100\n|switch|p1a: Venusaur|Venusaur|100/100\n|\n|upkeep\n|turn|4\n|\n|t:|1784456290\n|switch|p1a: Chansey|Chansey|66/100 par\n|move|p2a: Exeggutor|Sleep Powder|p1a: Chansey\n|-fail|p1a: Chansey\n|\n|upkeep\n|turn|5\n|\n|t:|1784456295\n|move|p2a: Exeggutor|Psychic|p1a: Chansey\n|-damage|p1a: Chansey|51/100 par\n|-unboost|p1a: Chansey|spa|1\n|-unboost|p1a: Chansey|spd|1\n|move|p1a: Chansey|Thunder Wave|p2a: Exeggutor\n|-status|p2a: Exeggutor|par\n|\n|upkeep\n|turn|6\n|\n|t:|1784456299\n|move|p2a: Exeggutor|Psychic|p1a: Chansey\n|-damage|p1a: Chansey|24/100 par\n|move|p1a: Chansey|Soft-Boiled|p1a: Chansey\n|-heal|p1a: Chansey|74/100 par\n|\n|upkeep\n|turn|7\n|\n|t:|1784456304\n|cant|p2a: Exeggutor|par\n|move|p1a: Chansey|Seismic Toss|p2a: Exeggutor\n|-damage|p2a: Exeggutor|75/100 par\n|\n|upkeep\n|turn|8\n|\n|t:|1784456310\n|cant|p2a: Exeggutor|par\n|cant|p1a: Chansey|par\n|\n|upkeep\n|turn|9\n|\n|t:|1784456313\n|move|p2a: Exeggutor|Psychic|p1a: Chansey\n|-damage|p1a: Chansey|48/100 par\n|-unboost|p1a: Chansey|spa|1\n|-unboost|p1a: Chansey|spd|1\n|move|p1a: Chansey|Seismic Toss|p2a: Exeggutor\n|-damage|p2a: Exeggutor|50/100 par\n|\n|upkeep\n|turn|10\n|\n|t:|1784456317\n|move|p2a: Exeggutor|Psychic|p1a: Chansey\n|-damage|p1a: Chansey|11/100 par\n|move|p1a: Chansey|Soft-Boiled|p1a: Chansey\n|-heal|p1a: Chansey|61/100 par\n|\n|upkeep\n|turn|11\n|\n|t:|1784456324\n|move|p2a: Exeggutor|Psychic|p1a: Chansey\n|-damage|p1a: Chansey|28/100 par\n|move|p1a: Chansey|Soft-Boiled|p1a: Chansey\n|-heal|p1a: Chansey|78/100 par\n|\n|upkeep\n|turn|12\n|\n|t:|1784456348\n|switch|p1a: Starmie|Starmie|100/100\n|move|p2a: Exeggutor|Psychic|p1a: Starmie\n|-resisted|p1a: Starmie\n|-damage|p1a: Starmie|81/100\n|\n|upkeep\n|turn|13\n|\n|t:|1784456368\n|switch|p2a: Lapras|Lapras|100/100\n|move|p1a: Starmie|Blizzard|p2a: Lapras\n|-resisted|p2a: Lapras\n|-damage|p2a: Lapras|95/100\n|\n|upkeep\n|turn|14\n|\n|t:|1784456387\n|switch|p1a: Chansey|Chansey|78/100 par\n|switch|p2a: Exeggutor|Exeggutor|50/100 par\n|\n|upkeep\n|turn|15\n|inactive|Unowndragon has 270 seconds left.\n|\n|t:|1784456422\n|switch|p1a: Starmie|Starmie|81/100\n|move|p2a: Exeggutor|Sleep Powder|p1a: Starmie\n|-status|p1a: Starmie|slp|[from] move: Sleep Powder\n|\n|upkeep\n|turn|16\n|inactive|Serpi n_n has 270 seconds left.\n|\n|t:|1784456447\n|switch|p2a: Snorlax|Snorlax|100/100\n|cant|p1a: Starmie|slp\n|\n|upkeep\n|turn|17\n|\n|t:|1784456453\n|switch|p1a: Snorlax|Snorlax|100/100\n|move|p2a: Snorlax|Body Slam|p1a: Snorlax\n|-damage|p1a: Snorlax|72/100\n|\n|upkeep\n|turn|18\n|\n|t:|1784456462\n|move|p1a: Snorlax|Body Slam|p2a: Snorlax\n|-damage|p2a: Snorlax|73/100\n|move|p2a: Snorlax|Body Slam|p1a: Snorlax\n|-damage|p1a: Snorlax|45/100\n|\n|upkeep\n|turn|19\n|\n|t:|1784456471\n|move|p2a: Snorlax|Reflect|p2a: Snorlax\n|-start|p2a: Snorlax|Reflect\n|move|p1a: Snorlax|Counter|p2a: Snorlax\n|-fail|p1a: Snorlax\n|\n|upkeep\n|turn|20\n|\n|t:|1784456486\n|switch|p2a: Lapras|Lapras|95/100\n|move|p1a: Snorlax|Self-Destruct|p2a: Lapras\n|-damage|p2a: Lapras|14/100\n|faint|p1a: Snorlax\n|\n|t:|1784456491\n|switch|p1a: Venusaur|Venusaur|100/100\n|turn|21\n|\n|t:|1784456508\n|switch|p2a: Exeggutor|Exeggutor|50/100 par\n|move|p1a: Venusaur|Swords Dance|p1a: Venusaur\n|-boost|p1a: Venusaur|atk|2\n|\n|upkeep\n|turn|22\n|\n|t:|1784456526\n|switch|p2a: Starmie|Starmie|100/100\n|move|p1a: Venusaur|Hyper Beam|p2a: Starmie\n|-damage|p2a: Starmie|34/100\n|-mustrecharge|p1a: Venusaur\n|\n|upkeep\n|turn|23\n|\n|t:|1784456531\n|move|p2a: Starmie|Thunder Wave|p1a: Venusaur\n|-status|p1a: Venusaur|par\n|cant|p1a: Venusaur|recharge\n|\n|upkeep\n|turn|24\n|\n|t:|1784456556\n|switch|p2a: Exeggutor|Exeggutor|50/100 par\n|move|p1a: Venusaur|Razor Leaf|p2a: Exeggutor|[miss]\n|-miss|p1a: Venusaur\n|\n|upkeep\n|turn|25\n|inactive|Serpi n_n has 270 seconds left.\n|\n|t:|1784456595\n|move|p1a: Venusaur|Hyper Beam|p2a: Exeggutor|[miss]\n|-miss|p1a: Venusaur\n|move|p2a: Exeggutor|Psychic|p1a: Venusaur\n|-supereffective|p1a: Venusaur\n|-damage|p1a: Venusaur|27/100 par\n|-unboost|p1a: Venusaur|spa|1\n|-unboost|p1a: Venusaur|spd|1\n|\n|upkeep\n|turn|26\n|\n|t:|1784456600\n|move|p2a: Exeggutor|Psychic|p1a: Venusaur\n|-supereffective|p1a: Venusaur\n|-damage|p1a: Venusaur|0 fnt\n|faint|p1a: Venusaur\n|\n|t:|1784456604\n|switch|p1a: Tauros|Tauros|100/100\n|turn|27\n|inactive|Serpi n_n has 270 seconds left.\n|\n|t:|1784456622\n|move|p1a: Tauros|Hyper Beam|p2a: Exeggutor\n|-damage|p2a: Exeggutor|2/100 par\n|-mustrecharge|p1a: Tauros\n|move|p2a: Exeggutor|Explosion|p1a: Tauros\n|-damage|p1a: Tauros|23/100\n|faint|p2a: Exeggutor\n|\n|t:|1784456637\n|switch|p2a: Snorlax|Snorlax|73/100\n|turn|28\n|\n|t:|1784456641\n|cant|p1a: Tauros|recharge\n|move|p2a: Snorlax|Body Slam|p1a: Tauros\n|-crit|p1a: Tauros\n|-damage|p1a: Tauros|0 fnt\n|faint|p1a: Tauros\n|\n|t:|1784456653\n|switch|p1a: Sandslash|Sandslash|100/100\n|turn|29\n|inactive|Serpi n_n has 270 seconds left.\n|inactive|Serpi n_n has 240 seconds left.\n|\n|t:|1784456698\n|move|p1a: Sandslash|Swords Dance|p1a: Sandslash\n|-boost|p1a: Sandslash|atk|2\n|move|p2a: Snorlax|Body Slam|p1a: Sandslash\n|-damage|p1a: Sandslash|74/100\n|\n|upkeep\n|turn|30\n|inactive|Serpi n_n has 240 seconds left.\n|\n|t:|1784456722\n|switch|p2a: Lapras|Lapras|14/100\n|move|p1a: Sandslash|Earthquake|p2a: Lapras\n|-damage|p2a: Lapras|0 fnt\n|faint|p2a: Lapras\n|\n|t:|1784456727\n|switch|p2a: Starmie|Starmie|34/100\n|turn|31\n|\n|t:|1784456741\n|move|p2a: Starmie|Surf|p1a: Sandslash\n|-supereffective|p1a: Sandslash\n|-damage|p1a: Sandslash|0 fnt\n|faint|p1a: Sandslash\n|c|☆Unowndragon|gg\n|-message|Unowndragon forfeited.\n|\n|win|Serpi n_n\n","uploadtime":1784456751,"views":"77","formatid":"gen1ou","rating":null,"private":0,"password":null}