{"id":"smogtours-gen1ou-957136","format":"[Gen 1] OU","players":["Ct0wn","1000papercranes"],"log":"|inactive|Battle timer is ON: inactive players will automatically lose when time's up.\n|t:|1784413035\n|gametype|singles\n|player|p1|Ct0wn|battlegirl-gen4|\n|player|p2|1000papercranes|psychic-gen1rb|\n|gen|1\n|tier|[Gen 1] OU\n|rule|Desync Clause Mod: Desyncs resolve to link battle behavior from the acting player's perspective.\n|rule|HP Percentage Mod: HP is shown in percentages\n|rule|Endless Battle Clause: Forcing endless battles is banned\n|rule|Sleep Clause Mod: Limit one foe put to sleep\n|rule|Freeze Clause Mod: Limit one foe frozen\n|rule|Species Clause: Limit one of each Pokémon\n|rule|OHKO Clause: OHKO moves are banned\n|rule|Evasion Moves Clause: Evasion moves are banned\n|\n|t:|1784413035\n|teamsize|p1|6\n|teamsize|p2|6\n|start\n|switch|p1a: Gengar|Gengar|100/100\n|switch|p2a: Gengar|Gengar|100/100\n|turn|1\n|c|☆Ct0wn|Hf\n|c|☆1000papercranes|Hf\n|inactive|1000papercranes has 270 seconds left.\n|c|☆Ct0wn|Garby \n|\n|t:|1784413072\n|switch|p2a: Jynx|Jynx|100/100\n|move|p1a: Gengar|Hypnosis|p2a: Jynx|[miss]\n|-miss|p1a: Gengar\n|\n|upkeep\n|turn|2\n|\n|t:|1784413077\n|move|p1a: Gengar|Hypnosis|p2a: Jynx\n|-status|p2a: Jynx|slp|[from] move: Hypnosis\n|cant|p2a: Jynx|slp\n|\n|upkeep\n|turn|3\n|\n|t:|1784413080\n|switch|p2a: Exeggutor|Exeggutor|100/100\n|move|p1a: Gengar|Night Shade|p2a: Exeggutor\n|-damage|p2a: Exeggutor|75/100\n|\n|upkeep\n|turn|4\n|\n|t:|1784413088\n|move|p1a: Gengar|Night Shade|p2a: Exeggutor\n|-damage|p2a: Exeggutor|50/100\n|move|p2a: Exeggutor|Psychic|p1a: Gengar\n|-supereffective|p1a: Gengar\n|-damage|p1a: Gengar|38/100\n|\n|upkeep\n|turn|5\n|\n|t:|1784413092\n|switch|p2a: Gengar|Gengar|100/100\n|move|p1a: Gengar|Night Shade|p2a: Gengar\n|-damage|p2a: Gengar|70/100\n|\n|upkeep\n|turn|6\n|\n|t:|1784413099\n|move|p2a: Gengar|Thunderbolt|p1a: Gengar\n|-damage|p1a: Gengar|16/100\n|-status|p1a: Gengar|par\n|move|p1a: Gengar|Night Shade|p2a: Gengar\n|-damage|p2a: Gengar|39/100\n|\n|upkeep\n|turn|7\n|\n|t:|1784413105\n|switch|p1a: Alakazam|Alakazam|100/100\n|move|p2a: Gengar|Night Shade|p1a: Alakazam\n|-damage|p1a: Alakazam|69/100\n|\n|upkeep\n|turn|8\n|\n|t:|1784413108\n|switch|p2a: Jynx|Jynx|100/100 slp\n|move|p1a: Alakazam|Psychic|p2a: Jynx\n|-resisted|p2a: Jynx\n|-damage|p2a: Jynx|82/100 slp\n|\n|upkeep\n|turn|9\n|\n|t:|1784413110\n|move|p1a: Alakazam|Seismic Toss|p2a: Jynx\n|-damage|p2a: Jynx|52/100 slp\n|cant|p2a: Jynx|slp\n|\n|upkeep\n|turn|10\n|\n|t:|1784413114\n|switch|p2a: Snorlax|Snorlax|100/100\n|move|p1a: Alakazam|Psychic|p2a: Snorlax\n|-crit|p2a: Snorlax\n|-damage|p2a: Snorlax|35/100\n|\n|upkeep\n|turn|11\n|\n|t:|1784413121\n|switch|p1a: Gengar|Gengar|16/100 par\n|switch|p2a: Exeggutor|Exeggutor|50/100\n|\n|upkeep\n|turn|12\n|\n|t:|1784413124\n|move|p2a: Exeggutor|Sleep Powder|p1a: Gengar|[miss]\n|-miss|p2a: Exeggutor\n|move|p1a: Gengar|Explosion|p2a: Exeggutor\n|-damage|p2a: Exeggutor|0 fnt\n|faint|p2a: Exeggutor\n|faint|p1a: Gengar\n|\n|t:|1784413135\n|switch|p2a: Snorlax|Snorlax|35/100\n|switch|p1a: Alakazam|Alakazam|69/100\n|turn|13\n|\n|t:|1784413144\n|switch|p1a: Cloyster|Cloyster|100/100\n|move|p2a: Snorlax|Self-Destruct|p1a: Cloyster\n|-damage|p1a: Cloyster|28/100\n|faint|p2a: Snorlax\n|\n|t:|1784413146\n|switch|p2a: Gengar|Gengar|39/100\n|turn|14\n|\n|t:|1784413149\n|move|p2a: Gengar|Hypnosis|p1a: Cloyster\n|-status|p1a: Cloyster|slp|[from] move: Hypnosis\n|cant|p1a: Cloyster|slp\n|\n|upkeep\n|turn|15\n|\n|t:|1784413153\n|move|p2a: Gengar|Night Shade|p1a: Cloyster\n|-damage|p1a: Cloyster|0 fnt\n|faint|p1a: Cloyster\n|\n|t:|1784413155\n|switch|p1a: Alakazam|Alakazam|69/100\n|turn|16\n|\n|t:|1784413158\n|switch|p2a: Jynx|Jynx|52/100 slp\n|move|p1a: Alakazam|Psychic|p2a: Jynx\n|-resisted|p2a: Jynx\n|-damage|p2a: Jynx|31/100 slp\n|\n|upkeep\n|turn|17\n|\n|t:|1784413160\n|move|p1a: Alakazam|Seismic Toss|p2a: Jynx\n|-damage|p2a: Jynx|0 fnt\n|faint|p2a: Jynx\n|\n|t:|1784413165\n|switch|p2a: Tauros|Tauros|100/100\n|turn|18\n|\n|t:|1784413170\n|move|p1a: Alakazam|Thunder Wave|p2a: Tauros\n|-status|p2a: Tauros|par\n|cant|p2a: Tauros|par\n|\n|upkeep\n|turn|19\n|\n|t:|1784413176\n|move|p1a: Alakazam|Psychic|p2a: Tauros\n|-damage|p2a: Tauros|52/100 par\n|-unboost|p2a: Tauros|spa|1\n|-unboost|p2a: Tauros|spd|1\n|move|p2a: Tauros|Body Slam|p1a: Alakazam\n|-damage|p1a: Alakazam|19/100\n|\n|upkeep\n|turn|20\n|\n|t:|1784413181\n|move|p1a: Alakazam|Psychic|p2a: Tauros\n|-damage|p2a: Tauros|0 fnt\n|faint|p2a: Tauros\n|\n|t:|1784413183\n|switch|p2a: Zapdos|Zapdos|100/100\n|turn|21\n|\n|t:|1784413195\n|switch|p1a: Zapdos|Zapdos|100/100\n|move|p2a: Zapdos|Drill Peck|p1a: Zapdos\n|-resisted|p1a: Zapdos\n|-damage|p1a: Zapdos|88/100\n|\n|upkeep\n|turn|22\n|\n|t:|1784413210\n|move|p1a: Zapdos|Thunder Wave|p2a: Zapdos\n|-status|p2a: Zapdos|par\n|move|p2a: Zapdos|Thunder Wave|p1a: Zapdos\n|-status|p1a: Zapdos|par\n|\n|upkeep\n|turn|23\n|\n|t:|1784413220\n|cant|p1a: Zapdos|par\n|move|p2a: Zapdos|Agility|p2a: Zapdos\n|-boost|p2a: Zapdos|spe|2\n|\n|upkeep\n|turn|24\n|\n|t:|1784413222\n|move|p2a: Zapdos|Thunderbolt|p1a: Zapdos\n|-damage|p1a: Zapdos|61/100 par\n|move|p1a: Zapdos|Thunderbolt|p2a: Zapdos\n|-crit|p2a: Zapdos\n|-damage|p2a: Zapdos|41/100 par\n|\n|upkeep\n|turn|25\n|\n|t:|1784413225\n|cant|p2a: Zapdos|par\n|move|p1a: Zapdos|Agility|p1a: Zapdos\n|-boost|p1a: Zapdos|spe|2\n|\n|upkeep\n|turn|26\n|\n|t:|1784413228\n|move|p1a: Zapdos|Thunderbolt|p2a: Zapdos|[miss]\n|-miss|p1a: Zapdos\n|-hint|In Gen 1, moves with 100% accuracy can still miss 1/256 of the time.\n|cant|p2a: Zapdos|par\n|\n|upkeep\n|turn|27\n|\n|t:|1784413231\n|cant|p1a: Zapdos|par\n|cant|p2a: Zapdos|par\n|\n|upkeep\n|turn|28\n|\n|t:|1784413233\n|cant|p1a: Zapdos|par\n|cant|p2a: Zapdos|par\n|\n|upkeep\n|turn|29\n|\n|t:|1784413235\n|move|p1a: Zapdos|Thunderbolt|p2a: Zapdos\n|-damage|p2a: Zapdos|13/100 par\n|move|p2a: Zapdos|Agility|p2a: Zapdos\n|-boost|p2a: Zapdos|spe|2\n|\n|upkeep\n|turn|30\n|\n|t:|1784413239\n|move|p2a: Zapdos|Thunderbolt|p1a: Zapdos\n|-crit|p1a: Zapdos\n|-damage|p1a: Zapdos|3/100 par\n|move|p1a: Zapdos|Agility|p1a: Zapdos\n|-boost|p1a: Zapdos|spe|2\n|\n|upkeep\n|turn|31\n|\n|t:|1784413243\n|cant|p1a: Zapdos|par\n|cant|p2a: Zapdos|par\n|\n|upkeep\n|turn|32\n|\n|t:|1784413245\n|move|p1a: Zapdos|Thunderbolt|p2a: Zapdos\n|-crit|p2a: Zapdos\n|-damage|p2a: Zapdos|0 fnt\n|faint|p2a: Zapdos\n|\n|t:|1784413247\n|switch|p2a: Gengar|Gengar|39/100\n|turn|33\n|\n|t:|1784413248\n|move|p1a: Zapdos|Thunderbolt|p2a: Gengar\n|-crit|p2a: Gengar\n|-damage|p2a: Gengar|0 fnt\n|faint|p2a: Gengar\n|\n|win|Ct0wn\n|c|☆1000papercranes|Gg\n|c|☆Ct0wn|Gg\n|player|p1|\n","uploadtime":1784413248,"views":"85","formatid":"gen1ou","rating":null,"private":0,"password":null}