{"id":"smogtours-gen1ou-968634","format":"[Gen 1] OU","players":["Amaranth","wooooo rby"],"log":"|inactive|Battle timer is ON: inactive players will automatically lose when time's up.\n|t:|1788617255\n|gametype|singles\n|player|p1|Amaranth|#amaranth|\n|player|p2|wooooo rby|lucas|\n|gen|1\n|tier|[Gen 1] OU\n|rule|Desync Clause Mod: Desyncs resolve to link battle behavior from the acting player's perspective.\n|rule|HP Percentage Mod: HP is shown in percentages\n|rule|Endless Battle Clause: Forcing endless battles is banned\n|rule|Sleep Clause Mod: Limit one foe put to sleep\n|rule|Freeze Clause Mod: Limit one foe frozen\n|rule|Species Clause: Limit one of each Pokémon\n|rule|OHKO Clause: OHKO moves are banned\n|rule|Evasion Moves Clause: Evasion moves are banned\n|\n|t:|1788617255\n|teamsize|p1|6\n|teamsize|p2|6\n|start\n|switch|p1a: Alakazam|Alakazam|100/100\n|switch|p2a: Jynx|Jynx|100/100\n|turn|1\n|c|☆Amaranth|glhf\n|c|☆wooooo rby|hf\n|\n|t:|1788617281\n|move|p1a: Alakazam|Thunder Wave|p2a: Jynx\n|-status|p2a: Jynx|par\n|cant|p2a: Jynx|par\n|\n|upkeep\n|turn|2\n|\n|t:|1788617285\n|move|p1a: Alakazam|Seismic Toss|p2a: Jynx\n|-damage|p2a: Jynx|70/100 par\n|move|p2a: Jynx|Lovely Kiss|p1a: Alakazam\n|-status|p1a: Alakazam|slp|[from] move: Lovely Kiss\n|\n|upkeep\n|turn|3\n|\n|t:|1788617292\n|switch|p1a: Chansey|Chansey|100/100\n|cant|p2a: Jynx|par\n|\n|upkeep\n|turn|4\n|\n|t:|1788617295\n|move|p1a: Chansey|Seismic Toss|p2a: Jynx\n|-damage|p2a: Jynx|40/100 par\n|move|p2a: Jynx|Rest|p2a: Jynx\n|-status|p2a: Jynx|slp|[from] move: Rest\n|-heal|p2a: Jynx|100/100 slp|[silent]\n|\n|upkeep\n|turn|5\n|\n|t:|1788617298\n|move|p1a: Chansey|Seismic Toss|p2a: Jynx\n|-damage|p2a: Jynx|70/100 slp\n|cant|p2a: Jynx|slp\n|\n|upkeep\n|turn|6\n|\n|t:|1788617300\n|move|p1a: Chansey|Seismic Toss|p2a: Jynx\n|-damage|p2a: Jynx|40/100 slp\n|-curestatus|p2a: Jynx|slp|[msg]\n|\n|upkeep\n|turn|7\n|\n|t:|1788617302\n|move|p1a: Chansey|Seismic Toss|p2a: Jynx\n|-damage|p2a: Jynx|10/100\n|move|p2a: Jynx|Rest|p2a: Jynx\n|-status|p2a: Jynx|slp|[from] move: Rest\n|-heal|p2a: Jynx|100/100 slp|[silent]\n|\n|upkeep\n|turn|8\n|\n|t:|1788617304\n|move|p1a: Chansey|Seismic Toss|p2a: Jynx\n|-damage|p2a: Jynx|70/100 slp\n|cant|p2a: Jynx|slp\n|\n|upkeep\n|turn|9\n|\n|t:|1788617306\n|move|p1a: Chansey|Seismic Toss|p2a: Jynx\n|-damage|p2a: Jynx|40/100 slp\n|-curestatus|p2a: Jynx|slp|[msg]\n|\n|upkeep\n|turn|10\n|\n|t:|1788617309\n|switch|p1a: Tauros|Tauros|100/100\n|move|p2a: Jynx|Rest|p2a: Jynx\n|-status|p2a: Jynx|slp|[from] move: Rest\n|-heal|p2a: Jynx|100/100 slp|[silent]\n|\n|upkeep\n|turn|11\n|\n|t:|1788617311\n|switch|p2a: Snorlax|Snorlax|100/100\n|move|p1a: Tauros|Body Slam|p2a: Snorlax\n|-damage|p2a: Snorlax|74/100\n|\n|upkeep\n|turn|12\n|\n|t:|1788617314\n|move|p1a: Tauros|Blizzard|p2a: Snorlax\n|-crit|p2a: Snorlax\n|-damage|p2a: Snorlax|39/100\n|move|p2a: Snorlax|Body Slam|p1a: Tauros\n|-damage|p1a: Tauros|70/100\n|\n|upkeep\n|turn|13\n|\n|t:|1788617322\n|switch|p2a: Cloyster|Cloyster|100/100\n|move|p1a: Tauros|Hyper Beam|p2a: Cloyster|[miss]\n|-miss|p1a: Tauros\n|\n|upkeep\n|turn|14\n|\n|t:|1788617328\n|switch|p1a: Starmie|Starmie|100/100\n|move|p2a: Cloyster|Blizzard|p1a: Starmie\n|-resisted|p1a: Starmie\n|-damage|p1a: Starmie|80/100\n|\n|upkeep\n|turn|15\n|\n|t:|1788617334\n|switch|p1a: Chansey|Chansey|100/100\n|switch|p2a: Alakazam|Alakazam|100/100\n|\n|upkeep\n|turn|16\n|\n|t:|1788617337\n|move|p2a: Alakazam|Thunder Wave|p1a: Chansey\n|-status|p1a: Chansey|par\n|move|p1a: Chansey|Sing|p2a: Alakazam|[miss]\n|-miss|p1a: Chansey\n|\n|upkeep\n|turn|17\n|\n|t:|1788617341\n|switch|p2a: Snorlax|Snorlax|39/100\n|cant|p1a: Chansey|par\n|\n|upkeep\n|turn|18\n|\n|t:|1788617352\n|switch|p1a: Snorlax|Snorlax|100/100\n|move|p2a: Snorlax|Earthquake|p1a: Snorlax\n|-damage|p1a: Snorlax|79/100\n|\n|upkeep\n|turn|19\n|\n|t:|1788617359\n|switch|p2a: Cloyster|Cloyster|100/100\n|move|p1a: Snorlax|Body Slam|p2a: Cloyster\n|-damage|p2a: Cloyster|79/100\n|\n|upkeep\n|turn|20\n|\n|t:|1788617366\n|switch|p1a: Chansey|Chansey|100/100 par\n|move|p2a: Cloyster|Blizzard|p1a: Chansey\n|-damage|p1a: Chansey|84/100 par\n|\n|upkeep\n|turn|21\n|\n|t:|1788617372\n|switch|p1a: Alakazam|Alakazam|100/100 slp\n|move|p2a: Cloyster|Clamp|p1a: Alakazam|[miss]\n|-miss|p2a: Cloyster\n|\n|upkeep\n|turn|22\n|\n|t:|1788617383\n|switch|p1a: Starmie|Starmie|80/100\n|move|p2a: Cloyster|Blizzard|p1a: Starmie|[miss]\n|-miss|p2a: Cloyster\n|\n|upkeep\n|turn|23\n|\n|t:|1788617389\n|switch|p2a: Alakazam|Alakazam|100/100\n|move|p1a: Starmie|Surf|p2a: Alakazam\n|-damage|p2a: Alakazam|71/100\n|\n|upkeep\n|turn|24\n|\n|t:|1788617394\n|switch|p1a: Chansey|Chansey|84/100 par\n|move|p2a: Alakazam|Psychic|p1a: Chansey\n|-damage|p1a: Chansey|65/100 par\n|-unboost|p1a: Chansey|spa|1\n|-unboost|p1a: Chansey|spd|1\n|\n|upkeep\n|turn|25\n|\n|t:|1788617400\n|move|p2a: Alakazam|Psychic|p1a: Chansey\n|-damage|p1a: Chansey|38/100 par\n|move|p1a: Chansey|Sing|p2a: Alakazam|[miss]\n|-miss|p1a: Chansey\n|\n|upkeep\n|turn|26\n|\n|t:|1788617403\n|move|p2a: Alakazam|Psychic|p1a: Chansey\n|-damage|p1a: Chansey|12/100 par\n|cant|p1a: Chansey|par\n|\n|upkeep\n|turn|27\n|c|☆Amaranth|woooooo rby\n|\n|t:|1788617425\n|move|p2a: Alakazam|Seismic Toss|p1a: Chansey\n|-damage|p1a: Chansey|0 fnt\n|faint|p1a: Chansey\n|\n|t:|1788617427\n|switch|p1a: Snorlax|Snorlax|79/100\n|turn|28\n|\n|t:|1788617435\n|switch|p2a: Cloyster|Cloyster|79/100\n|move|p1a: Snorlax|Body Slam|p2a: Cloyster\n|-damage|p2a: Cloyster|54/100\n|-status|p2a: Cloyster|par\n|\n|upkeep\n|turn|29\n|inactive|Amaranth has 270 seconds left.\n|\n|t:|1788617472\n|move|p1a: Snorlax|Reflect|p1a: Snorlax\n|-start|p1a: Snorlax|Reflect\n|move|p2a: Cloyster|Explosion|p1a: Snorlax\n|-damage|p1a: Snorlax|44/100\n|faint|p2a: Cloyster\n|\n|t:|1788617487\n|switch|p2a: Alakazam|Alakazam|71/100\n|turn|30\n|inactive|wooooo rby has 270 seconds left.\n|\n|t:|1788617502\n|move|p2a: Alakazam|Recover|p2a: Alakazam\n|-heal|p2a: Alakazam|100/100\n|move|p1a: Snorlax|Hyper Beam|p2a: Alakazam\n|-damage|p2a: Alakazam|8/100\n|-mustrecharge|p1a: Snorlax\n|\n|upkeep\n|turn|31\n|\n|t:|1788617508\n|move|p2a: Alakazam|Psychic|p1a: Snorlax\n|-damage|p1a: Snorlax|12/100\n|-unboost|p1a: Snorlax|spa|1\n|-unboost|p1a: Snorlax|spd|1\n|cant|p1a: Snorlax|recharge\n|\n|upkeep\n|turn|32\n|\n|t:|1788617523\n|switch|p1a: Starmie|Starmie|80/100\n|move|p2a: Alakazam|Seismic Toss|p1a: Starmie\n|-damage|p1a: Starmie|49/100\n|\n|upkeep\n|turn|33\n|\n|t:|1788617532\n|move|p2a: Alakazam|Thunder Wave|p1a: Starmie\n|-status|p1a: Starmie|par\n|move|p1a: Starmie|Thunder Wave|p2a: Alakazam\n|-status|p2a: Alakazam|par\n|\n|upkeep\n|turn|34\n|\n|t:|1788617545\n|cant|p2a: Alakazam|par\n|move|p1a: Starmie|Recover|p1a: Starmie\n|-heal|p1a: Starmie|99/100 par\n|\n|upkeep\n|turn|35\n|\n|t:|1788617549\n|switch|p1a: Snorlax|Snorlax|12/100\n|move|p2a: Alakazam|Recover|p2a: Alakazam\n|-heal|p2a: Alakazam|58/100 par\n|\n|upkeep\n|turn|36\n|\n|t:|1788617563\n|switch|p2a: Jynx|Jynx|100/100 slp\n|move|p1a: Snorlax|Hyper Beam|p2a: Jynx\n|-damage|p2a: Jynx|9/100 slp\n|-mustrecharge|p1a: Snorlax\n|\n|upkeep\n|turn|37\n|\n|t:|1788617569\n|switch|p2a: Tauros|Tauros|100/100\n|cant|p1a: Snorlax|recharge\n|\n|upkeep\n|turn|38\n|\n|t:|1788617599\n|switch|p1a: Alakazam|Alakazam|100/100 slp\n|move|p2a: Tauros|Body Slam|p1a: Alakazam\n|-damage|p1a: Alakazam|53/100 slp\n|\n|upkeep\n|turn|39\n|\n|t:|1788617604\n|cant|p1a: Alakazam|slp\n|move|p2a: Tauros|Body Slam|p1a: Alakazam\n|-damage|p1a: Alakazam|2/100 slp\n|\n|upkeep\n|turn|40\n|\n|t:|1788617609\n|cant|p1a: Alakazam|slp\n|move|p2a: Tauros|Body Slam|p1a: Alakazam\n|-damage|p1a: Alakazam|0 fnt\n|faint|p1a: Alakazam\n|\n|t:|1788617614\n|switch|p1a: Starmie|Starmie|99/100 par\n|turn|41\n|\n|t:|1788617618\n|switch|p2a: Snorlax|Snorlax|39/100\n|move|p1a: Starmie|Surf|p2a: Snorlax\n|-damage|p2a: Snorlax|9/100\n|\n|upkeep\n|turn|42\n|\n|t:|1788617634\n|move|p2a: Snorlax|Rest|p2a: Snorlax\n|-status|p2a: Snorlax|slp|[from] move: Rest\n|-heal|p2a: Snorlax|100/100 slp|[silent]\n|move|p1a: Starmie|Surf|p2a: Snorlax\n|-crit|p2a: Snorlax\n|-damage|p2a: Snorlax|45/100 slp\n|\n|upkeep\n|turn|43\n|\n|t:|1788617644\n|switch|p1a: Tauros|Tauros|70/100\n|cant|p2a: Snorlax|slp\n|\n|upkeep\n|turn|44\n|\n|t:|1788617651\n|switch|p2a: Jynx|Jynx|9/100 slp\n|move|p1a: Tauros|Body Slam|p2a: Jynx\n|-damage|p2a: Jynx|0 fnt\n|faint|p2a: Jynx\n|\n|t:|1788617656\n|switch|p2a: Tauros|Tauros|100/100\n|turn|45\n|\n|t:|1788617666\n|move|p2a: Tauros|Body Slam|p1a: Tauros\n|-damage|p1a: Tauros|42/100\n|move|p1a: Tauros|Body Slam|p2a: Tauros\n|-damage|p2a: Tauros|74/100\n|\n|upkeep\n|turn|46\n|\n|t:|1788617673\n|switch|p1a: Snorlax|Snorlax|12/100\n|move|p2a: Tauros|Hyper Beam|p1a: Snorlax\n|-damage|p1a: Snorlax|0 fnt\n|faint|p1a: Snorlax\n|\n|t:|1788617702\n|switch|p1a: Starmie|Starmie|99/100 par\n|turn|47\n|\n|t:|1788617713\n|switch|p2a: Alakazam|Alakazam|58/100 par\n|move|p1a: Starmie|Surf|p2a: Alakazam\n|-damage|p2a: Alakazam|30/100 par\n|\n|upkeep\n|turn|48\n|\n|t:|1788617718\n|switch|p1a: Tauros|Tauros|42/100\n|cant|p2a: Alakazam|par\n|\n|upkeep\n|turn|49\n|\n|t:|1788617727\n|switch|p2a: Snorlax|Snorlax|45/100 slp\n|move|p1a: Tauros|Body Slam|p2a: Snorlax\n|-damage|p2a: Snorlax|20/100 slp\n|\n|upkeep\n|turn|50\n|\n|t:|1788617730\n|move|p1a: Tauros|Body Slam|p2a: Snorlax\n|-damage|p2a: Snorlax|0 fnt\n|faint|p2a: Snorlax\n|\n|t:|1788617733\n|switch|p2a: Tauros|Tauros|74/100\n|turn|51\n|inactive|Amaranth has 270 seconds left.\n|\n|t:|1788617778\n|move|p2a: Tauros|Thunderbolt|p1a: Tauros\n|-damage|p1a: Tauros|22/100\n|move|p1a: Tauros|Hyper Beam|p2a: Tauros\n|-damage|p2a: Tauros|25/100\n|-mustrecharge|p1a: Tauros\n|\n|upkeep\n|turn|52\n|\n|t:|1788617785\n|move|p2a: Tauros|Body Slam|p1a: Tauros\n|-crit|p1a: Tauros\n|-damage|p1a: Tauros|0 fnt\n|faint|p1a: Tauros\n|inactive|Amaranth has 270 seconds left.\n|inactive|Amaranth has 240 seconds left.\n|\n|t:|1788617842\n|switch|p1a: Starmie|Starmie|99/100 par\n|turn|53\n|inactive|wooooo rby has 270 seconds left.\n|\n|t:|1788617884\n|switch|p2a: Zapdos|Zapdos|100/100\n|move|p1a: Starmie|Surf|p2a: Zapdos\n|-damage|p2a: Zapdos|74/100\n|\n|upkeep\n|turn|54\n|\n|t:|1788617895\n|move|p2a: Zapdos|Drill Peck|p1a: Starmie\n|-damage|p1a: Starmie|67/100 par\n|cant|p1a: Starmie|par\n|\n|upkeep\n|turn|55\n|inactive|wooooo rby has 270 seconds left.\n|\n|t:|1788617901\n|switch|p2a: Alakazam|Alakazam|30/100 par\n|move|p1a: Starmie|Surf|p2a: Alakazam\n|-damage|p2a: Alakazam|0 fnt\n|faint|p2a: Alakazam\n|inactive|wooooo rby has 270 seconds left.\n|\n|t:|1788617908\n|switch|p2a: Zapdos|Zapdos|74/100\n|turn|56\n|inactive|Amaranth has 240 seconds left.\n|\n|t:|1788617930\n|move|p2a: Zapdos|Thunderbolt|p1a: Starmie\n|-supereffective|p1a: Starmie\n|-damage|p1a: Starmie|0 fnt\n|faint|p1a: Starmie\n|\n|t:|1788617932\n|switch|p1a: Zapdos|Zapdos|100/100\n|turn|57\n|inactive|Amaranth has 240 seconds left.\n|\n|t:|1788617941\n|move|p2a: Zapdos|Thunderbolt|p1a: Zapdos\n|-damage|p1a: Zapdos|73/100\n|move|p1a: Zapdos|Thunderbolt|p2a: Zapdos\n|-damage|p2a: Zapdos|46/100\n|\n|upkeep\n|turn|58\n|\n|t:|1788617947\n|move|p2a: Zapdos|Thunderbolt|p1a: Zapdos\n|-damage|p1a: Zapdos|42/100\n|move|p1a: Zapdos|Thunderbolt|p2a: Zapdos\n|-damage|p2a: Zapdos|16/100\n|\n|upkeep\n|turn|59\n|\n|t:|1788617955\n|move|p2a: Zapdos|Thunder Wave|p1a: Zapdos\n|-status|p1a: Zapdos|par\n|cant|p1a: Zapdos|par\n|\n|upkeep\n|turn|60\n|\n|t:|1788617963\n|move|p2a: Zapdos|Thunderbolt|p1a: Zapdos\n|-damage|p1a: Zapdos|11/100 par\n|move|p1a: Zapdos|Agility|p1a: Zapdos\n|-boost|p1a: Zapdos|spe|2\n|\n|upkeep\n|turn|61\n|\n|t:|1788617966\n|move|p1a: Zapdos|Thunderbolt|p2a: Zapdos\n|-damage|p2a: Zapdos|0 fnt\n|faint|p2a: Zapdos\n|\n|t:|1788617969\n|switch|p2a: Tauros|Tauros|25/100\n|turn|62\n|\n|t:|1788617970\n|move|p1a: Zapdos|Thunderbolt|p2a: Tauros\n|-damage|p2a: Tauros|0 fnt\n|faint|p2a: Tauros\n|\n|win|Amaranth\n|c|☆Amaranth|gg\n|c|☆wooooo rby|gg\n","uploadtime":1788617970,"views":"128","formatid":"gen1ou","rating":null,"private":0,"password":null}