{"id":"smogtours-gen1ou-821244","format":"[Gen 1] OU","players":["Kaz","WarumFelix"],"log":"|inactive|Battle timer is ON: inactive players will automatically lose when time's up.\n|t:|1740233601\n|gametype|singles\n|player|p1|Kaz|#splxviclassiest2|\n|player|p2|WarumFelix|hilbert|\n|teamsize|p1|6\n|teamsize|p2|6\n|gen|1\n|tier|[Gen 1] OU\n|rule|Desync Clause Mod: Desyncs changed to move failure.\n|rule|Sleep Clause Mod: Limit one foe put to sleep\n|rule|Freeze Clause Mod: Limit one foe frozen\n|rule|Species Clause: Limit one of each Pokémon\n|rule|OHKO Clause: OHKO moves are banned\n|rule|Evasion Moves Clause: Evasion moves are banned\n|rule|Endless Battle Clause: Forcing endless battles is banned\n|rule|HP Percentage Mod: HP is shown in percentages\n|\n|t:|1740233601\n|start\n|switch|p1a: Gengar|Gengar|100/100\n|switch|p2a: Starmie|Starmie|100/100\n|turn|1\n|c|☆WarumFelix|glhf\n|c|☆Kaz|you too\n|inactive|WarumFelix has 270 seconds left.\n|\n|t:|1740233633\n|switch|p1a: Starmie|Starmie|100/100\n|move|p2a: Starmie|Psychic|p1a: Starmie\n|-resisted|p1a: Starmie\n|-damage|p1a: Starmie|86/100\n|\n|upkeep\n|turn|2\n|inactive|WarumFelix has 270 seconds left.\n|\n|t:|1740233663\n|move|p2a: Starmie|Blizzard|p1a: Starmie|[miss]\n|-miss|p2a: Starmie\n|move|p1a: Starmie|Blizzard|p2a: Starmie\n|-crit|p2a: Starmie\n|-resisted|p2a: Starmie\n|-damage|p2a: Starmie|70/100\n|\n|upkeep\n|turn|3\n|inactive|WarumFelix has 270 seconds left.\n|inactive|Kaz has 270 seconds left.\n|\n|t:|1740233719\n|switch|p2a: Chansey|Chansey|100/100\n|move|p1a: Starmie|Thunderbolt|p2a: Chansey\n|-damage|p2a: Chansey|90/100\n|\n|upkeep\n|turn|4\n|inactive|WarumFelix has 240 seconds left.\n|inactive|Kaz has 240 seconds left.\n|\n|t:|1740233766\n|switch|p1a: Exeggutor|Exeggutor|100/100\n|move|p2a: Chansey|Thunder Wave|p1a: Exeggutor\n|-status|p1a: Exeggutor|par\n|\n|upkeep\n|turn|5\n|inactive|WarumFelix has 240 seconds left.\n|\n|t:|1740233787\n|move|p2a: Chansey|Seismic Toss|p1a: Exeggutor\n|-damage|p1a: Exeggutor|75/100 par\n|move|p1a: Exeggutor|Sleep Powder|p2a: Chansey\n|-status|p2a: Chansey|slp|[from] move: Sleep Powder\n|\n|upkeep\n|turn|6\n|inactive|Kaz has 210 seconds left.\n|\n|t:|1740233831\n|switch|p2a: Starmie|Starmie|70/100\n|move|p1a: Exeggutor|Stun Spore|p2a: Starmie\n|-status|p2a: Starmie|par\n|\n|upkeep\n|turn|7\n|inactive|WarumFelix has 240 seconds left.\n|inactive|Kaz has 180 seconds left.\n|inactive|WarumFelix has 210 seconds left.\n|inactive|Kaz has 150 seconds left.\n|\n|t:|1740233901\n|switch|p1a: Starmie|Starmie|86/100\n|move|p2a: Starmie|Recover|p2a: Starmie\n|-heal|p2a: Starmie|100/100 par\n|\n|upkeep\n|turn|8\n|\n|t:|1740233921\n|switch|p2a: Chansey|Chansey|90/100 slp\n|move|p1a: Starmie|Thunderbolt|p2a: Chansey\n|-damage|p2a: Chansey|80/100 slp\n|\n|upkeep\n|turn|9\n|inactive|WarumFelix has 180 seconds left.\n|\n|t:|1740233950\n|switch|p1a: Snorlax|Snorlax|100/100\n|cant|p2a: Chansey|slp\n|\n|upkeep\n|turn|10\n|inactive|WarumFelix has 180 seconds left.\n|\n|t:|1740233960\n|switch|p2a: Exeggutor|Exeggutor|100/100\n|move|p1a: Snorlax|Body Slam|p2a: Exeggutor\n|-damage|p2a: Exeggutor|69/100\n|-status|p2a: Exeggutor|par\n|\n|upkeep\n|turn|11\n|inactive|WarumFelix has 180 seconds left.\n|inactive|Kaz has 120 seconds left.\n|\n|t:|1740233988\n|switch|p1a: Exeggutor|Exeggutor|75/100 par\n|move|p2a: Exeggutor|Sleep Powder|p1a: Exeggutor\n|-fail|p1a: Exeggutor\n|\n|upkeep\n|turn|12\n|inactive|Kaz has 120 seconds left.\n|inactive|WarumFelix has 180 seconds left.\n|\n|t:|1740234030\n|switch|p2a: Starmie|Starmie|100/100 par\n|move|p1a: Exeggutor|Psychic|p2a: Starmie\n|-resisted|p2a: Starmie\n|-damage|p2a: Starmie|81/100 par\n|\n|upkeep\n|turn|13\n|inactive|Kaz has 90 seconds left.\n|\n|t:|1740234063\n|switch|p1a: Starmie|Starmie|86/100\n|move|p2a: Starmie|Thunder Wave|p1a: Starmie\n|-status|p1a: Starmie|par\n|\n|upkeep\n|turn|14\n|inactive|WarumFelix has 150 seconds left.\n|rated|Smogon Premier League\n|\n|t:|1740234110\n|switch|p1a: Snorlax|Snorlax|100/100\n|switch|p2a: Chansey|Chansey|80/100 slp\n|\n|upkeep\n|turn|15\n|inactive|WarumFelix has 120 seconds left.\n|\n|t:|1740234138\n|switch|p2a: Snorlax|Snorlax|100/100\n|move|p1a: Snorlax|Body Slam|p2a: Snorlax\n|-damage|p2a: Snorlax|73/100\n|\n|upkeep\n|turn|16\n|\n|t:|1740234148\n|move|p1a: Snorlax|Earthquake|p2a: Snorlax\n|-crit|p2a: Snorlax\n|-damage|p2a: Snorlax|30/100\n|move|p2a: Snorlax|Body Slam|p1a: Snorlax\n|-damage|p1a: Snorlax|72/100\n|\n|upkeep\n|turn|17\n|inactive|Kaz has 90 seconds left.\n|inactive|Kaz has 60 seconds left.\n|inactive|WarumFelix has 90 seconds left.\n|\n|t:|1740234210\n|move|p2a: Snorlax|Earthquake|p1a: Snorlax\n|-damage|p1a: Snorlax|52/100\n|move|p1a: Snorlax|Hyper Beam|p2a: Snorlax\n|-damage|p2a: Snorlax|0 fnt\n|faint|p2a: Snorlax\n|\n|t:|1740234227\n|switch|p2a: Tauros|Tauros|100/100\n|turn|18\n|inactive|Kaz has 30 seconds left.\n|inactive|WarumFelix has 60 seconds left.\n|\n|t:|1740234256\n|move|p2a: Tauros|Blizzard|p1a: Snorlax\n|-damage|p1a: Snorlax|34/100\n|move|p1a: Snorlax|Self-Destruct|p2a: Tauros\n|-crit|p2a: Tauros\n|-damage|p2a: Tauros|0 fnt\n|faint|p2a: Tauros\n|faint|p1a: Snorlax\n|inactive|Kaz has 30 seconds left.\n|\n|t:|1740234270\n|switch|p2a: Exeggutor|Exeggutor|69/100 par\n|switch|p1a: Tauros|Tauros|100/100\n|turn|19\n|\n|t:|1740234278\n|switch|p1a: Exeggutor|Exeggutor|75/100 par\n|switch|p2a: Zapdos|Zapdos|100/100\n|\n|upkeep\n|turn|20\n|\n|t:|1740234283\n|move|p2a: Zapdos|Drill Peck|p1a: Exeggutor\n|-supereffective|p1a: Exeggutor\n|-damage|p1a: Exeggutor|22/100 par\n|move|p1a: Exeggutor|Explosion|p2a: Zapdos\n|-damage|p2a: Zapdos|31/100\n|faint|p1a: Exeggutor\n|\n|t:|1740234297\n|switch|p1a: Tauros|Tauros|100/100\n|turn|21\n|inactive|WarumFelix has 90 seconds left.\n|inactive|WarumFelix has 60 seconds left.\n|\n|t:|1740234339\n|switch|p2a: Starmie|Starmie|81/100 par\n|move|p1a: Tauros|Blizzard|p2a: Starmie\n|-crit|p2a: Starmie\n|-resisted|p2a: Starmie\n|-damage|p2a: Starmie|60/100 par\n|\n|upkeep\n|turn|22\n|inactive|WarumFelix has 60 seconds left.\n|\n|t:|1740234366\n|move|p1a: Tauros|Hyper Beam|p2a: Starmie\n|-crit|p2a: Starmie\n|-damage|p2a: Starmie|0 fnt\n|faint|p2a: Starmie\n|\n|t:|1740234370\n|switch|p2a: Exeggutor|Exeggutor|69/100 par\n|turn|23\n|inactive|Kaz has 30 seconds left.\n|inactive|WarumFelix has 60 seconds left.\n|\n|t:|1740234391\n|switch|p1a: Starmie|Starmie|86/100 par\n|switch|p2a: Chansey|Chansey|80/100 slp\n|\n|upkeep\n|turn|24\n|\n|t:|1740234393\n|switch|p1a: Tauros|Tauros|100/100\n|cant|p2a: Chansey|slp\n|\n|upkeep\n|turn|25\n|\n|t:|1740234396\n|move|p1a: Tauros|Body Slam|p2a: Chansey\n|-damage|p2a: Chansey|40/100 slp\n|cant|p2a: Chansey|slp\n|\n|upkeep\n|turn|26\n|\n|t:|1740234401\n|move|p1a: Tauros|Body Slam|p2a: Chansey\n|-damage|p2a: Chansey|2/100 slp\n|cant|p2a: Chansey|slp\n|\n|upkeep\n|turn|27\n|\n|t:|1740234403\n|move|p1a: Tauros|Body Slam|p2a: Chansey\n|-damage|p2a: Chansey|0 fnt\n|faint|p2a: Chansey\n|\n|t:|1740234404\n|switch|p2a: Exeggutor|Exeggutor|69/100 par\n|turn|28\n|\n|t:|1740234419\n|move|p1a: Tauros|Blizzard|p2a: Exeggutor\n|-crit|p2a: Exeggutor\n|-supereffective|p2a: Exeggutor\n|-damage|p2a: Exeggutor|6/100 par\n|move|p2a: Exeggutor|Sleep Powder|p1a: Tauros\n|-status|p1a: Tauros|slp|[from] move: Sleep Powder\n|\n|upkeep\n|turn|29\n|inactive|WarumFelix has 120 seconds left.\n|\n|t:|1740234430\n|switch|p1a: Gengar|Gengar|100/100\n|move|p2a: Exeggutor|Stun Spore|p1a: Gengar\n|-status|p1a: Gengar|par\n|\n|upkeep\n|turn|30\n|inactive|WarumFelix has 120 seconds left.\n|\n|t:|1740234440\n|cant|p1a: Gengar|par\n|cant|p2a: Exeggutor|par\n|\n|upkeep\n|turn|31\n|\n|t:|1740234443\n|move|p1a: Gengar|Night Shade|p2a: Exeggutor\n|-damage|p2a: Exeggutor|0 fnt\n|faint|p2a: Exeggutor\n|\n|t:|1740234444\n|switch|p2a: Zapdos|Zapdos|31/100\n|turn|32\n|\n|t:|1740234450\n|move|p2a: Zapdos|Drill Peck|p1a: Gengar\n|-damage|p1a: Gengar|62/100 par\n|move|p1a: Gengar|Explosion|p2a: Zapdos\n|-damage|p2a: Zapdos|0 fnt\n|faint|p2a: Zapdos\n|faint|p1a: Gengar\n|\n|win|Kaz\n","uploadtime":1740234450,"views":"1680","formatid":"gen1ou","rating":null,"private":0,"password":null}