{"id":"smogtours-gen1ou-968650","format":"[Gen 1] OU","players":["Amaranth","wooooo rby"],"log":"|inactive|Battle timer is ON: inactive players will automatically lose when time's up.\n|t:|1788619411\n|gametype|singles\n|player|p1|Amaranth|#amaranth|\n|player|p2|wooooo rby|lucas|\n|gen|1\n|tier|[Gen 1] OU\n|rule|Desync Clause Mod: Desyncs resolve to link battle behavior from the acting player's perspective.\n|rule|HP Percentage Mod: HP is shown in percentages\n|rule|Endless Battle Clause: Forcing endless battles is banned\n|rule|Sleep Clause Mod: Limit one foe put to sleep\n|rule|Freeze Clause Mod: Limit one foe frozen\n|rule|Species Clause: Limit one of each Pokémon\n|rule|OHKO Clause: OHKO moves are banned\n|rule|Evasion Moves Clause: Evasion moves are banned\n|\n|t:|1788619411\n|teamsize|p1|6\n|teamsize|p2|6\n|start\n|switch|p1a: Gengar|Gengar|100/100\n|switch|p2a: Jynx|Jynx|100/100\n|turn|1\n|c|☆wooooo rby|hf\n|\n|t:|1788619429\n|switch|p2a: Rhydon|Rhydon|100/100\n|move|p1a: Gengar|Explosion|p2a: Rhydon\n|-resisted|p2a: Rhydon\n|-damage|p2a: Rhydon|78/100\n|faint|p1a: Gengar\n|c|☆Amaranth|glhf\n|\n|t:|1788619437\n|switch|p1a: Exeggutor|Exeggutor|100/100\n|turn|2\n|\n|t:|1788619455\n|switch|p2a: Jynx|Jynx|100/100\n|move|p1a: Exeggutor|Sleep Powder|p2a: Jynx\n|-status|p2a: Jynx|slp|[from] move: Sleep Powder\n|\n|upkeep\n|turn|3\n|\n|t:|1788619458\n|cant|p2a: Jynx|slp\n|move|p1a: Exeggutor|Stun Spore|p2a: Jynx|[miss]\n|-miss|p1a: Exeggutor\n|\n|upkeep\n|turn|4\n|\n|t:|1788619462\n|switch|p2a: Chansey|Chansey|100/100\n|move|p1a: Exeggutor|Stun Spore|p2a: Chansey\n|-status|p2a: Chansey|par\n|\n|upkeep\n|turn|5\n|\n|t:|1788619472\n|move|p1a: Exeggutor|Psychic|p2a: Chansey\n|-damage|p2a: Chansey|83/100 par\n|cant|p2a: Chansey|par\n|\n|upkeep\n|turn|6\n|\n|t:|1788619483\n|move|p1a: Exeggutor|Explosion|p2a: Chansey\n|-crit|p2a: Chansey\n|-damage|p2a: Chansey|0 fnt\n|faint|p2a: Chansey\n|faint|p1a: Exeggutor\n|\n|t:|1788619487\n|switch|p1a: Chansey|Chansey|100/100\n|switch|p2a: Starmie|Starmie|100/100\n|turn|7\n|\n|t:|1788619492\n|switch|p2a: Jynx|Jynx|100/100 slp\n|move|p1a: Chansey|Thunder Wave|p2a: Jynx\n|-fail|p2a: Jynx\n|\n|upkeep\n|turn|8\n|\n|t:|1788619497\n|switch|p1a: Tauros|Tauros|100/100\n|cant|p2a: Jynx|slp\n|\n|upkeep\n|turn|9\n|\n|t:|1788619499\n|switch|p2a: Starmie|Starmie|100/100\n|move|p1a: Tauros|Body Slam|p2a: Starmie\n|-damage|p2a: Starmie|67/100\n|\n|upkeep\n|turn|10\n|\n|t:|1788619501\n|switch|p1a: Chansey|Chansey|100/100\n|move|p2a: Starmie|Thunder Wave|p1a: Chansey\n|-status|p1a: Chansey|par\n|\n|upkeep\n|turn|11\n|\n|t:|1788619509\n|switch|p2a: Jynx|Jynx|100/100 slp\n|cant|p1a: Chansey|par\n|\n|upkeep\n|turn|12\n|\n|t:|1788619511\n|switch|p1a: Tauros|Tauros|100/100\n|cant|p2a: Jynx|slp\n|\n|upkeep\n|turn|13\n|\n|t:|1788619514\n|switch|p2a: Cloyster|Cloyster|100/100\n|move|p1a: Tauros|Body Slam|p2a: Cloyster\n|-damage|p2a: Cloyster|78/100\n|\n|upkeep\n|turn|14\n|\n|t:|1788619518\n|switch|p1a: Jynx|Jynx|100/100\n|move|p2a: Cloyster|Blizzard|p1a: Jynx\n|-crit|p1a: Jynx\n|-resisted|p1a: Jynx\n|-damage|p1a: Jynx|60/100\n|\n|upkeep\n|turn|15\n|\n|t:|1788619526\n|move|p1a: Jynx|Blizzard|p2a: Cloyster\n|-resisted|p2a: Cloyster\n|-damage|p2a: Cloyster|66/100\n|move|p2a: Cloyster|Blizzard|p1a: Jynx\n|-resisted|p1a: Jynx\n|-damage|p1a: Jynx|41/100\n|\n|upkeep\n|turn|16\n|\n|t:|1788619531\n|move|p1a: Jynx|Blizzard|p2a: Cloyster\n|-crit|p2a: Cloyster\n|-resisted|p2a: Cloyster\n|-damage|p2a: Cloyster|42/100\n|move|p2a: Cloyster|Clamp|p1a: Jynx\n|-damage|p1a: Jynx|29/100\n|\n|upkeep\n|turn|17\n|\n|t:|1788619543\n|switch|p1a: Chansey|Chansey|100/100 par\n|move|p2a: Cloyster|Clamp|p1a: Chansey\n|-damage|p1a: Chansey|95/100 par\n|\n|upkeep\n|turn|18\n|\n|t:|1788619552\n|switch|p1a: Jynx|Jynx|29/100\n|move|p2a: Cloyster|Clamp|p1a: Jynx\n|-damage|p1a: Jynx|18/100\n|\n|upkeep\n|turn|19\n|\n|t:|1788619557\n|move|p2a: Cloyster|Clamp|p1a: Jynx|[from] Clamp\n|-damage|p1a: Jynx|7/100\n|\n|upkeep\n|turn|20\n|\n|t:|1788619562\n|move|p2a: Cloyster|Clamp|p1a: Jynx|[from] Clamp\n|-damage|p1a: Jynx|0 fnt\n|faint|p1a: Jynx\n|\n|t:|1788619568\n|switch|p1a: Tauros|Tauros|100/100\n|turn|21\n|\n|t:|1788619574\n|switch|p2a: Jynx|Jynx|100/100 slp\n|move|p1a: Tauros|Body Slam|p2a: Jynx\n|-damage|p2a: Jynx|52/100 slp\n|\n|upkeep\n|turn|22\n|\n|t:|1788619576\n|move|p1a: Tauros|Body Slam|p2a: Jynx\n|-damage|p2a: Jynx|0 fnt\n|faint|p2a: Jynx\n|\n|t:|1788619579\n|switch|p2a: Starmie|Starmie|67/100\n|turn|23\n|\n|t:|1788619589\n|move|p2a: Starmie|Surf|p1a: Tauros\n|-crit|p1a: Tauros\n|-damage|p1a: Tauros|25/100\n|move|p1a: Tauros|Body Slam|p2a: Starmie\n|-damage|p2a: Starmie|34/100\n|-status|p2a: Starmie|par\n|\n|upkeep\n|turn|24\n|\n|t:|1788619593\n|move|p1a: Tauros|Body Slam|p2a: Starmie\n|-damage|p2a: Starmie|2/100 par\n|move|p2a: Starmie|Surf|p1a: Tauros\n|-crit|p1a: Tauros\n|-damage|p1a: Tauros|0 fnt\n|faint|p1a: Tauros\n|\n|t:|1788619595\n|switch|p1a: Snorlax|Snorlax|100/100\n|turn|25\n|\n|t:|1788619598\n|move|p1a: Snorlax|Body Slam|p2a: Starmie\n|-crit|p2a: Starmie\n|-damage|p2a: Starmie|0 fnt\n|faint|p2a: Starmie\n|\n|t:|1788619612\n|switch|p2a: Rhydon|Rhydon|78/100\n|turn|26\n|\n|t:|1788619615\n|move|p2a: Rhydon|Earthquake|p1a: Snorlax\n|-damage|p1a: Snorlax|67/100\n|move|p1a: Snorlax|Reflect|p1a: Snorlax\n|-start|p1a: Snorlax|Reflect\n|\n|upkeep\n|turn|27\n|\n|t:|1788619618\n|move|p2a: Rhydon|Substitute|p2a: Rhydon\n|-start|p2a: Rhydon|Substitute\n|-damage|p2a: Rhydon|53/100\n|move|p1a: Snorlax|Body Slam|p2a: Rhydon\n|-resisted|p2a: Rhydon\n|-activate|p2a: Rhydon|Substitute|[damage]\n|\n|upkeep\n|turn|28\n|\n|t:|1788619620\n|move|p2a: Rhydon|Earthquake|p1a: Snorlax\n|-damage|p1a: Snorlax|49/100\n|move|p1a: Snorlax|Hyper Beam|p2a: Rhydon\n|-resisted|p2a: Rhydon\n|-end|p2a: Rhydon|Substitute\n|\n|upkeep\n|turn|29\n|\n|t:|1788619626\n|move|p2a: Rhydon|Earthquake|p1a: Snorlax\n|-damage|p1a: Snorlax|33/100\n|move|p1a: Snorlax|Rest|p1a: Snorlax\n|-status|p1a: Snorlax|slp|[from] move: Rest\n|-heal|p1a: Snorlax|100/100 slp|[silent]\n|\n|upkeep\n|turn|30\n|\n|t:|1788619632\n|move|p2a: Rhydon|Earthquake|p1a: Snorlax\n|-damage|p1a: Snorlax|81/100 slp\n|cant|p1a: Snorlax|slp\n|\n|upkeep\n|turn|31\n|\n|t:|1788619634\n|move|p2a: Rhydon|Earthquake|p1a: Snorlax\n|-damage|p1a: Snorlax|64/100 slp\n|-curestatus|p1a: Snorlax|slp|[msg]\n|\n|upkeep\n|turn|32\n|\n|t:|1788619636\n|move|p2a: Rhydon|Substitute|p2a: Rhydon\n|-start|p2a: Rhydon|Substitute\n|-damage|p2a: Rhydon|28/100\n|move|p1a: Snorlax|Body Slam|p2a: Rhydon\n|-resisted|p2a: Rhydon\n|-activate|p2a: Rhydon|Substitute|[damage]\n|\n|upkeep\n|turn|33\n|\n|t:|1788619644\n|move|p2a: Rhydon|Rest|p2a: Rhydon\n|-status|p2a: Rhydon|slp|[from] move: Rest\n|-heal|p2a: Rhydon|100/100 slp|[silent]\n|move|p1a: Snorlax|Hyper Beam|p2a: Rhydon\n|-resisted|p2a: Rhydon\n|-end|p2a: Rhydon|Substitute\n|\n|upkeep\n|turn|34\n|\n|t:|1788619652\n|switch|p1a: Chansey|Chansey|95/100 par\n|cant|p2a: Rhydon|slp\n|\n|upkeep\n|turn|35\n|\n|t:|1788619657\n|switch|p2a: Tauros|Tauros|100/100\n|move|p1a: Chansey|Ice Beam|p2a: Tauros\n|-damage|p2a: Tauros|74/100\n|-status|p2a: Tauros|frz\n|\n|upkeep\n|turn|36\n|\n|t:|1788619666\n|cant|p2a: Tauros|frz\n|move|p1a: Chansey|Ice Beam|p2a: Tauros\n|-damage|p2a: Tauros|45/100 frz\n|\n|upkeep\n|turn|37\n|\n|t:|1788619676\n|cant|p2a: Tauros|frz\n|move|p1a: Chansey|Ice Beam|p2a: Tauros\n|-damage|p2a: Tauros|18/100 frz\n|\n|upkeep\n|turn|38\n|\n|t:|1788619680\n|cant|p2a: Tauros|frz\n|move|p1a: Chansey|Ice Beam|p2a: Tauros\n|-damage|p2a: Tauros|0 fnt\n|faint|p2a: Tauros\n|\n|t:|1788619683\n|switch|p2a: Cloyster|Cloyster|42/100\n|turn|39\n|\n|t:|1788619708\n|move|p2a: Cloyster|Clamp|p1a: Chansey\n|-damage|p1a: Chansey|90/100 par\n|cant|p1a: Chansey|partiallytrapped\n|\n|upkeep\n|turn|40\n|inactive|Amaranth has 270 seconds left.\n|\n|t:|1788619737\n|switch|p1a: Snorlax|Snorlax|64/100\n|move|p2a: Cloyster|Clamp|p1a: Snorlax|[miss]\n|-miss|p2a: Cloyster\n|\n|upkeep\n|turn|41\n|inactive|Amaranth has 270 seconds left.\n|\n|t:|1788619750\n|switch|p2a: Rhydon|Rhydon|100/100 slp\n|switch|p1a: Chansey|Chansey|90/100 par\n|\n|upkeep\n|turn|42\n|\n|t:|1788619754\n|-curestatus|p2a: Rhydon|slp|[msg]\n|move|p1a: Chansey|Ice Beam|p2a: Rhydon\n|-supereffective|p2a: Rhydon\n|-damage|p2a: Rhydon|41/100\n|\n|upkeep\n|turn|43\n|\n|t:|1788619758\n|move|p2a: Rhydon|Substitute|p2a: Rhydon\n|-start|p2a: Rhydon|Substitute\n|-damage|p2a: Rhydon|16/100\n|move|p1a: Chansey|Ice Beam|p2a: Rhydon\n|-supereffective|p2a: Rhydon\n|-end|p2a: Rhydon|Substitute\n|\n|upkeep\n|turn|44\n|\n|t:|1788619763\n|move|p2a: Rhydon|Earthquake|p1a: Chansey\n|-damage|p1a: Chansey|38/100 par\n|move|p1a: Chansey|Ice Beam|p2a: Rhydon\n|-supereffective|p2a: Rhydon\n|-damage|p2a: Rhydon|0 fnt\n|faint|p2a: Rhydon\n|\n|t:|1788619767\n|switch|p2a: Cloyster|Cloyster|42/100\n|turn|45\n|\n|t:|1788619772\n|move|p2a: Cloyster|Clamp|p1a: Chansey\n|-damage|p1a: Chansey|33/100 par\n|cant|p1a: Chansey|partiallytrapped\n|\n|upkeep\n|turn|46\n|inactive|Amaranth has 270 seconds left.\n|\n|t:|1788619803\n|move|p2a: Cloyster|Clamp|p1a: Chansey|[from] Clamp\n|-damage|p1a: Chansey|28/100 par\n|\n|upkeep\n|turn|47\n|\n|t:|1788619806\n|move|p2a: Cloyster|Clamp|p1a: Chansey|[from] Clamp\n|-damage|p1a: Chansey|23/100 par\n|\n|upkeep\n|turn|48\n|\n|t:|1788619809\n|move|p2a: Cloyster|Clamp|p1a: Chansey|[miss]\n|-miss|p2a: Cloyster\n|move|p1a: Chansey|Thunderbolt|p2a: Cloyster\n|-crit|p2a: Cloyster\n|-supereffective|p2a: Cloyster\n|-damage|p2a: Cloyster|0 fnt\n|faint|p2a: Cloyster\n|\n|win|Amaranth\n","uploadtime":1788619809,"views":"149","formatid":"gen1ou","rating":null,"private":0,"password":null}