{"id":"smogtours-gen1ou-957313","format":"[Gen 1] OU","players":["violet river","Tarvold"],"log":"|inactive|Battle timer is ON: inactive players will automatically lose when time's up.\n|t:|1784457786\n|gametype|singles\n|player|p1|violet river|#uuplxivsurfers|\n|player|p2|Tarvold|swimmerf-gen4dp|\n|gen|1\n|tier|[Gen 1] OU\n|rule|Desync Clause Mod: Desyncs resolve to link battle behavior from the acting player's perspective.\n|rule|HP Percentage Mod: HP is shown in percentages\n|rule|Endless Battle Clause: Forcing endless battles is banned\n|rule|Sleep Clause Mod: Limit one foe put to sleep\n|rule|Freeze Clause Mod: Limit one foe frozen\n|rule|Species Clause: Limit one of each Pokémon\n|rule|OHKO Clause: OHKO moves are banned\n|rule|Evasion Moves Clause: Evasion moves are banned\n|\n|t:|1784457786\n|teamsize|p1|6\n|teamsize|p2|6\n|start\n|switch|p1a: Starmie|Starmie|100/100\n|switch|p2a: Tauros|Tauros|100/100\n|turn|1\n|c|☆violet river|hfhf\n|\n|t:|1784457792\n|move|p1a: Starmie|Blizzard|p2a: Tauros\n|-crit|p2a: Tauros\n|-damage|p2a: Tauros|34/100\n|-status|p2a: Tauros|frz\n|cant|p2a: Tauros|frz\n|\n|upkeep\n|turn|2\n|\n|t:|1784457800\n|switch|p1a: Exeggutor|Exeggutor|100/100\n|switch|p2a: Lapras|Lapras|100/100\n|\n|upkeep\n|turn|3\n|\n|t:|1784457813\n|switch|p1a: Starmie|Starmie|100/100\n|move|p2a: Lapras|Sing|p1a: Starmie|[miss]\n|-miss|p2a: Lapras\n|\n|upkeep\n|turn|4\n|\n|t:|1784457818\n|switch|p2a: Chansey|Chansey|100/100\n|move|p1a: Starmie|Psychic|p2a: Chansey\n|-damage|p2a: Chansey|85/100\n|\n|upkeep\n|turn|5\n|\n|t:|1784457824\n|move|p1a: Starmie|Psychic|p2a: Chansey\n|-crit|p2a: Chansey\n|-damage|p2a: Chansey|59/100\n|-unboost|p2a: Chansey|spa|1\n|-unboost|p2a: Chansey|spd|1\n|move|p2a: Chansey|Thunder Wave|p1a: Starmie\n|-status|p1a: Starmie|par\n|\n|upkeep\n|turn|6\n|\n|t:|1784457842\n|move|p2a: Chansey|Thunder Wave|p1a: Starmie\n|-fail|p1a: Starmie|par\n|move|p1a: Starmie|Psychic|p2a: Chansey\n|-crit|p2a: Chansey\n|-damage|p2a: Chansey|32/100\n|\n|upkeep\n|turn|7\n|\n|t:|1784457848\n|switch|p1a: Exeggutor|Exeggutor|100/100\n|move|p2a: Chansey|Soft-Boiled|p2a: Chansey\n|-heal|p2a: Chansey|82/100\n|\n|upkeep\n|turn|8\n|\n|t:|1784457857\n|switch|p2a: Tauros|Tauros|34/100 frz\n|move|p1a: Exeggutor|Sleep Powder|p2a: Tauros\n|-fail|p2a: Tauros\n|\n|upkeep\n|turn|9\n|\n|t:|1784457862\n|cant|p2a: Tauros|frz\n|move|p1a: Exeggutor|Sleep Powder|p2a: Tauros\n|-fail|p2a: Tauros\n|\n|upkeep\n|turn|10\n|\n|t:|1784457867\n|cant|p2a: Tauros|frz\n|move|p1a: Exeggutor|Sleep Powder|p2a: Tauros|[miss]\n|-miss|p1a: Exeggutor\n|\n|upkeep\n|turn|11\n|\n|t:|1784457871\n|cant|p2a: Tauros|frz\n|move|p1a: Exeggutor|Sleep Powder|p2a: Tauros|[miss]\n|-miss|p1a: Exeggutor\n|\n|upkeep\n|turn|12\n|\n|t:|1784457881\n|cant|p2a: Tauros|frz\n|move|p1a: Exeggutor|Sleep Powder|p2a: Tauros\n|-fail|p2a: Tauros\n|\n|upkeep\n|turn|13\n|\n|t:|1784457886\n|cant|p2a: Tauros|frz\n|move|p1a: Exeggutor|Sleep Powder|p2a: Tauros\n|-fail|p2a: Tauros\n|\n|upkeep\n|turn|14\n|\n|t:|1784457890\n|cant|p2a: Tauros|frz\n|move|p1a: Exeggutor|Psychic|p2a: Tauros\n|-damage|p2a: Tauros|0 fnt\n|faint|p2a: Tauros\n|\n|t:|1784457895\n|switch|p2a: Lapras|Lapras|100/100\n|turn|15\n|\n|t:|1784457910\n|switch|p1a: Starmie|Starmie|100/100 par\n|move|p2a: Lapras|Sing|p1a: Starmie\n|-fail|p1a: Starmie\n|\n|upkeep\n|turn|16\n|\n|t:|1784457918\n|move|p2a: Lapras|Blizzard|p1a: Starmie\n|-resisted|p1a: Starmie\n|-damage|p1a: Starmie|80/100 par\n|cant|p1a: Starmie|par\n|\n|upkeep\n|turn|17\n|\n|t:|1784457925\n|switch|p2a: Chansey|Chansey|82/100\n|switch|p1a: Exeggutor|Exeggutor|100/100\n|\n|upkeep\n|turn|18\n|\n|t:|1784457932\n|switch|p2a: Rhydon|Rhydon|100/100\n|move|p1a: Exeggutor|Sleep Powder|p2a: Rhydon|[miss]\n|-miss|p1a: Exeggutor\n|\n|upkeep\n|turn|19\n|\n|t:|1784457937\n|move|p1a: Exeggutor|Sleep Powder|p2a: Rhydon\n|-status|p2a: Rhydon|slp|[from] move: Sleep Powder\n|cant|p2a: Rhydon|slp\n|\n|upkeep\n|turn|20\n|\n|t:|1784457946\n|switch|p2a: Chansey|Chansey|82/100\n|move|p1a: Exeggutor|Stun Spore|p2a: Chansey|[miss]\n|-miss|p1a: Exeggutor\n|\n|upkeep\n|turn|21\n|\n|t:|1784457957\n|switch|p1a: Chansey|Chansey|100/100\n|move|p2a: Chansey|Thunderbolt|p1a: Chansey\n|-damage|p1a: Chansey|90/100\n|\n|upkeep\n|turn|22\n|\n|t:|1784457985\n|switch|p2a: Rhydon|Rhydon|100/100 slp\n|move|p1a: Chansey|Thunder Wave|p2a: Rhydon\n|-immune|p2a: Rhydon\n|\n|upkeep\n|turn|23\n|inactive|violet river has 270 seconds left.\n|\n|t:|1784458012\n|switch|p2a: Lapras|Lapras|100/100\n|move|p1a: Chansey|Thunder Wave|p2a: Lapras\n|-status|p2a: Lapras|par\n|\n|upkeep\n|turn|24\n|\n|t:|1784458017\n|move|p1a: Chansey|Thunderbolt|p2a: Lapras\n|-supereffective|p2a: Lapras\n|-damage|p2a: Lapras|68/100 par\n|move|p2a: Lapras|Thunderbolt|p1a: Chansey\n|-damage|p1a: Chansey|80/100\n|-status|p1a: Chansey|par\n|\n|upkeep\n|turn|25\n|\n|t:|1784458025\n|switch|p2a: Snorlax|Snorlax|100/100\n|move|p1a: Chansey|Soft-Boiled|p1a: Chansey\n|-heal|p1a: Chansey|100/100 par\n|\n|upkeep\n|turn|26\n|\n|t:|1784458029\n|move|p2a: Snorlax|Body Slam|p1a: Chansey\n|-damage|p1a: Chansey|61/100 par\n|move|p1a: Chansey|Counter|p2a: Snorlax\n|-damage|p2a: Snorlax|0 fnt\n|faint|p2a: Snorlax\n|\n|t:|1784458037\n|switch|p2a: Rhydon|Rhydon|100/100 slp\n|turn|27\n|\n|t:|1784458049\n|switch|p2a: Starmie|Starmie|100/100\n|switch|p1a: Snorlax|Snorlax|100/100\n|\n|upkeep\n|turn|28\n|\n|t:|1784458059\n|switch|p1a: Chansey|Chansey|61/100 par\n|move|p2a: Starmie|Thunder Wave|p1a: Chansey\n|-fail|p1a: Chansey|par\n|\n|upkeep\n|turn|29\n|\n|t:|1784458088\n|switch|p2a: Rhydon|Rhydon|100/100 slp\n|move|p1a: Chansey|Soft-Boiled|p1a: Chansey\n|-heal|p1a: Chansey|100/100 par\n|\n|upkeep\n|turn|30\n|\n|t:|1784458093\n|switch|p1a: Tauros|Tauros|100/100\n|cant|p2a: Rhydon|slp\n|\n|upkeep\n|turn|31\n|\n|t:|1784458097\n|move|p1a: Tauros|Body Slam|p2a: Rhydon\n|-crit|p2a: Rhydon\n|-resisted|p2a: Rhydon\n|-damage|p2a: Rhydon|78/100 slp\n|cant|p2a: Rhydon|slp\n|\n|upkeep\n|turn|32\n|\n|t:|1784458108\n|switch|p2a: Lapras|Lapras|68/100 par\n|move|p1a: Tauros|Body Slam|p2a: Lapras\n|-damage|p2a: Lapras|42/100 par\n|\n|upkeep\n|turn|33\n|\n|t:|1784458120\n|switch|p1a: Chansey|Chansey|100/100 par\n|switch|p2a: Starmie|Starmie|100/100\n|\n|upkeep\n|turn|34\n|\n|t:|1784458137\n|switch|p2a: Rhydon|Rhydon|78/100 slp\n|move|p1a: Chansey|Thunderbolt|p2a: Rhydon\n|-immune|p2a: Rhydon\n|\n|upkeep\n|turn|35\n|\n|t:|1784458142\n|switch|p1a: Tauros|Tauros|100/100\n|-curestatus|p2a: Rhydon|slp|[msg]\n|\n|upkeep\n|turn|36\n|\n|t:|1784458153\n|move|p1a: Tauros|Earthquake|p2a: Rhydon\n|-crit|p2a: Rhydon\n|-supereffective|p2a: Rhydon\n|-damage|p2a: Rhydon|12/100\n|move|p2a: Rhydon|Earthquake|p1a: Tauros\n|-damage|p1a: Tauros|57/100\n|\n|upkeep\n|turn|37\n|\n|t:|1784458160\n|switch|p2a: Starmie|Starmie|100/100\n|move|p1a: Tauros|Body Slam|p2a: Starmie\n|-damage|p2a: Starmie|66/100\n|-status|p2a: Starmie|par\n|\n|upkeep\n|turn|38\n|\n|t:|1784458170\n|move|p1a: Tauros|Thunderbolt|p2a: Starmie\n|-supereffective|p2a: Starmie\n|-damage|p2a: Starmie|32/100 par\n|move|p2a: Starmie|Thunder Wave|p1a: Tauros\n|-status|p1a: Tauros|par\n|\n|upkeep\n|turn|39\n|\n|t:|1784458176\n|move|p2a: Starmie|Recover|p2a: Starmie\n|-heal|p2a: Starmie|82/100 par\n|move|p1a: Tauros|Thunderbolt|p2a: Starmie\n|-crit|p2a: Starmie\n|-supereffective|p2a: Starmie\n|-damage|p2a: Starmie|12/100 par\n|\n|upkeep\n|turn|40\n|\n|t:|1784458182\n|move|p2a: Starmie|Recover|p2a: Starmie\n|-heal|p2a: Starmie|61/100 par\n|cant|p1a: Tauros|par\n|\n|upkeep\n|turn|41\n|\n|t:|1784458210\n|switch|p2a: Chansey|Chansey|82/100\n|move|p1a: Tauros|Thunderbolt|p2a: Chansey\n|-damage|p2a: Chansey|74/100\n|\n|upkeep\n|turn|42\n|\n|t:|1784458217\n|switch|p1a: Chansey|Chansey|100/100 par\n|move|p2a: Chansey|Ice Beam|p1a: Chansey\n|-damage|p1a: Chansey|90/100 par\n|\n|upkeep\n|turn|43\n|\n|t:|1784458222\n|switch|p1a: Cloyster|Cloyster|100/100\n|move|p2a: Chansey|Ice Beam|p1a: Cloyster\n|-resisted|p1a: Cloyster\n|-damage|p1a: Cloyster|94/100\n|\n|upkeep\n|turn|44\n|\n|t:|1784458229\n|switch|p1a: Chansey|Chansey|90/100 par\n|move|p2a: Chansey|Thunder Wave|p1a: Chansey\n|-fail|p1a: Chansey|par\n|\n|upkeep\n|turn|45\n|\n|t:|1784458235\n|switch|p1a: Snorlax|Snorlax|100/100\n|move|p2a: Chansey|Soft-Boiled|p2a: Chansey\n|-heal|p2a: Chansey|100/100\n|\n|upkeep\n|turn|46\n|\n|t:|1784458240\n|switch|p1a: Chansey|Chansey|90/100 par\n|move|p2a: Chansey|Thunder Wave|p1a: Chansey\n|-fail|p1a: Chansey|par\n|\n|upkeep\n|turn|47\n|\n|t:|1784458246\n|switch|p1a: Snorlax|Snorlax|100/100\n|move|p2a: Chansey|Thunder Wave|p1a: Snorlax\n|-status|p1a: Snorlax|par\n|\n|upkeep\n|turn|48\n|\n|t:|1784458269\n|switch|p2a: Lapras|Lapras|42/100 par\n|cant|p1a: Snorlax|par\n|\n|upkeep\n|turn|49\n|\n|t:|1784458275\n|move|p2a: Lapras|Blizzard|p1a: Snorlax\n|-damage|p1a: Snorlax|68/100 par\n|move|p1a: Snorlax|Body Slam|p2a: Lapras\n|-damage|p2a: Lapras|16/100 par\n|\n|upkeep\n|turn|50\n|\n|t:|1784458301\n|move|p2a: Lapras|Thunderbolt|p1a: Snorlax\n|-damage|p1a: Snorlax|50/100 par\n|move|p1a: Snorlax|Body Slam|p2a: Lapras\n|-damage|p2a: Lapras|0 fnt\n|faint|p2a: Lapras\n|\n|t:|1784458308\n|switch|p2a: Rhydon|Rhydon|12/100\n|turn|51\n|\n|t:|1784458314\n|switch|p1a: Exeggutor|Exeggutor|100/100\n|move|p2a: Rhydon|Rest|p2a: Rhydon\n|-status|p2a: Rhydon|slp|[from] move: Rest\n|-heal|p2a: Rhydon|100/100 slp|[silent]\n|\n|upkeep\n|turn|52\n|\n|t:|1784458320\n|switch|p2a: Chansey|Chansey|100/100\n|move|p1a: Exeggutor|Psychic|p2a: Chansey\n|-damage|p2a: Chansey|82/100\n|\n|upkeep\n|turn|53\n|\n|t:|1784458338\n|switch|p1a: Chansey|Chansey|90/100 par\n|switch|p2a: Starmie|Starmie|61/100 par\n|\n|upkeep\n|turn|54\n|\n|t:|1784458343\n|switch|p2a: Rhydon|Rhydon|100/100 slp\n|move|p1a: Chansey|Thunderbolt|p2a: Rhydon\n|-immune|p2a: Rhydon\n|\n|upkeep\n|turn|55\n|\n|t:|1784458370\n|switch|p1a: Exeggutor|Exeggutor|100/100\n|cant|p2a: Rhydon|slp\n|\n|upkeep\n|turn|56\n|\n|t:|1784458374\n|switch|p2a: Starmie|Starmie|61/100 par\n|move|p1a: Exeggutor|Psychic|p2a: Starmie\n|-resisted|p2a: Starmie\n|-damage|p2a: Starmie|44/100 par\n|\n|upkeep\n|turn|57\n|\n|t:|1784458380\n|move|p1a: Exeggutor|Explosion|p2a: Starmie\n|-damage|p2a: Starmie|0 fnt\n|faint|p2a: Starmie\n|faint|p1a: Exeggutor\n|\n|t:|1784458385\n|switch|p1a: Snorlax|Snorlax|50/100 par\n|switch|p2a: Chansey|Chansey|82/100\n|turn|58\n|\n|t:|1784458389\n|switch|p2a: Rhydon|Rhydon|100/100 slp\n|move|p1a: Snorlax|Rest|p1a: Snorlax\n|-status|p1a: Snorlax|slp|[from] move: Rest\n|-heal|p1a: Snorlax|100/100 slp|[silent]\n|\n|upkeep\n|turn|59\n|\n|t:|1784458396\n|switch|p1a: Cloyster|Cloyster|94/100\n|-curestatus|p2a: Rhydon|slp|[msg]\n|\n|upkeep\n|turn|60\n|\n|t:|1784458399\n|switch|p2a: Chansey|Chansey|82/100\n|move|p1a: Cloyster|Blizzard|p2a: Chansey\n|-damage|p2a: Chansey|64/100\n|\n|upkeep\n|turn|61\n|\n|t:|1784458406\n|switch|p1a: Snorlax|Snorlax|100/100 slp\n|move|p2a: Chansey|Thunder Wave|p1a: Snorlax\n|-fail|p1a: Snorlax\n|\n|upkeep\n|turn|62\n|\n|t:|1784458411\n|move|p2a: Chansey|Soft-Boiled|p2a: Chansey\n|-heal|p2a: Chansey|100/100\n|cant|p1a: Snorlax|slp\n|\n|upkeep\n|turn|63\n|\n|t:|1784458420\n|move|p2a: Chansey|Ice Beam|p1a: Snorlax\n|-damage|p1a: Snorlax|83/100 slp\n|-curestatus|p1a: Snorlax|slp|[msg]\n|\n|upkeep\n|turn|64\n|\n|t:|1784458424\n|switch|p2a: Rhydon|Rhydon|100/100\n|move|p1a: Snorlax|Earthquake|p2a: Rhydon\n|-crit|p2a: Rhydon\n|-supereffective|p2a: Rhydon\n|-damage|p2a: Rhydon|25/100\n|\n|upkeep\n|turn|65\n|c|☆violet river|unlucky\n|\n|t:|1784458433\n|switch|p2a: Chansey|Chansey|100/100\n|move|p1a: Snorlax|Earthquake|p2a: Chansey\n|-damage|p2a: Chansey|68/100\n|\n|upkeep\n|turn|66\n|\n|t:|1784458439\n|move|p2a: Chansey|Ice Beam|p1a: Snorlax\n|-damage|p1a: Snorlax|64/100\n|move|p1a: Snorlax|Self-Destruct|p2a: Chansey\n|-damage|p2a: Chansey|0 fnt\n|faint|p2a: Chansey\n|faint|p1a: Snorlax\n|\n|t:|1784458445\n|switch|p2a: Rhydon|Rhydon|25/100\n|switch|p1a: Cloyster|Cloyster|94/100\n|turn|67\n|\n|t:|1784458450\n|move|p1a: Cloyster|Explosion|p2a: Rhydon\n|-crit|p2a: Rhydon\n|-resisted|p2a: Rhydon\n|-damage|p2a: Rhydon|0 fnt\n|faint|p2a: Rhydon\n|faint|p1a: Cloyster\n|\n|win|violet river\n|c|☆violet river|ggs\n","uploadtime":1784458450,"views":"118","formatid":"gen1ou","rating":null,"private":0,"password":null}