{"id":"smogtours-gen1ou-956225","format":"[Gen 1] OU","players":["shiloh","Isza"],"log":"|inactive|Battle timer is ON: inactive players will automatically lose when time's up.\n|t:|1784159868\n|gametype|singles\n|player|p1|shiloh|#rozes|\n|player|p2|Isza|#rbywc2024|\n|gen|1\n|tier|[Gen 1] OU\n|rule|Desync Clause Mod: Desyncs resolve to link battle behavior from the acting player's perspective.\n|rule|HP Percentage Mod: HP is shown in percentages\n|rule|Endless Battle Clause: Forcing endless battles is banned\n|rule|Sleep Clause Mod: Limit one foe put to sleep\n|rule|Freeze Clause Mod: Limit one foe frozen\n|rule|Species Clause: Limit one of each Pokémon\n|rule|OHKO Clause: OHKO moves are banned\n|rule|Evasion Moves Clause: Evasion moves are banned\n|\n|t:|1784159868\n|teamsize|p1|6\n|teamsize|p2|6\n|start\n|switch|p1a: Jynx|Jynx|100/100\n|switch|p2a: Starmie|Starmie|100/100\n|turn|1\n|inactive|shiloh also wants the timer to be on.\n|inactive|Isza has 270 seconds left.\n|\n|t:|1784159918\n|move|p2a: Starmie|Thunder Wave|p1a: Jynx\n|-status|p1a: Jynx|par\n|move|p1a: Jynx|Lovely Kiss|p2a: Starmie\n|-status|p2a: Starmie|slp|[from] move: Lovely Kiss\n|\n|upkeep\n|turn|2\n|\n|t:|1784159925\n|switch|p1a: Tauros|Tauros|100/100\n|cant|p2a: Starmie|slp\n|\n|upkeep\n|turn|3\n|\n|t:|1784159931\n|switch|p2a: Cloyster|Cloyster|100/100\n|move|p1a: Tauros|Body Slam|p2a: Cloyster\n|-damage|p2a: Cloyster|79/100\n|-status|p2a: Cloyster|par\n|\n|upkeep\n|turn|4\n|\n|t:|1784159937\n|switch|p1a: Jynx|Jynx|100/100 par\n|move|p2a: Cloyster|Blizzard|p1a: Jynx\n|-resisted|p1a: Jynx\n|-damage|p1a: Jynx|79/100 par\n|\n|upkeep\n|turn|5\n|\n|t:|1784159942\n|switch|p2a: Chansey|Chansey|100/100\n|move|p1a: Jynx|Ice Beam|p2a: Chansey\n|-damage|p2a: Chansey|86/100\n|\n|upkeep\n|turn|6\n|\n|t:|1784159945\n|move|p2a: Chansey|Seismic Toss|p1a: Jynx\n|-damage|p1a: Jynx|49/100 par\n|move|p1a: Jynx|Ice Beam|p2a: Chansey\n|-damage|p2a: Chansey|70/100\n|-status|p2a: Chansey|frz\n|\n|upkeep\n|turn|7\n|\n|t:|1784159951\n|switch|p1a: Tauros|Tauros|100/100\n|cant|p2a: Chansey|frz\n|\n|upkeep\n|turn|8\n|\n|t:|1784159955\n|move|p1a: Tauros|Body Slam|p2a: Chansey\n|-crit|p2a: Chansey\n|-damage|p2a: Chansey|0 fnt\n|faint|p2a: Chansey\n|\n|t:|1784159958\n|switch|p2a: Exeggutor|Exeggutor|100/100\n|turn|9\n|\n|t:|1784159967\n|switch|p1a: Alakazam|Alakazam|100/100\n|move|p2a: Exeggutor|Psychic|p1a: Alakazam\n|-resisted|p1a: Alakazam\n|-damage|p1a: Alakazam|85/100\n|\n|upkeep\n|turn|10\n|\n|t:|1784159970\n|switch|p1a: Jynx|Jynx|49/100 par\n|move|p2a: Exeggutor|Sleep Powder|p1a: Jynx\n|-fail|p1a: Jynx\n|\n|upkeep\n|turn|11\n|\n|t:|1784159975\n|switch|p2a: Starmie|Starmie|100/100 slp\n|move|p1a: Jynx|Rest|p1a: Jynx\n|-status|p1a: Jynx|slp|[from] move: Rest\n|-heal|p1a: Jynx|100/100 slp|[silent]\n|\n|upkeep\n|turn|12\n|\n|t:|1784159977\n|switch|p2a: Exeggutor|Exeggutor|100/100\n|cant|p1a: Jynx|slp\n|\n|upkeep\n|turn|13\n|\n|t:|1784159980\n|move|p2a: Exeggutor|Sleep Powder|p1a: Jynx\n|-fail|p1a: Jynx|slp\n|-curestatus|p1a: Jynx|slp|[msg]\n|\n|upkeep\n|turn|14\n|\n|t:|1784159983\n|move|p2a: Exeggutor|Sleep Powder|p1a: Jynx|[miss]\n|-miss|p2a: Exeggutor\n|move|p1a: Jynx|Ice Beam|p2a: Exeggutor\n|-supereffective|p2a: Exeggutor\n|-damage|p2a: Exeggutor|53/100\n|-status|p2a: Exeggutor|frz\n|\n|upkeep\n|turn|15\n|-message|Isza forfeited.\n|\n|win|shiloh\n|c|☆shiloh|gg\n|player|p1|\n|player|p2|\n|player|p2|Isza|#rbywc2024|\n|player|p2|\n","uploadtime":1784159987,"views":"107","formatid":"gen1ou","rating":null,"private":0,"password":null}