{"id":"smogtours-gen1ou-819923","format":"[Gen 1] OU","players":["Luispeikou","Sceptross"],"log":"|inactive|Battle timer is ON: inactive players will automatically lose when time's up.\n|t:|1739634144\n|gametype|singles\n|player|p1|Luispeikou|#splxvityrants2|\n|player|p2|Sceptross|#splxvicryonicles|\n|teamsize|p1|6\n|teamsize|p2|6\n|gen|1\n|tier|[Gen 1] OU\n|rule|Desync Clause Mod: Desyncs changed to move failure.\n|rule|Sleep Clause Mod: Limit one foe put to sleep\n|rule|Freeze Clause Mod: Limit one foe frozen\n|rule|Species Clause: Limit one of each Pokémon\n|rule|OHKO Clause: OHKO moves are banned\n|rule|Evasion Moves Clause: Evasion moves are banned\n|rule|Endless Battle Clause: Forcing endless battles is banned\n|rule|HP Percentage Mod: HP is shown in percentages\n|\n|t:|1739634144\n|start\n|switch|p1a: Jynx|Jynx|100/100\n|switch|p2a: Alakazam|Alakazam|100/100\n|turn|1\n|inactive|Luispeikou also wants the timer to be on.\n|c|☆Sceptross|gl hf\n|c|☆Luispeikou|hf\n|\n|t:|1739634170\n|move|p2a: Alakazam|Thunder Wave|p1a: Jynx\n|-status|p1a: Jynx|par\n|cant|p1a: Jynx|par\n|\n|upkeep\n|turn|2\n|\n|t:|1739634175\n|move|p2a: Alakazam|Seismic Toss|p1a: Jynx\n|-damage|p1a: Jynx|70/100 par\n|move|p1a: Jynx|Lovely Kiss|p2a: Alakazam\n|-status|p2a: Alakazam|slp|[from] move: Lovely Kiss\n|\n|upkeep\n|turn|3\n|\n|t:|1739634193\n|switch|p2a: Chansey|Chansey|100/100\n|move|p1a: Jynx|Ice Beam|p2a: Chansey\n|-damage|p2a: Chansey|86/100\n|\n|upkeep\n|turn|4\n|\n|t:|1739634200\n|move|p2a: Chansey|Thunderbolt|p1a: Jynx\n|-damage|p1a: Jynx|48/100 par\n|move|p1a: Jynx|Rest|p1a: Jynx\n|-status|p1a: Jynx|slp|[from] move: Rest\n|-heal|p1a: Jynx|100/100 slp|[silent]\n|\n|upkeep\n|turn|5\n|\n|t:|1739634205\n|move|p2a: Chansey|Thunderbolt|p1a: Jynx\n|-damage|p1a: Jynx|77/100 slp\n|cant|p1a: Jynx|slp\n|\n|upkeep\n|turn|6\n|\n|t:|1739634207\n|move|p2a: Chansey|Thunderbolt|p1a: Jynx\n|-damage|p1a: Jynx|53/100 slp\n|-curestatus|p1a: Jynx|slp|[msg]\n|\n|upkeep\n|turn|7\n|\n|t:|1739634210\n|move|p2a: Chansey|Thunderbolt|p1a: Jynx\n|-damage|p1a: Jynx|30/100\n|move|p1a: Jynx|Ice Beam|p2a: Chansey\n|-crit|p2a: Chansey\n|-damage|p2a: Chansey|55/100\n|\n|upkeep\n|turn|8\n|\n|t:|1739634215\n|move|p2a: Chansey|Soft-Boiled|p2a: Chansey\n|-heal|p2a: Chansey|100/100\n|move|p1a: Jynx|Rest|p1a: Jynx\n|-status|p1a: Jynx|slp|[from] move: Rest\n|-heal|p1a: Jynx|100/100 slp|[silent]\n|\n|upkeep\n|turn|9\n|\n|t:|1739634217\n|move|p2a: Chansey|Thunderbolt|p1a: Jynx\n|-damage|p1a: Jynx|76/100 slp\n|cant|p1a: Jynx|slp\n|\n|upkeep\n|turn|10\n|\n|t:|1739634219\n|move|p2a: Chansey|Thunderbolt|p1a: Jynx\n|-damage|p1a: Jynx|51/100 slp\n|-curestatus|p1a: Jynx|slp|[msg]\n|\n|upkeep\n|turn|11\n|\n|t:|1739634222\n|move|p2a: Chansey|Thunderbolt|p1a: Jynx\n|-damage|p1a: Jynx|27/100\n|move|p1a: Jynx|Ice Beam|p2a: Chansey\n|-crit|p2a: Chansey\n|-damage|p2a: Chansey|69/100\n|-status|p2a: Chansey|frz\n|\n|upkeep\n|turn|12\n|\n|t:|1739634252\n|switch|p2a: Snorlax|Snorlax|100/100\n|move|p1a: Jynx|Ice Beam|p2a: Snorlax\n|-damage|p2a: Snorlax|74/100\n|\n|upkeep\n|turn|13\n|\n|t:|1739634261\n|switch|p2a: Exeggutor|Exeggutor|100/100\n|switch|p1a: Snorlax|Snorlax|100/100\n|\n|upkeep\n|turn|14\n|\n|t:|1739634272\n|switch|p1a: Jynx|Jynx|27/100\n|move|p2a: Exeggutor|Hyper Beam|p1a: Jynx\n|-damage|p1a: Jynx|0 fnt\n|faint|p1a: Jynx\n|rated|Smogon Premier League\n|inactive|Luispeikou has 270 seconds left.\n|\n|t:|1739634304\n|switch|p1a: Exeggutor|Exeggutor|100/100\n|turn|15\n|inactive|Sceptross has 270 seconds left.\n|\n|t:|1739634337\n|move|p2a: Exeggutor|Sleep Powder|p1a: Exeggutor\n|-status|p1a: Exeggutor|slp|[from] move: Sleep Powder\n|cant|p1a: Exeggutor|slp\n|\n|upkeep\n|turn|16\n|inactive|Sceptross has 270 seconds left.\n|\n|t:|1739634357\n|switch|p1a: Chansey|Chansey|100/100\n|switch|p2a: Starmie|Starmie|100/100\n|\n|upkeep\n|turn|17\n|inactive|Sceptross has 270 seconds left.\n|inactive|Sceptross has 240 seconds left.\n|inactive|Sceptross has 210 seconds left.\n|inactive|Sceptross has 180 seconds left.\n|\n|t:|1739634478\n|move|p2a: Starmie|Thunder Wave|p1a: Chansey\n|-status|p1a: Chansey|par\n|move|p1a: Chansey|Thunderbolt|p2a: Starmie\n|-supereffective|p2a: Starmie\n|-damage|p2a: Starmie|51/100\n|\n|upkeep\n|turn|18\n|inactive|Sceptross has 150 seconds left.\n|inactive|Sceptross has 120 seconds left.\n|\n|t:|1739634524\n|switch|p2a: Alakazam|Alakazam|100/100 slp\n|move|p1a: Chansey|Thunder Wave|p2a: Alakazam\n|-fail|p2a: Alakazam\n|\n|upkeep\n|turn|19\n|\n|t:|1739634531\n|switch|p2a: Snorlax|Snorlax|74/100\n|switch|p1a: Tauros|Tauros|100/100\n|\n|upkeep\n|turn|20\n|\n|t:|1739634538\n|move|p1a: Tauros|Body Slam|p2a: Snorlax\n|-crit|p2a: Snorlax\n|-damage|p2a: Snorlax|24/100\n|move|p2a: Snorlax|Body Slam|p1a: Tauros\n|-damage|p1a: Tauros|70/100\n|\n|upkeep\n|turn|21\n|\n|t:|1739634556\n|switch|p2a: Chansey|Chansey|69/100 frz\n|move|p1a: Tauros|Body Slam|p2a: Chansey\n|-damage|p2a: Chansey|31/100 frz\n|\n|upkeep\n|turn|22\n|\n|t:|1739634559\n|move|p1a: Tauros|Body Slam|p2a: Chansey\n|-damage|p2a: Chansey|0 fnt\n|faint|p2a: Chansey\n|\n|t:|1739634561\n|switch|p2a: Starmie|Starmie|51/100\n|turn|23\n|\n|t:|1739634566\n|switch|p1a: Chansey|Chansey|100/100 par\n|move|p2a: Starmie|Recover|p2a: Starmie\n|-heal|p2a: Starmie|100/100\n|\n|upkeep\n|turn|24\n|inactive|Sceptross has 150 seconds left.\n|\n|t:|1739634607\n|switch|p2a: Snorlax|Snorlax|24/100\n|move|p1a: Chansey|Thunder Wave|p2a: Snorlax\n|-status|p2a: Snorlax|par\n|\n|upkeep\n|turn|25\n|\n|t:|1739634612\n|switch|p1a: Tauros|Tauros|70/100\n|cant|p2a: Snorlax|par\n|\n|upkeep\n|turn|26\n|inactive|Sceptross has 150 seconds left.\n|\n|t:|1739634624\n|switch|p2a: Alakazam|Alakazam|100/100 slp\n|move|p1a: Tauros|Body Slam|p2a: Alakazam\n|-damage|p2a: Alakazam|48/100 slp\n|\n|upkeep\n|turn|27\n|\n|t:|1739634629\n|cant|p2a: Alakazam|slp\n|move|p1a: Tauros|Body Slam|p2a: Alakazam\n|-damage|p2a: Alakazam|0 fnt\n|faint|p2a: Alakazam\n|inactive|Sceptross has 150 seconds left.\n|inactive|Sceptross has 120 seconds left.\n|\n|t:|1739634690\n|switch|p2a: Exeggutor|Exeggutor|100/100\n|turn|28\n|\n|t:|1739634701\n|switch|p1a: Chansey|Chansey|100/100 par\n|move|p2a: Exeggutor|Psychic|p1a: Chansey\n|-damage|p1a: Chansey|84/100 par\n|\n|upkeep\n|turn|29\n|\n|t:|1739634710\n|move|p2a: Exeggutor|Psychic|p1a: Chansey\n|-damage|p1a: Chansey|66/100 par\n|-unboost|p1a: Chansey|spa|1\n|-unboost|p1a: Chansey|spd|1\n|move|p1a: Chansey|Ice Beam|p2a: Exeggutor\n|-supereffective|p2a: Exeggutor\n|-damage|p2a: Exeggutor|78/100\n|\n|upkeep\n|turn|30\n|\n|t:|1739634717\n|switch|p2a: Snorlax|Snorlax|24/100 par\n|move|p1a: Chansey|Soft-Boiled|p1a: Chansey\n|-heal|p1a: Chansey|100/100 par\n|\n|upkeep\n|turn|31\n|\n|t:|1739634723\n|switch|p1a: Tauros|Tauros|70/100\n|move|p2a: Snorlax|Rest|p2a: Snorlax\n|-status|p2a: Snorlax|slp|[from] move: Rest\n|-heal|p2a: Snorlax|100/100 slp|[silent]\n|\n|upkeep\n|turn|32\n|\n|t:|1739634735\n|move|p1a: Tauros|Body Slam|p2a: Snorlax\n|-damage|p2a: Snorlax|74/100 slp\n|cant|p2a: Snorlax|slp\n|\n|upkeep\n|turn|33\n|\n|t:|1739634740\n|move|p1a: Tauros|Body Slam|p2a: Snorlax\n|-damage|p2a: Snorlax|49/100 slp\n|-curestatus|p2a: Snorlax|slp|[msg]\n|\n|upkeep\n|turn|34\n|\n|t:|1739634752\n|switch|p2a: Starmie|Starmie|100/100\n|move|p1a: Tauros|Body Slam|p2a: Starmie\n|-damage|p2a: Starmie|68/100\n|\n|upkeep\n|turn|35\n|\n|t:|1739634759\n|switch|p1a: Chansey|Chansey|100/100 par\n|move|p2a: Starmie|Recover|p2a: Starmie\n|-heal|p2a: Starmie|100/100\n|\n|upkeep\n|turn|36\n|\n|t:|1739634763\n|switch|p2a: Snorlax|Snorlax|49/100\n|move|p1a: Chansey|Thunder Wave|p2a: Snorlax\n|-status|p2a: Snorlax|par\n|\n|upkeep\n|turn|37\n|\n|t:|1739634774\n|switch|p1a: Snorlax|Snorlax|100/100\n|move|p2a: Snorlax|Reflect|p2a: Snorlax\n|-start|p2a: Snorlax|Reflect\n|\n|upkeep\n|turn|38\n|inactive|Sceptross has 150 seconds left.\n|\n|t:|1739634804\n|switch|p1a: Exeggutor|Exeggutor|100/100 slp\n|cant|p2a: Snorlax|par\n|\n|upkeep\n|turn|39\n|inactive|Sceptross has 150 seconds left.\n|\n|t:|1739634814\n|cant|p1a: Exeggutor|slp\n|move|p2a: Snorlax|Body Slam|p1a: Exeggutor\n|-damage|p1a: Exeggutor|72/100 slp\n|\n|upkeep\n|turn|40\n|\n|t:|1739634819\n|cant|p1a: Exeggutor|slp\n|move|p2a: Snorlax|Body Slam|p1a: Exeggutor\n|-damage|p1a: Exeggutor|42/100 slp\n|\n|upkeep\n|turn|41\n|\n|t:|1739634822\n|-curestatus|p1a: Exeggutor|slp|[msg]\n|move|p2a: Snorlax|Hyper Beam|p1a: Exeggutor\n|-damage|p1a: Exeggutor|0 fnt\n|faint|p1a: Exeggutor\n|\n|t:|1739634838\n|switch|p1a: Tauros|Tauros|70/100\n|turn|42\n|\n|t:|1739634864\n|move|p1a: Tauros|Body Slam|p2a: Snorlax\n|-damage|p2a: Snorlax|36/100 par\n|move|p2a: Snorlax|Rest|p2a: Snorlax\n|-status|p2a: Snorlax|slp|[from] move: Rest\n|-heal|p2a: Snorlax|100/100 slp|[silent]\n|\n|upkeep\n|turn|43\n|\n|t:|1739634871\n|move|p1a: Tauros|Body Slam|p2a: Snorlax\n|-damage|p2a: Snorlax|87/100 slp\n|cant|p2a: Snorlax|slp\n|\n|upkeep\n|turn|44\n|\n|t:|1739634873\n|move|p1a: Tauros|Body Slam|p2a: Snorlax\n|-damage|p2a: Snorlax|75/100 slp\n|-curestatus|p2a: Snorlax|slp|[msg]\n|\n|upkeep\n|turn|45\n|\n|t:|1739634877\n|switch|p1a: Snorlax|Snorlax|100/100\n|move|p2a: Snorlax|Body Slam|p1a: Snorlax\n|-damage|p1a: Snorlax|75/100\n|\n|upkeep\n|turn|46\n|inactive|Sceptross has 180 seconds left.\n|\n|t:|1739634899\n|move|p1a: Snorlax|Reflect|p1a: Snorlax\n|-start|p1a: Snorlax|Reflect\n|move|p2a: Snorlax|Body Slam|p1a: Snorlax\n|-damage|p1a: Snorlax|61/100\n|\n|upkeep\n|turn|47\n|inactive|Sceptross has 180 seconds left.\n|\n|t:|1739634906\n|move|p1a: Snorlax|Body Slam|p2a: Snorlax\n|-damage|p2a: Snorlax|61/100\n|move|p2a: Snorlax|Body Slam|p1a: Snorlax\n|-damage|p1a: Snorlax|47/100\n|\n|upkeep\n|turn|48\n|\n|t:|1739634910\n|move|p1a: Snorlax|Rest|p1a: Snorlax\n|-status|p1a: Snorlax|slp|[from] move: Rest\n|-heal|p1a: Snorlax|100/100 slp|[silent]\n|move|p2a: Snorlax|Rest|p2a: Snorlax\n|-status|p2a: Snorlax|slp|[from] move: Rest\n|-heal|p2a: Snorlax|100/100 slp|[silent]\n|\n|upkeep\n|turn|49\n|\n|t:|1739634917\n|cant|p1a: Snorlax|slp\n|cant|p2a: Snorlax|slp\n|\n|upkeep\n|turn|50\n|\n|t:|1739634934\n|-curestatus|p1a: Snorlax|slp|[msg]\n|-curestatus|p2a: Snorlax|slp|[msg]\n|\n|upkeep\n|turn|51\n|inactive|Sceptross has 210 seconds left.\n|\n|t:|1739634947\n|move|p1a: Snorlax|Body Slam|p2a: Snorlax\n|-damage|p2a: Snorlax|87/100\n|move|p2a: Snorlax|Body Slam|p1a: Snorlax\n|-damage|p1a: Snorlax|88/100\n|\n|upkeep\n|turn|52\n|inactive|Sceptross has 210 seconds left.\n|\n|t:|1739634961\n|move|p1a: Snorlax|Body Slam|p2a: Snorlax\n|-damage|p2a: Snorlax|74/100\n|move|p2a: Snorlax|Body Slam|p1a: Snorlax\n|-damage|p1a: Snorlax|74/100\n|\n|upkeep\n|turn|53\n|inactive|Sceptross has 210 seconds left.\n|\n|t:|1739634975\n|move|p1a: Snorlax|Body Slam|p2a: Snorlax\n|-damage|p2a: Snorlax|60/100\n|move|p2a: Snorlax|Rest|p2a: Snorlax\n|-status|p2a: Snorlax|slp|[from] move: Rest\n|-heal|p2a: Snorlax|100/100 slp|[silent]\n|\n|upkeep\n|turn|54\n|\n|t:|1739634982\n|move|p1a: Snorlax|Rest|p1a: Snorlax\n|-status|p1a: Snorlax|slp|[from] move: Rest\n|-heal|p1a: Snorlax|100/100 slp|[silent]\n|cant|p2a: Snorlax|slp\n|\n|upkeep\n|turn|55\n|\n|t:|1739634987\n|cant|p1a: Snorlax|slp\n|-curestatus|p2a: Snorlax|slp|[msg]\n|\n|upkeep\n|turn|56\n|\n|t:|1739634990\n|switch|p2a: Exeggutor|Exeggutor|78/100\n|-curestatus|p1a: Snorlax|slp|[msg]\n|\n|upkeep\n|turn|57\n|\n|t:|1739634998\n|switch|p2a: Snorlax|Snorlax|100/100\n|switch|p1a: Chansey|Chansey|100/100 par\n|\n|upkeep\n|turn|58\n|\n|t:|1739635003\n|switch|p1a: Snorlax|Snorlax|100/100\n|move|p2a: Snorlax|Body Slam|p1a: Snorlax\n|-damage|p1a: Snorlax|75/100\n|\n|upkeep\n|turn|59\n|\n|t:|1739635006\n|move|p2a: Snorlax|Body Slam|p1a: Snorlax\n|-damage|p1a: Snorlax|48/100\n|move|p1a: Snorlax|Reflect|p1a: Snorlax\n|-start|p1a: Snorlax|Reflect\n|\n|upkeep\n|turn|60\n|inactive|Sceptross has 270 seconds left.\n|\n|t:|1739635024\n|move|p2a: Snorlax|Reflect|p2a: Snorlax\n|-start|p2a: Snorlax|Reflect\n|move|p1a: Snorlax|Body Slam|p2a: Snorlax\n|-damage|p2a: Snorlax|87/100\n|\n|upkeep\n|turn|61\n|inactive|Sceptross has 270 seconds left.\n|\n|t:|1739635039\n|move|p2a: Snorlax|Body Slam|p1a: Snorlax\n|-damage|p1a: Snorlax|35/100\n|move|p1a: Snorlax|Rest|p1a: Snorlax\n|-status|p1a: Snorlax|slp|[from] move: Rest\n|-heal|p1a: Snorlax|100/100 slp|[silent]\n|\n|upkeep\n|turn|62\n|\n|t:|1739635042\n|move|p2a: Snorlax|Body Slam|p1a: Snorlax\n|-damage|p1a: Snorlax|87/100 slp\n|cant|p1a: Snorlax|slp\n|\n|upkeep\n|turn|63\n|\n|t:|1739635045\n|switch|p2a: Exeggutor|Exeggutor|78/100\n|-curestatus|p1a: Snorlax|slp|[msg]\n|\n|upkeep\n|turn|64\n|\n|t:|1739635050\n|switch|p2a: Snorlax|Snorlax|87/100\n|switch|p1a: Chansey|Chansey|100/100 par\n|\n|upkeep\n|turn|65\n|\n|t:|1739635055\n|switch|p1a: Snorlax|Snorlax|87/100\n|move|p2a: Snorlax|Body Slam|p1a: Snorlax\n|-damage|p1a: Snorlax|62/100\n|\n|upkeep\n|turn|66\n|\n|t:|1739635058\n|move|p1a: Snorlax|Reflect|p1a: Snorlax\n|-start|p1a: Snorlax|Reflect\n|move|p2a: Snorlax|Body Slam|p1a: Snorlax\n|-crit|p1a: Snorlax\n|-damage|p1a: Snorlax|14/100\n|\n|upkeep\n|turn|67\n|\n|t:|1739635065\n|switch|p2a: Exeggutor|Exeggutor|78/100\n|move|p1a: Snorlax|Rest|p1a: Snorlax\n|-status|p1a: Snorlax|slp|[from] move: Rest\n|-heal|p1a: Snorlax|100/100 slp|[silent]\n|\n|upkeep\n|turn|68\n|\n|t:|1739635069\n|move|p2a: Exeggutor|Psychic|p1a: Snorlax\n|-damage|p1a: Snorlax|72/100 slp\n|cant|p1a: Snorlax|slp\n|\n|upkeep\n|turn|69\n|\n|t:|1739635085\n|switch|p1a: Chansey|Chansey|100/100 par\n|move|p2a: Exeggutor|Psychic|p1a: Chansey\n|-damage|p1a: Chansey|84/100 par\n|-unboost|p1a: Chansey|spa|1\n|-unboost|p1a: Chansey|spd|1\n|\n|upkeep\n|turn|70\n|\n|t:|1739635109\n|move|p2a: Exeggutor|Psychic|p1a: Chansey\n|-damage|p1a: Chansey|58/100 par\n|move|p1a: Chansey|Thunder Wave|p2a: Exeggutor\n|-status|p2a: Exeggutor|par\n|\n|upkeep\n|turn|71\n|\n|t:|1739635118\n|switch|p2a: Snorlax|Snorlax|87/100\n|cant|p1a: Chansey|par\n|\n|upkeep\n|turn|72\n|inactive|Luispeikou has 270 seconds left.\n|inactive|Luispeikou has 240 seconds left.\n|\n|t:|1739635186\n|switch|p1a: Starmie|Starmie|100/100\n|move|p2a: Snorlax|Body Slam|p1a: Starmie\n|-damage|p1a: Starmie|66/100\n|-status|p1a: Starmie|par\n|\n|upkeep\n|turn|73\n|\n|t:|1739635199\n|move|p2a: Snorlax|Body Slam|p1a: Starmie\n|-damage|p1a: Starmie|27/100 par\n|move|p1a: Starmie|Recover|p1a: Starmie\n|-heal|p1a: Starmie|77/100 par\n|\n|upkeep\n|turn|74\n|\n|t:|1739635204\n|move|p2a: Snorlax|Body Slam|p1a: Starmie\n|-damage|p1a: Starmie|42/100 par\n|move|p1a: Starmie|Recover|p1a: Starmie\n|-heal|p1a: Starmie|92/100 par\n|\n|upkeep\n|turn|75\n|\n|t:|1739635208\n|move|p2a: Snorlax|Body Slam|p1a: Starmie\n|-damage|p1a: Starmie|57/100 par\n|move|p1a: Starmie|Thunder Wave|p2a: Snorlax\n|-status|p2a: Snorlax|par\n|\n|upkeep\n|turn|76\n|inactive|Sceptross has 270 seconds left.\n|inactive|Sceptross has 240 seconds left.\n|\n|t:|1739635273\n|switch|p2a: Tauros|Tauros|100/100\n|move|p1a: Starmie|Recover|p1a: Starmie\n|-heal|p1a: Starmie|100/100 par\n|\n|upkeep\n|turn|77\n|inactive|Luispeikou has 270 seconds left.\n|inactive|Sceptross has 240 seconds left.\n|\n|t:|1739635284\n|switch|p2a: Exeggutor|Exeggutor|78/100 par\n|move|p1a: Starmie|Thunder Wave|p2a: Exeggutor\n|-fail|p2a: Exeggutor|par\n|\n|upkeep\n|turn|78\n|inactive|Sceptross has 240 seconds left.\n|\n|t:|1739635306\n|switch|p2a: Snorlax|Snorlax|87/100 par\n|cant|p1a: Starmie|par\n|\n|upkeep\n|turn|79\n|\n|t:|1739635311\n|move|p1a: Starmie|Surf|p2a: Snorlax\n|-damage|p2a: Snorlax|60/100 par\n|move|p2a: Snorlax|Body Slam|p1a: Starmie\n|-damage|p1a: Starmie|61/100 par\n|\n|upkeep\n|turn|80\n|\n|t:|1739635318\n|move|p1a: Starmie|Recover|p1a: Starmie\n|-heal|p1a: Starmie|100/100 par\n|cant|p2a: Snorlax|par\n|\n|upkeep\n|turn|81\n|inactive|Sceptross has 240 seconds left.\n|\n|t:|1739635341\n|switch|p2a: Exeggutor|Exeggutor|78/100 par\n|cant|p1a: Starmie|par\n|\n|upkeep\n|turn|82\n|\n|t:|1739635346\n|move|p1a: Starmie|Surf|p2a: Exeggutor\n|-resisted|p2a: Exeggutor\n|-damage|p2a: Exeggutor|66/100 par\n|move|p2a: Exeggutor|Psychic|p1a: Starmie\n|-resisted|p1a: Starmie\n|-damage|p1a: Starmie|82/100 par\n|-unboost|p1a: Starmie|spa|1\n|-unboost|p1a: Starmie|spd|1\n|\n|upkeep\n|turn|83\n|inactive|Sceptross has 240 seconds left.\n|\n|t:|1739635367\n|switch|p2a: Snorlax|Snorlax|60/100 par\n|move|p1a: Starmie|Surf|p2a: Snorlax\n|-crit|p2a: Snorlax\n|-damage|p2a: Snorlax|4/100 par\n|\n|upkeep\n|turn|84\n|inactive|Sceptross has 240 seconds left.\n|\n|t:|1739635374\n|switch|p1a: Tauros|Tauros|70/100\n|move|p2a: Snorlax|Body Slam|p1a: Tauros\n|-damage|p1a: Tauros|39/100\n|\n|upkeep\n|turn|85\n|\n|t:|1739635382\n|move|p1a: Tauros|Body Slam|p2a: Snorlax\n|-damage|p2a: Snorlax|0 fnt\n|faint|p2a: Snorlax\n|inactive|Sceptross has 240 seconds left.\n|\n|t:|1739635395\n|switch|p2a: Tauros|Tauros|100/100\n|turn|86\n|inactive|Sceptross has 240 seconds left.\n|\n|t:|1739635406\n|move|p2a: Tauros|Body Slam|p1a: Tauros\n|-damage|p1a: Tauros|8/100\n|move|p1a: Tauros|Hyper Beam|p2a: Tauros\n|-damage|p2a: Tauros|53/100\n|-mustrecharge|p1a: Tauros\n|\n|upkeep\n|turn|87\n|\n|t:|1739635412\n|move|p2a: Tauros|Body Slam|p1a: Tauros\n|-damage|p1a: Tauros|0 fnt\n|faint|p1a: Tauros\n|\n|t:|1739635416\n|switch|p1a: Starmie|Starmie|82/100 par\n|turn|88\n|\n|t:|1739635430\n|switch|p2a: Exeggutor|Exeggutor|66/100 par\n|move|p1a: Starmie|Thunder Wave|p2a: Exeggutor\n|-fail|p2a: Exeggutor|par\n|\n|upkeep\n|turn|89\n|\n|t:|1739635445\n|move|p1a: Starmie|Surf|p2a: Exeggutor\n|-resisted|p2a: Exeggutor\n|-damage|p2a: Exeggutor|55/100 par\n|move|p2a: Exeggutor|Psychic|p1a: Starmie\n|-resisted|p1a: Starmie\n|-damage|p1a: Starmie|65/100 par\n|\n|upkeep\n|turn|90\n|\n|t:|1739635451\n|switch|p1a: Chansey|Chansey|58/100 par\n|move|p2a: Exeggutor|Explosion|p1a: Chansey\n|-damage|p1a: Chansey|0 fnt\n|faint|p1a: Chansey\n|faint|p2a: Exeggutor\n|inactive|Sceptross has 240 seconds left.\n|inactive|Sceptross has 210 seconds left.\n|\n|t:|1739635538\n|switch|p2a: Starmie|Starmie|100/100\n|switch|p1a: Starmie|Starmie|65/100 par\n|turn|91\n|\n|t:|1739635542\n|move|p2a: Starmie|Psychic|p1a: Starmie\n|-resisted|p1a: Starmie\n|-damage|p1a: Starmie|49/100 par\n|-unboost|p1a: Starmie|spa|1\n|-unboost|p1a: Starmie|spd|1\n|move|p1a: Starmie|Recover|p1a: Starmie\n|-heal|p1a: Starmie|99/100 par\n|\n|upkeep\n|turn|92\n|\n|t:|1739635547\n|move|p2a: Starmie|Psychic|p1a: Starmie\n|-resisted|p1a: Starmie\n|-damage|p1a: Starmie|72/100 par\n|-unboost|p1a: Starmie|spa|1\n|-unboost|p1a: Starmie|spd|1\n|move|p1a: Starmie|Thunder Wave|p2a: Starmie\n|-status|p2a: Starmie|par\n|\n|upkeep\n|turn|93\n|\n|t:|1739635558\n|move|p2a: Starmie|Psychic|p1a: Starmie\n|-crit|p1a: Starmie\n|-resisted|p1a: Starmie\n|-damage|p1a: Starmie|38/100 par\n|move|p1a: Starmie|Recover|p1a: Starmie\n|-heal|p1a: Starmie|88/100 par\n|\n|upkeep\n|turn|94\n|\n|t:|1739635574\n|move|p2a: Starmie|Psychic|p1a: Starmie\n|-resisted|p1a: Starmie\n|-damage|p1a: Starmie|53/100 par\n|move|p1a: Starmie|Recover|p1a: Starmie\n|-heal|p1a: Starmie|100/100 par\n|\n|upkeep\n|turn|95\n|\n|t:|1739635590\n|move|p2a: Starmie|Psychic|p1a: Starmie\n|-resisted|p1a: Starmie\n|-damage|p1a: Starmie|67/100 par\n|cant|p1a: Starmie|par\n|\n|upkeep\n|turn|96\n|\n|t:|1739635596\n|move|p2a: Starmie|Psychic|p1a: Starmie\n|-resisted|p1a: Starmie\n|-damage|p1a: Starmie|32/100 par\n|cant|p1a: Starmie|par\n|\n|upkeep\n|turn|97\n|\n|t:|1739635603\n|switch|p1a: Snorlax|Snorlax|72/100 slp\n|move|p2a: Starmie|Psychic|p1a: Snorlax\n|-damage|p1a: Snorlax|47/100 slp\n|-unboost|p1a: Snorlax|spa|1\n|-unboost|p1a: Snorlax|spd|1\n|\n|upkeep\n|turn|98\n|inactive|Sceptross has 210 seconds left.\n|inactive|Sceptross has 180 seconds left.\n|inactive|Sceptross has 150 seconds left.\n|\n|t:|1739635694\n|-curestatus|p1a: Snorlax|slp|[msg]\n|move|p2a: Starmie|Thunder Wave|p1a: Snorlax\n|-status|p1a: Snorlax|par\n|\n|upkeep\n|turn|99\n|\n|t:|1739635702\n|switch|p2a: Tauros|Tauros|53/100\n|move|p1a: Snorlax|Rest|p1a: Snorlax\n|-status|p1a: Snorlax|slp|[from] move: Rest\n|-heal|p1a: Snorlax|100/100 slp|[silent]\n|\n|upkeep\n|turn|100\n|\n|t:|1739635706\n|move|p2a: Tauros|Body Slam|p1a: Snorlax\n|-damage|p1a: Snorlax|74/100 slp\n|cant|p1a: Snorlax|slp\n|\n|upkeep\n|turn|101\n|\n|t:|1739635709\n|move|p2a: Tauros|Body Slam|p1a: Snorlax\n|-damage|p1a: Snorlax|48/100 slp\n|-curestatus|p1a: Snorlax|slp|[msg]\n|\n|upkeep\n|turn|102\n|\n|t:|1739635730\n|switch|p2a: Starmie|Starmie|100/100 par\n|move|p1a: Snorlax|Hyper Beam|p2a: Starmie|[miss]\n|-miss|p1a: Snorlax\n|\n|upkeep\n|turn|103\n|\n|t:|1739635743\n|move|p2a: Starmie|Psychic|p1a: Snorlax\n|-damage|p1a: Snorlax|8/100\n|-unboost|p1a: Snorlax|spa|1\n|-unboost|p1a: Snorlax|spd|1\n|move|p1a: Snorlax|Body Slam|p2a: Starmie\n|-damage|p2a: Starmie|63/100 par\n|\n|upkeep\n|turn|104\n|inactive|Sceptross has 150 seconds left.\n|inactive|Sceptross has 120 seconds left.\n|\n|t:|1739635800\n|move|p2a: Starmie|Thunder Wave|p1a: Snorlax\n|-status|p1a: Snorlax|par\n|cant|p1a: Snorlax|par\n|\n|upkeep\n|turn|105\n|\n|t:|1739635819\n|move|p2a: Starmie|Recover|p2a: Starmie\n|-heal|p2a: Starmie|100/100 par\n|move|p1a: Snorlax|Rest|p1a: Snorlax\n|-status|p1a: Snorlax|slp|[from] move: Rest\n|-heal|p1a: Snorlax|100/100 slp|[silent]\n|\n|upkeep\n|turn|106\n|\n|t:|1739635826\n|move|p2a: Starmie|Psychic|p1a: Snorlax\n|-damage|p1a: Snorlax|49/100 slp\n|-unboost|p1a: Snorlax|spa|1\n|-unboost|p1a: Snorlax|spd|1\n|cant|p1a: Snorlax|slp\n|\n|upkeep\n|turn|107\n|inactive|Sceptross has 120 seconds left.\n|\n|t:|1739635848\n|cant|p2a: Starmie|par\n|-curestatus|p1a: Snorlax|slp|[msg]\n|\n|upkeep\n|turn|108\n|\n|t:|1739635855\n|switch|p1a: Starmie|Starmie|32/100 par\n|move|p2a: Starmie|Psychic|p1a: Starmie\n|-resisted|p1a: Starmie\n|-damage|p1a: Starmie|15/100 par\n|\n|upkeep\n|turn|109\n|\n|t:|1739635861\n|move|p2a: Starmie|Psychic|p1a: Starmie\n|-resisted|p1a: Starmie\n|-damage|p1a: Starmie|0 fnt\n|faint|p1a: Starmie\n|\n|t:|1739635865\n|switch|p1a: Snorlax|Snorlax|49/100\n|turn|110\n|\n|t:|1739635870\n|move|p1a: Snorlax|Body Slam|p2a: Starmie\n|-damage|p2a: Starmie|65/100 par\n|cant|p2a: Starmie|par\n|\n|upkeep\n|turn|111\n|inactive|Luispeikou has 270 seconds left.\n|inactive|Luispeikou has 240 seconds left.\n|\n|t:|1739635937\n|move|p1a: Snorlax|Hyper Beam|p2a: Starmie\n|-damage|p2a: Starmie|4/100 par\n|-mustrecharge|p1a: Snorlax\n|move|p2a: Starmie|Psychic|p1a: Snorlax\n|-crit|p1a: Snorlax\n|-damage|p1a: Snorlax|0 fnt\n|faint|p1a: Snorlax\n|\n|win|Sceptross\n|c|☆Luispeikou|ggs\n|c|☆Sceptross|ggs\n|player|p1|\n","uploadtime":1739635937,"views":"3475","formatid":"gen1ou","rating":null,"private":0,"password":null}