{"id":"smogtours-gen1ou-946423","format":"[Gen 1] OU","players":["Enigami","magialice"],"log":"|inactive|Battle timer is ON: inactive players will automatically lose when time's up.\n|t:|1781396863\n|gametype|singles\n|player|p1|Enigami|oak-gen1rb|\n|player|p2|magialice|#pmplivdachsbuns|\n|gen|1\n|tier|[Gen 1] OU\n|rule|Desync Clause Mod: Desyncs changed to move failure.\n|rule|HP Percentage Mod: HP is shown in percentages\n|rule|Endless Battle Clause: Forcing endless battles is banned\n|rule|Sleep Clause Mod: Limit one foe put to sleep\n|rule|Freeze Clause Mod: Limit one foe frozen\n|rule|Species Clause: Limit one of each Pokémon\n|rule|OHKO Clause: OHKO moves are banned\n|rule|Evasion Moves Clause: Evasion moves are banned\n|\n|t:|1781396863\n|teamsize|p1|6\n|teamsize|p2|6\n|start\n|switch|p1a: Jynx|Jynx|100/100\n|switch|p2a: Jynx|Jynx|100/100\n|turn|1\n|c|☆magialice|glhf\n|c|☆Enigami|u2\n|\n|t:|1781396869\n|move|p2a: Jynx|Lovely Kiss|p1a: Jynx\n|-status|p1a: Jynx|slp|[from] move: Lovely Kiss\n|cant|p1a: Jynx|slp\n|\n|upkeep\n|turn|2\n|\n|t:|1781396875\n|switch|p2a: Tauros|Tauros|100/100\n|cant|p1a: Jynx|slp\n|\n|upkeep\n|turn|3\n|\n|t:|1781396880\n|switch|p1a: Exeggutor|Exeggutor|100/100\n|move|p2a: Tauros|Body Slam|p1a: Exeggutor\n|-damage|p1a: Exeggutor|72/100\n|\n|upkeep\n|turn|4\n|\n|t:|1781396888\n|switch|p2a: Jynx|Jynx|100/100\n|move|p1a: Exeggutor|Sleep Powder|p2a: Jynx\n|-status|p2a: Jynx|slp|[from] move: Sleep Powder\n|\n|upkeep\n|turn|5\n|\n|t:|1781396906\n|switch|p2a: Chansey|Chansey|100/100\n|switch|p1a: Snorlax|Snorlax|100/100\n|\n|upkeep\n|turn|6\n|\n|t:|1781396926\n|move|p2a: Chansey|Thunder Wave|p1a: Snorlax\n|-status|p1a: Snorlax|par\n|move|p1a: Snorlax|Amnesia|p1a: Snorlax\n|-boost|p1a: Snorlax|spa|2\n|-boost|p1a: Snorlax|spd|2\n|\n|upkeep\n|turn|7\n|\n|t:|1781396945\n|switch|p2a: Cloyster|Cloyster|100/100\n|cant|p1a: Snorlax|par\n|\n|upkeep\n|turn|8\n|\n|t:|1781396948\n|move|p2a: Cloyster|Clamp|p1a: Snorlax\n|-crit|p1a: Snorlax\n|-damage|p1a: Snorlax|81/100 par\n|cant|p1a: Snorlax|partiallytrapped\n|\n|upkeep\n|turn|9\n|\n|t:|1781396952\n|switch|p1a: Starmie|Starmie|100/100\n|move|p2a: Cloyster|Clamp|p1a: Starmie|[miss]\n|-miss|p2a: Cloyster\n|\n|upkeep\n|turn|10\n|\n|t:|1781396957\n|switch|p2a: Chansey|Chansey|100/100\n|move|p1a: Starmie|Thunder Wave|p2a: Chansey\n|-status|p2a: Chansey|par\n|\n|upkeep\n|turn|11\n|\n|t:|1781396962\n|switch|p1a: Snorlax|Snorlax|81/100 par\n|move|p2a: Chansey|Ice Beam|p1a: Snorlax\n|-damage|p1a: Snorlax|62/100 par\n|\n|upkeep\n|turn|12\n|\n|t:|1781396965\n|switch|p2a: Cloyster|Cloyster|100/100\n|move|p1a: Snorlax|Body Slam|p2a: Cloyster\n|-damage|p2a: Cloyster|77/100\n|\n|upkeep\n|turn|13\n|\n|t:|1781396970\n|move|p2a: Cloyster|Blizzard|p1a: Snorlax\n|-crit|p1a: Snorlax\n|-damage|p1a: Snorlax|0 fnt\n|faint|p1a: Snorlax\n|\n|t:|1781396978\n|switch|p1a: Starmie|Starmie|100/100\n|turn|14\n|\n|t:|1781396982\n|switch|p1a: Zapdos|Zapdos|100/100\n|switch|p2a: Chansey|Chansey|100/100 par\n|\n|upkeep\n|turn|15\n|\n|t:|1781396986\n|switch|p2a: Rhydon|Rhydon|100/100\n|move|p1a: Zapdos|Drill Peck|p2a: Rhydon\n|-resisted|p2a: Rhydon\n|-damage|p2a: Rhydon|91/100\n|\n|upkeep\n|turn|16\n|\n|t:|1781396993\n|switch|p1a: Exeggutor|Exeggutor|72/100\n|move|p2a: Rhydon|Body Slam|p1a: Exeggutor\n|-crit|p1a: Exeggutor\n|-damage|p1a: Exeggutor|25/100\n|\n|upkeep\n|turn|17\n|\n|t:|1781397002\n|switch|p2a: Jynx|Jynx|100/100 slp\n|move|p1a: Exeggutor|Explosion|p2a: Jynx\n|-damage|p2a: Jynx|0 fnt\n|faint|p2a: Jynx\n|faint|p1a: Exeggutor\n|\n|t:|1781397013\n|switch|p2a: Starmie|Starmie|100/100\n|switch|p1a: Zapdos|Zapdos|100/100\n|turn|18\n|\n|t:|1781397025\n|switch|p2a: Rhydon|Rhydon|91/100\n|switch|p1a: Tauros|Tauros|100/100\n|\n|upkeep\n|turn|19\n|\n|t:|1781397032\n|switch|p2a: Cloyster|Cloyster|77/100\n|move|p1a: Tauros|Blizzard|p2a: Cloyster\n|-resisted|p2a: Cloyster\n|-damage|p2a: Cloyster|70/100\n|\n|upkeep\n|turn|20\n|\n|t:|1781397035\n|switch|p1a: Jynx|Jynx|100/100 slp\n|move|p2a: Cloyster|Blizzard|p1a: Jynx\n|-resisted|p1a: Jynx\n|-damage|p1a: Jynx|82/100 slp\n|\n|upkeep\n|turn|21\n|\n|t:|1781397037\n|switch|p2a: Tauros|Tauros|100/100\n|cant|p1a: Jynx|slp\n|\n|upkeep\n|turn|22\n|\n|t:|1781397041\n|switch|p1a: Starmie|Starmie|100/100\n|move|p2a: Tauros|Body Slam|p1a: Starmie\n|-damage|p1a: Starmie|65/100\n|-status|p1a: Starmie|par\n|\n|upkeep\n|turn|23\n|\n|t:|1781397046\n|switch|p2a: Chansey|Chansey|100/100 par\n|cant|p1a: Starmie|par\n|\n|upkeep\n|turn|24\n|\n|t:|1781397051\n|move|p1a: Starmie|Recover|p1a: Starmie\n|-heal|p1a: Starmie|100/100 par\n|move|p2a: Chansey|Thunderbolt|p1a: Starmie\n|-supereffective|p1a: Starmie\n|-damage|p1a: Starmie|54/100 par\n|\n|upkeep\n|turn|25\n|\n|t:|1781397057\n|move|p1a: Starmie|Recover|p1a: Starmie\n|-heal|p1a: Starmie|100/100 par\n|move|p2a: Chansey|Thunder Wave|p1a: Starmie\n|-fail|p1a: Starmie|par\n|\n|upkeep\n|turn|26\n|\n|t:|1781397059\n|switch|p1a: Jynx|Jynx|82/100 slp\n|move|p2a: Chansey|Thunder Wave|p1a: Jynx\n|-fail|p1a: Jynx\n|\n|upkeep\n|turn|27\n|\n|t:|1781397061\n|switch|p2a: Tauros|Tauros|100/100\n|cant|p1a: Jynx|slp\n|\n|upkeep\n|turn|28\n|\n|t:|1781397064\n|move|p2a: Tauros|Body Slam|p1a: Jynx\n|-crit|p1a: Jynx\n|-damage|p1a: Jynx|0 fnt\n|faint|p1a: Jynx\n|\n|t:|1781397067\n|switch|p1a: Starmie|Starmie|100/100 par\n|turn|29\n|\n|t:|1781397070\n|switch|p2a: Chansey|Chansey|100/100 par\n|switch|p1a: Tauros|Tauros|100/100\n|\n|upkeep\n|turn|30\n|\n|t:|1781397077\n|switch|p2a: Starmie|Starmie|100/100\n|move|p1a: Tauros|Hyper Beam|p2a: Starmie\n|-crit|p2a: Starmie\n|-damage|p2a: Starmie|0 fnt\n|faint|p2a: Starmie\n|\n|t:|1781397082\n|switch|p2a: Tauros|Tauros|100/100\n|turn|31\n|\n|t:|1781397085\n|move|p2a: Tauros|Body Slam|p1a: Tauros\n|-damage|p1a: Tauros|72/100\n|move|p1a: Tauros|Body Slam|p2a: Tauros\n|-damage|p2a: Tauros|72/100\n|\n|upkeep\n|turn|32\n|\n|t:|1781397087\n|move|p1a: Tauros|Body Slam|p2a: Tauros\n|-damage|p2a: Tauros|43/100\n|move|p2a: Tauros|Body Slam|p1a: Tauros\n|-crit|p1a: Tauros\n|-damage|p1a: Tauros|12/100\n|\n|upkeep\n|turn|33\n|\n|t:|1781397104\n|switch|p2a: Cloyster|Cloyster|70/100\n|move|p1a: Tauros|Hyper Beam|p2a: Cloyster\n|-crit|p2a: Cloyster\n|-damage|p2a: Cloyster|0 fnt\n|faint|p2a: Cloyster\n|\n|t:|1781397110\n|switch|p2a: Rhydon|Rhydon|91/100\n|turn|34\n|\n|t:|1781397121\n|move|p1a: Tauros|Blizzard|p2a: Rhydon\n|-supereffective|p2a: Rhydon\n|-damage|p2a: Rhydon|33/100\n|move|p2a: Rhydon|Earthquake|p1a: Tauros\n|-damage|p1a: Tauros|0 fnt\n|faint|p1a: Tauros\n|\n|t:|1781397123\n|switch|p1a: Starmie|Starmie|100/100 par\n|turn|35\n|\n|t:|1781397126\n|switch|p2a: Chansey|Chansey|100/100 par\n|switch|p1a: Zapdos|Zapdos|100/100\n|\n|upkeep\n|turn|36\n|\n|t:|1781397128\n|switch|p2a: Rhydon|Rhydon|33/100\n|move|p1a: Zapdos|Drill Peck|p2a: Rhydon\n|-resisted|p2a: Rhydon\n|-damage|p2a: Rhydon|24/100\n|\n|upkeep\n|turn|37\n|\n|t:|1781397136\n|switch|p1a: Starmie|Starmie|100/100 par\n|move|p2a: Rhydon|Rest|p2a: Rhydon\n|-status|p2a: Rhydon|slp|[from] move: Rest\n|-heal|p2a: Rhydon|100/100 slp|[silent]\n|\n|upkeep\n|turn|38\n|\n|t:|1781397147\n|switch|p2a: Chansey|Chansey|100/100 par\n|switch|p1a: Zapdos|Zapdos|100/100\n|\n|upkeep\n|turn|39\n|\n|t:|1781397150\n|switch|p1a: Starmie|Starmie|100/100 par\n|switch|p2a: Rhydon|Rhydon|100/100 slp\n|\n|upkeep\n|turn|40\n|\n|t:|1781397153\n|switch|p2a: Chansey|Chansey|100/100 par\n|move|p1a: Starmie|Psychic|p2a: Chansey\n|-damage|p2a: Chansey|87/100 par\n|\n|upkeep\n|turn|41\n|\n|t:|1781397156\n|move|p1a: Starmie|Psychic|p2a: Chansey\n|-damage|p2a: Chansey|72/100 par\n|move|p2a: Chansey|Thunderbolt|p1a: Starmie\n|-supereffective|p1a: Starmie\n|-damage|p1a: Starmie|50/100 par\n|\n|upkeep\n|turn|42\n|\n|t:|1781397159\n|move|p1a: Starmie|Recover|p1a: Starmie\n|-heal|p1a: Starmie|99/100 par\n|cant|p2a: Chansey|par\n|\n|upkeep\n|turn|43\n|\n|t:|1781397161\n|move|p1a: Starmie|Psychic|p2a: Chansey\n|-damage|p2a: Chansey|57/100 par\n|-unboost|p2a: Chansey|spa|1\n|-unboost|p2a: Chansey|spd|1\n|move|p2a: Chansey|Thunderbolt|p1a: Starmie\n|-supereffective|p1a: Starmie\n|-damage|p1a: Starmie|69/100 par\n|\n|upkeep\n|turn|44\n|\n|t:|1781397164\n|move|p1a: Starmie|Psychic|p2a: Chansey\n|-damage|p2a: Chansey|35/100 par\n|move|p2a: Chansey|Soft-Boiled|p2a: Chansey\n|-heal|p2a: Chansey|85/100 par\n|\n|upkeep\n|turn|45\n|\n|t:|1781397167\n|move|p1a: Starmie|Psychic|p2a: Chansey\n|-damage|p2a: Chansey|62/100 par\n|move|p2a: Chansey|Thunderbolt|p1a: Starmie\n|-supereffective|p1a: Starmie\n|-damage|p1a: Starmie|40/100 par\n|\n|upkeep\n|turn|46\n|\n|t:|1781397169\n|switch|p2a: Tauros|Tauros|43/100\n|move|p1a: Starmie|Recover|p1a: Starmie\n|-heal|p1a: Starmie|90/100 par\n|\n|upkeep\n|turn|47\n|\n|t:|1781397173\n|switch|p2a: Chansey|Chansey|62/100 par\n|move|p1a: Starmie|Psychic|p2a: Chansey\n|-damage|p2a: Chansey|47/100 par\n|-unboost|p2a: Chansey|spa|1\n|-unboost|p2a: Chansey|spd|1\n|\n|upkeep\n|turn|48\n|\n|t:|1781397176\n|move|p1a: Starmie|Psychic|p2a: Chansey\n|-damage|p2a: Chansey|26/100 par\n|move|p2a: Chansey|Soft-Boiled|p2a: Chansey\n|-heal|p2a: Chansey|76/100 par\n|\n|upkeep\n|turn|49\n|\n|t:|1781397179\n|cant|p1a: Starmie|par\n|cant|p2a: Chansey|par\n|\n|upkeep\n|turn|50\n|\n|t:|1781397182\n|cant|p1a: Starmie|par\n|move|p2a: Chansey|Soft-Boiled|p2a: Chansey\n|-heal|p2a: Chansey|100/100 par\n|\n|upkeep\n|turn|51\n|\n|t:|1781397184\n|move|p1a: Starmie|Blizzard|p2a: Chansey\n|-damage|p2a: Chansey|82/100 par\n|cant|p2a: Chansey|par\n|\n|upkeep\n|turn|52\n|\n|t:|1781397187\n|move|p1a: Starmie|Psychic|p2a: Chansey\n|-damage|p2a: Chansey|58/100 par\n|move|p2a: Chansey|Thunderbolt|p1a: Starmie\n|-supereffective|p1a: Starmie\n|-damage|p1a: Starmie|60/100 par\n|\n|upkeep\n|turn|53\n|\n|t:|1781397191\n|switch|p2a: Tauros|Tauros|43/100\n|cant|p1a: Starmie|par\n|\n|upkeep\n|turn|54\n|\n|t:|1781397194\n|move|p2a: Tauros|Body Slam|p1a: Starmie\n|-damage|p1a: Starmie|26/100 par\n|move|p1a: Starmie|Recover|p1a: Starmie\n|-heal|p1a: Starmie|75/100 par\n|\n|upkeep\n|turn|55\n|\n|t:|1781397202\n|switch|p2a: Chansey|Chansey|58/100 par\n|cant|p1a: Starmie|par\n|\n|upkeep\n|turn|56\n|\n|t:|1781397205\n|move|p1a: Starmie|Psychic|p2a: Chansey\n|-damage|p2a: Chansey|44/100 par\n|-unboost|p2a: Chansey|spa|1\n|-unboost|p2a: Chansey|spd|1\n|move|p2a: Chansey|Thunderbolt|p1a: Starmie\n|-supereffective|p1a: Starmie\n|-damage|p1a: Starmie|44/100 par\n|\n|upkeep\n|turn|57\n|\n|t:|1781397209\n|move|p1a: Starmie|Psychic|p2a: Chansey\n|-damage|p2a: Chansey|23/100 par\n|move|p2a: Chansey|Soft-Boiled|p2a: Chansey\n|-heal|p2a: Chansey|73/100 par\n|\n|upkeep\n|turn|58\n|\n|t:|1781397213\n|switch|p2a: Tauros|Tauros|43/100\n|cant|p1a: Starmie|par\n|\n|upkeep\n|turn|59\n|\n|t:|1781397217\n|switch|p1a: Zapdos|Zapdos|100/100\n|move|p2a: Tauros|Body Slam|p1a: Zapdos\n|-damage|p1a: Zapdos|71/100\n|\n|upkeep\n|turn|60\n|\n|t:|1781397223\n|switch|p2a: Rhydon|Rhydon|100/100 slp\n|switch|p1a: Starmie|Starmie|44/100 par\n|\n|upkeep\n|turn|61\n|\n|t:|1781397228\n|switch|p2a: Chansey|Chansey|73/100 par\n|move|p1a: Starmie|Psychic|p2a: Chansey\n|-damage|p2a: Chansey|58/100 par\n|\n|upkeep\n|turn|62\n|\n|t:|1781397229\n|move|p1a: Starmie|Recover|p1a: Starmie\n|-heal|p1a: Starmie|94/100 par\n|move|p2a: Chansey|Thunderbolt|p1a: Starmie\n|-supereffective|p1a: Starmie\n|-damage|p1a: Starmie|42/100 par\n|\n|upkeep\n|turn|63\n|\n|t:|1781397232\n|move|p1a: Starmie|Recover|p1a: Starmie\n|-heal|p1a: Starmie|92/100 par\n|move|p2a: Chansey|Thunderbolt|p1a: Starmie\n|-supereffective|p1a: Starmie\n|-damage|p1a: Starmie|42/100 par\n|\n|upkeep\n|turn|64\n|\n|t:|1781397236\n|cant|p1a: Starmie|par\n|move|p2a: Chansey|Thunderbolt|p1a: Starmie\n|-supereffective|p1a: Starmie\n|-damage|p1a: Starmie|0 fnt\n|faint|p1a: Starmie\n|c|☆Enigami|gg\n|-message|Enigami forfeited.\n|\n|win|magialice\n|c|☆magialice|gg\n","uploadtime":1781397240,"views":"68","formatid":"gen1ou","rating":null,"private":0,"password":null}