{"id":"smogtours-gen1ou-913433","format":"[Gen 1] OU","players":["Girls See Ghosts","LNumbers"],"log":"|inactive|Battle timer is ON: inactive players will automatically lose when time's up.\n|t:|1772378205\n|gametype|singles\n|player|p1|Girls See Ghosts|#rbtt9hoopers|\n|player|p2|LNumbers|#splxviityrants2|\n|gen|1\n|tier|[Gen 1] OU\n|rule|Desync Clause Mod: Desyncs changed to move failure.\n|rule|Sleep Clause Mod: Limit one foe put to sleep\n|rule|Freeze Clause Mod: Limit one foe frozen\n|rule|Species Clause: Limit one of each Pokémon\n|rule|OHKO Clause: OHKO moves are banned\n|rule|Evasion Moves Clause: Evasion moves are banned\n|rule|Endless Battle Clause: Forcing endless battles is banned\n|rule|HP Percentage Mod: HP is shown in percentages\n|\n|t:|1772378205\n|teamsize|p1|6\n|teamsize|p2|6\n|start\n|switch|p1a: Alakazam|Alakazam|100/100\n|switch|p2a: Jynx|Jynx|100/100\n|turn|1\n|c|☆LNumbers|hf\n|c|☆Girls See Ghosts|u2\n|\n|t:|1772378228\n|move|p1a: Alakazam|Thunder Wave|p2a: Jynx\n|-status|p2a: Jynx|par\n|cant|p2a: Jynx|par\n|\n|upkeep\n|turn|2\n|\n|t:|1772378237\n|move|p1a: Alakazam|Seismic Toss|p2a: Jynx\n|-damage|p2a: Jynx|70/100 par\n|cant|p2a: Jynx|par\n|\n|upkeep\n|turn|3\n|\n|t:|1772378243\n|move|p1a: Alakazam|Seismic Toss|p2a: Jynx\n|-damage|p2a: Jynx|40/100 par\n|move|p2a: Jynx|Lovely Kiss|p1a: Alakazam|[miss]\n|-miss|p2a: Jynx\n|\n|upkeep\n|turn|4\n|inactive|LNumbers has 270 seconds left.\n|\n|t:|1772378275\n|move|p1a: Alakazam|Psychic|p2a: Jynx\n|-crit|p2a: Jynx\n|-resisted|p2a: Jynx\n|-damage|p2a: Jynx|4/100 par\n|-unboost|p2a: Jynx|spa|1\n|-unboost|p2a: Jynx|spd|1\n|move|p2a: Jynx|Rest|p2a: Jynx\n|-status|p2a: Jynx|slp|[from] move: Rest\n|-heal|p2a: Jynx|100/100 slp|[silent]\n|\n|upkeep\n|turn|5\n|\n|t:|1772378284\n|move|p1a: Alakazam|Psychic|p2a: Jynx\n|-resisted|p2a: Jynx\n|-damage|p2a: Jynx|70/100 slp\n|-unboost|p2a: Jynx|spa|1\n|-unboost|p2a: Jynx|spd|1\n|cant|p2a: Jynx|slp\n|\n|upkeep\n|turn|6\n|inactive|LNumbers has 270 seconds left.\n|rated|Smogon Premier League\n|\n|t:|1772378312\n|switch|p2a: Alakazam|Alakazam|100/100\n|move|p1a: Alakazam|Psychic|p2a: Alakazam\n|-resisted|p2a: Alakazam\n|-damage|p2a: Alakazam|83/100\n|\n|upkeep\n|turn|7\n|\n|t:|1772378320\n|switch|p1a: Chansey|Chansey|100/100\n|switch|p2a: Jynx|Jynx|70/100 slp\n|\n|upkeep\n|turn|8\n|\n|t:|1772378332\n|-curestatus|p2a: Jynx|slp|[msg]\n|move|p1a: Chansey|Thunder Wave|p2a: Jynx\n|-status|p2a: Jynx|par\n|\n|upkeep\n|turn|9\n|\n|t:|1772378347\n|switch|p1a: Alakazam|Alakazam|100/100\n|move|p2a: Jynx|Lovely Kiss|p1a: Alakazam\n|-status|p1a: Alakazam|slp|[from] move: Lovely Kiss\n|\n|upkeep\n|turn|10\n|\n|t:|1772378356\n|switch|p1a: Chansey|Chansey|100/100\n|move|p2a: Jynx|Ice Beam|p1a: Chansey\n|-damage|p1a: Chansey|86/100\n|\n|upkeep\n|turn|11\n|\n|t:|1772378375\n|move|p1a: Chansey|Seismic Toss|p2a: Jynx\n|-damage|p2a: Jynx|40/100 par\n|move|p2a: Jynx|Ice Beam|p1a: Chansey\n|-damage|p1a: Chansey|70/100\n|\n|upkeep\n|turn|12\n|\n|t:|1772378382\n|move|p1a: Chansey|Seismic Toss|p2a: Jynx\n|-damage|p2a: Jynx|10/100 par\n|cant|p2a: Jynx|par\n|\n|upkeep\n|turn|13\n|inactive|LNumbers has 270 seconds left.\n|inactive|LNumbers has 240 seconds left.\n|inactive|LNumbers has 210 seconds left.\n|\n|t:|1772378499\n|switch|p2a: Gengar|Gengar|100/100\n|move|p1a: Chansey|Seismic Toss|p2a: Gengar\n|-damage|p2a: Gengar|70/100\n|\n|upkeep\n|turn|14\n|inactive|LNumbers has 180 seconds left.\n|inactive|LNumbers has 150 seconds left.\n|\n|t:|1772378555\n|move|p2a: Gengar|Night Shade|p1a: Chansey\n|-damage|p1a: Chansey|56/100\n|move|p1a: Chansey|Soft-Boiled|p1a: Chansey\n|-heal|p1a: Chansey|100/100\n|\n|upkeep\n|turn|15\n|\n|t:|1772378573\n|move|p2a: Gengar|Night Shade|p1a: Chansey\n|-damage|p1a: Chansey|86/100\n|move|p1a: Chansey|Seismic Toss|p2a: Gengar\n|-damage|p2a: Gengar|39/100\n|\n|upkeep\n|turn|16\n|inactive|Girls See Ghosts has 270 seconds left.\n|\n|t:|1772378619\n|switch|p1a: Alakazam|Alakazam|100/100 slp\n|move|p2a: Gengar|Night Shade|p1a: Alakazam\n|-damage|p1a: Alakazam|69/100 slp\n|\n|upkeep\n|turn|17\n|inactive|LNumbers has 120 seconds left.\n|\n|t:|1772378644\n|switch|p1a: Chansey|Chansey|86/100\n|move|p2a: Gengar|Night Shade|p1a: Chansey\n|-damage|p1a: Chansey|72/100\n|\n|upkeep\n|turn|18\n|inactive|LNumbers has 120 seconds left.\n|\n|t:|1772378658\n|move|p2a: Gengar|Night Shade|p1a: Chansey\n|-damage|p1a: Chansey|58/100\n|move|p1a: Chansey|Soft-Boiled|p1a: Chansey\n|-heal|p1a: Chansey|100/100\n|\n|upkeep\n|turn|19\n|inactive|LNumbers has 120 seconds left.\n|\n|t:|1772378668\n|move|p2a: Gengar|Explosion|p1a: Chansey\n|-crit|p1a: Chansey\n|-damage|p1a: Chansey|0 fnt\n|faint|p1a: Chansey\n|faint|p2a: Gengar\n|\n|t:|1772378694\n|switch|p2a: Cloyster|Cloyster|100/100\n|switch|p1a: Exeggutor|Exeggutor|100/100\n|turn|20\n|\n|t:|1772378708\n|switch|p1a: Starmie|Starmie|100/100\n|move|p2a: Cloyster|Clamp|p1a: Starmie|[miss]\n|-miss|p2a: Cloyster\n|\n|upkeep\n|turn|21\n|inactive|LNumbers has 90 seconds left.\n|inactive|Girls See Ghosts has 240 seconds left.\n|\n|t:|1772378764\n|switch|p1a: Exeggutor|Exeggutor|100/100\n|switch|p2a: Alakazam|Alakazam|83/100\n|\n|upkeep\n|turn|22\n|inactive|LNumbers has 60 seconds left.\n|inactive|LNumbers has 30 seconds left.\n|\n|t:|1772378812\n|switch|p2a: Jynx|Jynx|10/100 par\n|move|p1a: Exeggutor|Sleep Powder|p2a: Jynx\n|-fail|p2a: Jynx\n|\n|upkeep\n|turn|23\n|\n|t:|1772378818\n|switch|p2a: Cloyster|Cloyster|100/100\n|move|p1a: Exeggutor|Psychic|p2a: Cloyster\n|-damage|p2a: Cloyster|55/100\n|\n|upkeep\n|turn|24\n|\n|t:|1772378829\n|switch|p1a: Starmie|Starmie|100/100\n|move|p2a: Cloyster|Blizzard|p1a: Starmie\n|-resisted|p1a: Starmie\n|-damage|p1a: Starmie|82/100\n|\n|upkeep\n|turn|25\n|\n|t:|1772378842\n|switch|p2a: Alakazam|Alakazam|83/100\n|move|p1a: Starmie|Thunderbolt|p2a: Alakazam\n|-damage|p2a: Alakazam|64/100\n|\n|upkeep\n|turn|26\n|\n|t:|1772378849\n|switch|p1a: Exeggutor|Exeggutor|100/100\n|move|p2a: Alakazam|Thunder Wave|p1a: Exeggutor\n|-status|p1a: Exeggutor|par\n|\n|upkeep\n|turn|27\n|\n|t:|1772378857\n|move|p2a: Alakazam|Seismic Toss|p1a: Exeggutor\n|-damage|p1a: Exeggutor|75/100 par\n|move|p1a: Exeggutor|Psychic|p2a: Alakazam\n|-resisted|p2a: Alakazam\n|-damage|p2a: Alakazam|47/100\n|-unboost|p2a: Alakazam|spa|1\n|-unboost|p2a: Alakazam|spd|1\n|\n|upkeep\n|turn|28\n|\n|t:|1772378864\n|switch|p2a: Jynx|Jynx|10/100 par\n|move|p1a: Exeggutor|Sleep Powder|p2a: Jynx\n|-fail|p2a: Jynx\n|\n|upkeep\n|turn|29\n|inactive|LNumbers has 60 seconds left.\n|inactive|Girls See Ghosts has 270 seconds left.\n|\n|t:|1772378904\n|switch|p1a: Starmie|Starmie|82/100\n|move|p2a: Jynx|Ice Beam|p1a: Starmie\n|-resisted|p1a: Starmie\n|-damage|p1a: Starmie|66/100\n|\n|upkeep\n|turn|30\n|inactive|LNumbers has 30 seconds left.\n|\n|t:|1772378922\n|switch|p2a: Alakazam|Alakazam|47/100\n|move|p1a: Starmie|Surf|p2a: Alakazam\n|-crit|p2a: Alakazam\n|-damage|p2a: Alakazam|0 fnt\n|faint|p2a: Alakazam\n|inactive|LNumbers has 30 seconds left.\n|\n|t:|1772378934\n|switch|p2a: Exeggutor|Exeggutor|100/100\n|turn|31\n|inactive|LNumbers has 30 seconds left.\n|\n|t:|1772378955\n|switch|p1a: Exeggutor|Exeggutor|75/100 par\n|move|p2a: Exeggutor|Psychic|p1a: Exeggutor\n|-resisted|p1a: Exeggutor\n|-damage|p1a: Exeggutor|62/100 par\n|\n|upkeep\n|turn|32\n|inactive|LNumbers has 30 seconds left.\n|\n|t:|1772378966\n|move|p2a: Exeggutor|Psychic|p1a: Exeggutor\n|-resisted|p1a: Exeggutor\n|-damage|p1a: Exeggutor|48/100 par\n|-unboost|p1a: Exeggutor|spa|1\n|-unboost|p1a: Exeggutor|spd|1\n|move|p1a: Exeggutor|Psychic|p2a: Exeggutor\n|-resisted|p2a: Exeggutor\n|-damage|p2a: Exeggutor|92/100\n|\n|upkeep\n|turn|33\n|\n|t:|1772378975\n|switch|p2a: Jynx|Jynx|10/100 par\n|move|p1a: Exeggutor|Psychic|p2a: Jynx\n|-resisted|p2a: Jynx\n|-damage|p2a: Jynx|0 fnt\n|faint|p2a: Jynx\n|\n|t:|1772378978\n|switch|p2a: Cloyster|Cloyster|55/100\n|turn|34\n|\n|t:|1772378993\n|switch|p1a: Starmie|Starmie|66/100\n|move|p2a: Cloyster|Blizzard|p1a: Starmie\n|-resisted|p1a: Starmie\n|-damage|p1a: Starmie|48/100\n|\n|upkeep\n|turn|35\n|inactive|Girls See Ghosts has 270 seconds left.\n|\n|t:|1772379006\n|switch|p2a: Exeggutor|Exeggutor|92/100\n|move|p1a: Starmie|Recover|p1a: Starmie\n|-heal|p1a: Starmie|98/100\n|\n|upkeep\n|turn|36\n|inactive|LNumbers has 30 seconds left.\n|\n|t:|1772379035\n|move|p1a: Starmie|Thunderbolt|p2a: Exeggutor\n|-crit|p2a: Exeggutor\n|-resisted|p2a: Exeggutor\n|-damage|p2a: Exeggutor|76/100\n|-status|p2a: Exeggutor|par\n|cant|p2a: Exeggutor|par\n|\n|upkeep\n|turn|37\n|inactive|LNumbers has 30 seconds left.\n|\n|t:|1772379048\n|move|p1a: Starmie|Thunderbolt|p2a: Exeggutor\n|-resisted|p2a: Exeggutor\n|-damage|p2a: Exeggutor|68/100 par\n|move|p2a: Exeggutor|Stun Spore|p1a: Starmie\n|-status|p1a: Starmie|par\n|\n|upkeep\n|turn|38\n|inactive|LNumbers has 30 seconds left.\n|\n|t:|1772379066\n|switch|p1a: Exeggutor|Exeggutor|48/100 par\n|move|p2a: Exeggutor|Mega Drain|p1a: Exeggutor\n|-resisted|p1a: Exeggutor\n|-damage|p1a: Exeggutor|42/100 par\n|-heal|p2a: Exeggutor|71/100 par|[from] drain|[of] p1a: Exeggutor\n|\n|upkeep\n|turn|39\n|inactive|LNumbers has 30 seconds left.\n|\n|t:|1772379074\n|move|p1a: Exeggutor|Explosion|p2a: Exeggutor\n|-damage|p2a: Exeggutor|0 fnt\n|faint|p2a: Exeggutor\n|faint|p1a: Exeggutor\n|inactive|LNumbers has 30 seconds left.\n|inactive|LNumbers has 20 seconds left.\n|inactive|Girls See Ghosts has 270 seconds left.\n|inactive|LNumbers has 15 seconds left.\n|\n|t:|1772379111\n|switch|p2a: Cloyster|Cloyster|55/100\n|switch|p1a: Tauros|Tauros|100/100\n|turn|40\n|inactive|LNumbers has 25 seconds left this turn.\n|inactive|LNumbers has 20 seconds left.\n|inactive|LNumbers has 15 seconds left.\n|\n|t:|1772379121\n|move|p1a: Tauros|Body Slam|p2a: Cloyster\n|-crit|p2a: Cloyster\n|-damage|p2a: Cloyster|16/100\n|-status|p2a: Cloyster|par\n|cant|p2a: Cloyster|par\n|\n|upkeep\n|turn|41\n|inactive|LNumbers has 25 seconds left this turn.\n|c|☆LNumbers|.\n|inactive|Girls See Ghosts has 270 seconds left.\n|inactive|LNumbers has 20 seconds left.\n|inactive|LNumbers has 15 seconds left.\n|\n|t:|1772379133\n|move|p1a: Tauros|Body Slam|p2a: Cloyster\n|-damage|p2a: Cloyster|0 fnt\n|faint|p2a: Cloyster\n|inactive|LNumbers has 20 seconds left this turn.\n|\n|t:|1772379134\n|switch|p2a: Tauros|Tauros|100/100\n|turn|42\n|inactive|LNumbers has 30 seconds left this turn.\n|\n|t:|1772379142\n|move|p2a: Tauros|Hyper Beam|p1a: Tauros\n|-crit|p1a: Tauros\n|-damage|p1a: Tauros|8/100\n|-mustrecharge|p2a: Tauros\n|move|p1a: Tauros|Body Slam|p2a: Tauros\n|-damage|p2a: Tauros|72/100\n|\n|upkeep\n|turn|43\n|\n|t:|1772379150\n|move|p1a: Tauros|Hyper Beam|p2a: Tauros\n|-damage|p2a: Tauros|19/100\n|-mustrecharge|p1a: Tauros\n|cant|p2a: Tauros|recharge\n|\n|upkeep\n|turn|44\n|\n|t:|1772379153\n|cant|p1a: Tauros|recharge\n|move|p2a: Tauros|Body Slam|p1a: Tauros\n|-damage|p1a: Tauros|0 fnt\n|faint|p1a: Tauros\n|\n|t:|1772379155\n|switch|p1a: Snorlax|Snorlax|100/100\n|turn|45\n|\n|t:|1772379170\n|move|p2a: Tauros|Blizzard|p1a: Snorlax\n|-damage|p1a: Snorlax|83/100\n|move|p1a: Snorlax|Body Slam|p2a: Tauros\n|-damage|p2a: Tauros|0 fnt\n|faint|p2a: Tauros\n|\n|win|Girls See Ghosts\n|c|☆Girls See Ghosts|gg\n|c|☆LNumbers|gg\n","uploadtime":1772379170,"views":"1006","formatid":"gen1ou","rating":null,"private":0,"password":null}