{"id":"smogtours-gen1ou-965268","format":"[Gen 1] OU","players":["Kaz","LNumbers"],"log":"|inactive|Battle timer is ON: inactive players will automatically lose when time's up.\n|t:|1787340557\n|gametype|singles\n|player|p1|Kaz|#kaz|\n|player|p2|LNumbers|#rbywc2026|\n|gen|1\n|tier|[Gen 1] OU\n|rule|Desync Clause Mod: Desyncs resolve to link battle behavior from the acting player's perspective.\n|rule|HP Percentage Mod: HP is shown in percentages\n|rule|Endless Battle Clause: Forcing endless battles is banned\n|rule|Sleep Clause Mod: Limit one foe put to sleep\n|rule|Freeze Clause Mod: Limit one foe frozen\n|rule|Species Clause: Limit one of each Pokémon\n|rule|OHKO Clause: OHKO moves are banned\n|rule|Evasion Moves Clause: Evasion moves are banned\n|\n|t:|1787340557\n|teamsize|p1|6\n|teamsize|p2|6\n|start\n|switch|p1a: Gengar|Gengar|100/100\n|switch|p2a: Starmie|Starmie|100/100\n|turn|1\n|c|☆Kaz|hf\n|c|☆LNumbers|hf\n|inactive|Kaz has 270 seconds left.\n|inactive|LNumbers has 270 seconds left.\n|\n|t:|1787340601\n|move|p2a: Starmie|Psychic|p1a: Gengar\n|-supereffective|p1a: Gengar\n|-damage|p1a: Gengar|44/100\n|-unboost|p1a: Gengar|spa|1\n|-unboost|p1a: Gengar|spd|1\n|move|p1a: Gengar|Hypnosis|p2a: Starmie|[miss]\n|-miss|p1a: Gengar\n|\n|upkeep\n|turn|2\n|inactive|LNumbers has 270 seconds left.\n|\n|t:|1787340644\n|switch|p2a: Exeggutor|Exeggutor|100/100\n|switch|p1a: Exeggutor|Exeggutor|100/100\n|\n|upkeep\n|turn|3\n|\n|t:|1787340657\n|switch|p1a: Gengar|Gengar|44/100\n|move|p2a: Exeggutor|Sleep Powder|p1a: Gengar|[miss]\n|-miss|p2a: Exeggutor\n|\n|upkeep\n|turn|4\n|inactive|LNumbers has 270 seconds left.\n|\n|t:|1787340667\n|move|p1a: Gengar|Hypnosis|p2a: Exeggutor\n|-status|p2a: Exeggutor|slp|[from] move: Hypnosis\n|cant|p2a: Exeggutor|slp\n|\n|upkeep\n|turn|5\n|inactive|LNumbers has 270 seconds left.\n|\n|t:|1787340679\n|switch|p2a: Starmie|Starmie|100/100\n|move|p1a: Gengar|Night Shade|p2a: Starmie\n|-damage|p2a: Starmie|70/100\n|\n|upkeep\n|turn|6\n|inactive|LNumbers has 270 seconds left.\n|\n|t:|1787340696\n|switch|p1a: Starmie|Starmie|100/100\n|move|p2a: Starmie|Blizzard|p1a: Starmie|[miss]\n|-miss|p2a: Starmie\n|\n|upkeep\n|turn|7\n|\n|t:|1787340705\n|switch|p2a: Chansey|Chansey|100/100\n|switch|p1a: Chansey|Chansey|100/100\n|\n|upkeep\n|turn|8\n|inactive|LNumbers has 270 seconds left.\n|\n|t:|1787340714\n|move|p2a: Chansey|Sing|p1a: Chansey|[miss]\n|-miss|p2a: Chansey\n|move|p1a: Chansey|Thunder Wave|p2a: Chansey\n|-status|p2a: Chansey|par\n|\n|upkeep\n|turn|9\n|inactive|LNumbers has 270 seconds left.\n|\n|t:|1787340735\n|switch|p1a: Gengar|Gengar|44/100\n|move|p2a: Chansey|Sing|p1a: Gengar\n|-status|p1a: Gengar|slp|[from] move: Sing\n|\n|upkeep\n|turn|10\n|\n|t:|1787340742\n|switch|p1a: Chansey|Chansey|100/100\n|move|p2a: Chansey|Thunder Wave|p1a: Chansey\n|-status|p1a: Chansey|par\n|\n|upkeep\n|turn|11\n|inactive|LNumbers has 270 seconds left.\n|\n|t:|1787340755\n|move|p2a: Chansey|Seismic Toss|p1a: Chansey\n|-damage|p1a: Chansey|86/100 par\n|move|p1a: Chansey|Defense Curl|p1a: Chansey\n|-boost|p1a: Chansey|def|1\n|\n|upkeep\n|turn|12\n|inactive|LNumbers has 270 seconds left.\n|\n|t:|1787340770\n|move|p1a: Chansey|Defense Curl|p1a: Chansey\n|-boost|p1a: Chansey|def|1\n|move|p2a: Chansey|Seismic Toss|p1a: Chansey\n|-damage|p1a: Chansey|72/100 par\n|\n|upkeep\n|turn|13\n|\n|t:|1787340778\n|switch|p2a: Snorlax|Snorlax|100/100\n|move|p1a: Chansey|Seismic Toss|p2a: Snorlax\n|-damage|p2a: Snorlax|81/100\n|\n|upkeep\n|turn|14\n|inactive|LNumbers has 270 seconds left.\n|\n|t:|1787340795\n|move|p2a: Snorlax|Body Slam|p1a: Chansey\n|-damage|p1a: Chansey|53/100 par\n|move|p1a: Chansey|Thunder Wave|p2a: Snorlax\n|-status|p2a: Snorlax|par\n|\n|upkeep\n|turn|15\n|\n|t:|1787340803\n|move|p1a: Chansey|Soft-Boiled|p1a: Chansey\n|-heal|p1a: Chansey|100/100 par\n|move|p2a: Snorlax|Body Slam|p1a: Chansey\n|-damage|p1a: Chansey|78/100 par\n|\n|upkeep\n|turn|16\n|\n|t:|1787340807\n|move|p1a: Chansey|Seismic Toss|p2a: Snorlax\n|-damage|p2a: Snorlax|62/100 par\n|move|p2a: Snorlax|Body Slam|p1a: Chansey\n|-damage|p1a: Chansey|59/100 par\n|\n|upkeep\n|turn|17\n|\n|t:|1787340823\n|move|p1a: Chansey|Soft-Boiled|p1a: Chansey\n|-heal|p1a: Chansey|100/100 par\n|move|p2a: Snorlax|Rest|p2a: Snorlax\n|-status|p2a: Snorlax|slp|[from] move: Rest\n|-heal|p2a: Snorlax|100/100 slp|[silent]\n|\n|upkeep\n|turn|18\n|\n|t:|1787340826\n|move|p1a: Chansey|Seismic Toss|p2a: Snorlax\n|-damage|p2a: Snorlax|81/100 slp\n|cant|p2a: Snorlax|slp\n|\n|upkeep\n|turn|19\n|\n|t:|1787340828\n|cant|p1a: Chansey|par\n|-curestatus|p2a: Snorlax|slp|[msg]\n|\n|upkeep\n|turn|20\n|\n|t:|1787340832\n|switch|p2a: Chansey|Chansey|100/100 par\n|cant|p1a: Chansey|par\n|\n|upkeep\n|turn|21\n|\n|t:|1787340836\n|cant|p1a: Chansey|par\n|move|p2a: Chansey|Seismic Toss|p1a: Chansey\n|-damage|p1a: Chansey|86/100 par\n|\n|upkeep\n|turn|22\n|\n|t:|1787340843\n|move|p1a: Chansey|Defense Curl|p1a: Chansey\n|-boost|p1a: Chansey|def|1\n|move|p2a: Chansey|Seismic Toss|p1a: Chansey|[miss]\n|-miss|p2a: Chansey\n|-hint|In Gen 1, moves with 100% accuracy can still miss 1/256 of the time.\n|\n|upkeep\n|turn|23\n|\n|t:|1787340849\n|move|p1a: Chansey|Defense Curl|p1a: Chansey\n|-boost|p1a: Chansey|def|1\n|move|p2a: Chansey|Seismic Toss|p1a: Chansey\n|-damage|p1a: Chansey|72/100 par\n|\n|upkeep\n|turn|24\n|\n|t:|1787340853\n|cant|p1a: Chansey|par\n|move|p2a: Chansey|Sing|p1a: Chansey|[miss]\n|-miss|p2a: Chansey\n|\n|upkeep\n|turn|25\n|\n|t:|1787340860\n|move|p1a: Chansey|Seismic Toss|p2a: Chansey\n|-damage|p2a: Chansey|86/100 par\n|move|p2a: Chansey|Seismic Toss|p1a: Chansey\n|-damage|p1a: Chansey|58/100 par\n|\n|upkeep\n|turn|26\n|\n|t:|1787340863\n|switch|p2a: Snorlax|Snorlax|81/100\n|move|p1a: Chansey|Seismic Toss|p2a: Snorlax\n|-damage|p2a: Snorlax|62/100\n|\n|upkeep\n|turn|27\n|\n|t:|1787340867\n|move|p2a: Snorlax|Body Slam|p1a: Chansey\n|-damage|p1a: Chansey|45/100 par\n|move|p1a: Chansey|Thunder Wave|p2a: Snorlax\n|-status|p2a: Snorlax|par\n|\n|upkeep\n|turn|28\n|\n|t:|1787340874\n|move|p1a: Chansey|Soft-Boiled|p1a: Chansey\n|-heal|p1a: Chansey|95/100 par\n|move|p2a: Snorlax|Rest|p2a: Snorlax\n|-status|p2a: Snorlax|slp|[from] move: Rest\n|-heal|p2a: Snorlax|100/100 slp|[silent]\n|\n|upkeep\n|turn|29\n|\n|t:|1787340877\n|cant|p1a: Chansey|par\n|cant|p2a: Snorlax|slp\n|\n|upkeep\n|turn|30\n|\n|t:|1787340878\n|move|p1a: Chansey|Seismic Toss|p2a: Snorlax\n|-damage|p2a: Snorlax|81/100 slp\n|-curestatus|p2a: Snorlax|slp|[msg]\n|\n|upkeep\n|turn|31\n|\n|t:|1787340883\n|switch|p2a: Chansey|Chansey|86/100 par\n|move|p1a: Chansey|Seismic Toss|p2a: Chansey\n|-damage|p2a: Chansey|72/100 par\n|\n|upkeep\n|turn|32\n|\n|t:|1787340893\n|cant|p1a: Chansey|par\n|move|p2a: Chansey|Seismic Toss|p1a: Chansey\n|-damage|p1a: Chansey|80/100 par\n|\n|upkeep\n|turn|33\n|\n|t:|1787340907\n|move|p2a: Chansey|Seismic Toss|p1a: Chansey\n|-damage|p1a: Chansey|66/100 par\n|move|p1a: Chansey|Thunder Wave|p2a: Chansey\n|-fail|p2a: Chansey|par\n|\n|upkeep\n|turn|34\n|\n|t:|1787340912\n|switch|p2a: Snorlax|Snorlax|81/100\n|move|p1a: Chansey|Thunder Wave|p2a: Snorlax\n|-status|p2a: Snorlax|par\n|\n|upkeep\n|turn|35\n|\n|t:|1787340918\n|cant|p1a: Chansey|par\n|move|p2a: Snorlax|Body Slam|p1a: Chansey\n|-damage|p1a: Chansey|52/100 par\n|\n|upkeep\n|turn|36\n|\n|t:|1787340925\n|move|p1a: Chansey|Soft-Boiled|p1a: Chansey\n|-heal|p1a: Chansey|100/100 par\n|move|p2a: Snorlax|Body Slam|p1a: Chansey\n|-damage|p1a: Chansey|86/100 par\n|\n|upkeep\n|turn|37\n|\n|t:|1787340930\n|move|p1a: Chansey|Seismic Toss|p2a: Snorlax\n|-damage|p2a: Snorlax|62/100 par\n|cant|p2a: Snorlax|par\n|\n|upkeep\n|turn|38\n|\n|t:|1787340943\n|move|p1a: Chansey|Seismic Toss|p2a: Snorlax\n|-damage|p2a: Snorlax|43/100 par\n|move|p2a: Snorlax|Body Slam|p1a: Chansey\n|-damage|p1a: Chansey|72/100 par\n|\n|upkeep\n|turn|39\n|\n|t:|1787340947\n|switch|p1a: Tauros|Tauros|100/100\n|move|p2a: Snorlax|Rest|p2a: Snorlax\n|-status|p2a: Snorlax|slp|[from] move: Rest\n|-heal|p2a: Snorlax|100/100 slp|[silent]\n|\n|upkeep\n|turn|40\n|\n|t:|1787340951\n|move|p1a: Tauros|Body Slam|p2a: Snorlax\n|-damage|p2a: Snorlax|74/100 slp\n|cant|p2a: Snorlax|slp\n|\n|upkeep\n|turn|41\n|\n|t:|1787340953\n|move|p1a: Tauros|Body Slam|p2a: Snorlax\n|-damage|p2a: Snorlax|50/100 slp\n|-curestatus|p2a: Snorlax|slp|[msg]\n|\n|upkeep\n|turn|42\n|\n|t:|1787340971\n|move|p1a: Tauros|Body Slam|p2a: Snorlax\n|-crit|p2a: Snorlax\n|-damage|p2a: Snorlax|0 fnt\n|faint|p2a: Snorlax\n|\n|t:|1787340975\n|switch|p2a: Tauros|Tauros|100/100\n|turn|43\n|\n|t:|1787340988\n|move|p1a: Tauros|Body Slam|p2a: Tauros\n|-damage|p2a: Tauros|70/100\n|move|p2a: Tauros|Body Slam|p1a: Tauros\n|-damage|p1a: Tauros|71/100\n|\n|upkeep\n|turn|44\n|\n|t:|1787340994\n|move|p1a: Tauros|Body Slam|p2a: Tauros\n|-damage|p2a: Tauros|40/100\n|move|p2a: Tauros|Body Slam|p1a: Tauros\n|-crit|p1a: Tauros\n|-damage|p1a: Tauros|16/100\n|\n|upkeep\n|turn|45\n|\n|t:|1787341013\n|switch|p1a: Exeggutor|Exeggutor|100/100\n|switch|p2a: Starmie|Starmie|70/100\n|\n|upkeep\n|turn|46\n|inactive|Kaz has 270 seconds left.\n|\n|t:|1787341040\n|switch|p1a: Chansey|Chansey|72/100 par\n|move|p2a: Starmie|Blizzard|p1a: Chansey\n|-damage|p1a: Chansey|60/100 par\n|\n|upkeep\n|turn|47\n|\n|t:|1787341053\n|move|p2a: Starmie|Recover|p2a: Starmie\n|-heal|p2a: Starmie|100/100\n|move|p1a: Chansey|Soft-Boiled|p1a: Chansey\n|-heal|p1a: Chansey|100/100 par\n|\n|upkeep\n|turn|48\n|\n|t:|1787341067\n|switch|p2a: Chansey|Chansey|72/100 par\n|move|p1a: Chansey|Seismic Toss|p2a: Chansey\n|-damage|p2a: Chansey|58/100 par\n|\n|upkeep\n|turn|49\n|\n|t:|1787341072\n|cant|p2a: Chansey|par\n|move|p1a: Chansey|Defense Curl|p1a: Chansey\n|-boost|p1a: Chansey|def|1\n|\n|upkeep\n|turn|50\n|\n|t:|1787341074\n|move|p1a: Chansey|Defense Curl|p1a: Chansey\n|-boost|p1a: Chansey|def|1\n|cant|p2a: Chansey|par\n|\n|upkeep\n|turn|51\n|\n|t:|1787341076\n|move|p1a: Chansey|Defense Curl|p1a: Chansey\n|-boost|p1a: Chansey|def|1\n|move|p2a: Chansey|Soft-Boiled|p2a: Chansey\n|-heal|p2a: Chansey|100/100 par\n|\n|upkeep\n|turn|52\n|\n|t:|1787341081\n|move|p1a: Chansey|Seismic Toss|p2a: Chansey\n|-damage|p2a: Chansey|86/100 par\n|move|p2a: Chansey|Sing|p1a: Chansey|[miss]\n|-miss|p2a: Chansey\n|\n|upkeep\n|turn|53\n|\n|t:|1787341084\n|move|p1a: Chansey|Defense Curl|p1a: Chansey\n|-boost|p1a: Chansey|def|1\n|move|p2a: Chansey|Seismic Toss|p1a: Chansey\n|-damage|p1a: Chansey|86/100 par\n|\n|upkeep\n|turn|54\n|\n|t:|1787341088\n|move|p1a: Chansey|Defense Curl|p1a: Chansey\n|-boost|p1a: Chansey|def|1\n|move|p2a: Chansey|Sing|p1a: Chansey|[miss]\n|-miss|p2a: Chansey\n|\n|upkeep\n|turn|55\n|\n|t:|1787341091\n|move|p1a: Chansey|Defense Curl|p1a: Chansey\n|-boost|p1a: Chansey|def|1\n|move|p2a: Chansey|Sing|p1a: Chansey|[miss]\n|-miss|p2a: Chansey\n|\n|upkeep\n|turn|56\n|\n|t:|1787341093\n|cant|p1a: Chansey|par\n|move|p2a: Chansey|Sing|p1a: Chansey\n|-fail|p1a: Chansey\n|\n|upkeep\n|turn|57\n|\n|t:|1787341096\n|cant|p1a: Chansey|par\n|move|p2a: Chansey|Sing|p1a: Chansey|[miss]\n|-miss|p2a: Chansey\n|\n|upkeep\n|turn|58\n|\n|t:|1787341098\n|cant|p1a: Chansey|par\n|cant|p2a: Chansey|par\n|\n|upkeep\n|turn|59\n|\n|t:|1787341101\n|cant|p1a: Chansey|par\n|move|p2a: Chansey|Sing|p1a: Chansey\n|-fail|p1a: Chansey\n|\n|upkeep\n|turn|60\n|\n|t:|1787341103\n|move|p1a: Chansey|Defense Curl|p1a: Chansey\n|-fail|p1a: Chansey\n|move|p2a: Chansey|Sing|p1a: Chansey\n|-fail|p1a: Chansey\n|\n|upkeep\n|turn|61\n|\n|t:|1787341106\n|switch|p2a: Exeggutor|Exeggutor|100/100 slp\n|move|p1a: Chansey|Defense Curl|p1a: Chansey\n|-fail|p1a: Chansey\n|\n|upkeep\n|turn|62\n|\n|t:|1787341111\n|cant|p2a: Exeggutor|slp\n|move|p1a: Chansey|Seismic Toss|p2a: Exeggutor\n|-damage|p2a: Exeggutor|75/100 slp\n|\n|upkeep\n|turn|63\n|\n|t:|1787341114\n|switch|p2a: Chansey|Chansey|86/100 par\n|move|p1a: Chansey|Seismic Toss|p2a: Chansey\n|-damage|p2a: Chansey|72/100 par\n|\n|upkeep\n|turn|64\n|\n|t:|1787341119\n|move|p1a: Chansey|Defense Curl|p1a: Chansey\n|-fail|p1a: Chansey\n|move|p2a: Chansey|Sing|p1a: Chansey\n|-fail|p1a: Chansey\n|\n|upkeep\n|turn|65\n|\n|t:|1787341124\n|move|p1a: Chansey|Defense Curl|p1a: Chansey\n|-fail|p1a: Chansey\n|move|p2a: Chansey|Seismic Toss|p1a: Chansey\n|-damage|p1a: Chansey|72/100 par\n|\n|upkeep\n|turn|66\n|\n|t:|1787341127\n|move|p1a: Chansey|Soft-Boiled|p1a: Chansey\n|-heal|p1a: Chansey|100/100 par\n|cant|p2a: Chansey|par\n|\n|upkeep\n|turn|67\n|\n|t:|1787341131\n|move|p2a: Chansey|Sing|p1a: Chansey|[miss]\n|-miss|p2a: Chansey\n|cant|p1a: Chansey|par\n|\n|upkeep\n|turn|68\n|\n|t:|1787341134\n|switch|p2a: Exeggutor|Exeggutor|75/100 slp\n|move|p1a: Chansey|Defense Curl|p1a: Chansey\n|-fail|p1a: Chansey\n|\n|upkeep\n|turn|69\n|\n|t:|1787341136\n|switch|p2a: Chansey|Chansey|72/100 par\n|move|p1a: Chansey|Seismic Toss|p2a: Chansey\n|-damage|p2a: Chansey|58/100 par\n|\n|upkeep\n|turn|70\n|\n|t:|1787341139\n|move|p2a: Chansey|Soft-Boiled|p2a: Chansey\n|-heal|p2a: Chansey|100/100 par\n|cant|p1a: Chansey|par\n|\n|upkeep\n|turn|71\n|\n|t:|1787341143\n|cant|p2a: Chansey|par\n|move|p1a: Chansey|Defense Curl|p1a: Chansey\n|-fail|p1a: Chansey\n|\n|upkeep\n|turn|72\n|\n|t:|1787341153\n|move|p1a: Chansey|Seismic Toss|p2a: Chansey\n|-damage|p2a: Chansey|86/100 par\n|move|p2a: Chansey|Sing|p1a: Chansey\n|-fail|p1a: Chansey\n|\n|upkeep\n|turn|73\n|\n|t:|1787341158\n|move|p1a: Chansey|Seismic Toss|p2a: Chansey\n|-damage|p2a: Chansey|72/100 par\n|cant|p2a: Chansey|par\n|\n|upkeep\n|turn|74\n|\n|t:|1787341161\n|move|p1a: Chansey|Defense Curl|p1a: Chansey\n|-fail|p1a: Chansey\n|move|p2a: Chansey|Seismic Toss|p1a: Chansey\n|-damage|p1a: Chansey|86/100 par\n|\n|upkeep\n|turn|75\n|\n|t:|1787341165\n|switch|p2a: Exeggutor|Exeggutor|75/100 slp\n|move|p1a: Chansey|Defense Curl|p1a: Chansey\n|-fail|p1a: Chansey\n|\n|upkeep\n|turn|76\n|\n|t:|1787341173\n|switch|p2a: Chansey|Chansey|72/100 par\n|switch|p1a: Tauros|Tauros|16/100\n|\n|upkeep\n|turn|77\n|\n|t:|1787341177\n|switch|p2a: Starmie|Starmie|100/100\n|move|p1a: Tauros|Rest|p1a: Tauros\n|-status|p1a: Tauros|slp|[from] move: Rest\n|-heal|p1a: Tauros|100/100 slp|[silent]\n|\n|upkeep\n|turn|78\n|\n|t:|1787341182\n|switch|p1a: Chansey|Chansey|86/100 par\n|move|p2a: Starmie|Psychic|p1a: Chansey\n|-crit|p1a: Chansey\n|-damage|p1a: Chansey|59/100 par\n|\n|upkeep\n|turn|79\n|\n|t:|1787341187\n|switch|p2a: Tauros|Tauros|40/100\n|cant|p1a: Chansey|par\n|\n|upkeep\n|turn|80\n|\n|t:|1787341198\n|move|p2a: Tauros|Body Slam|p1a: Chansey\n|-damage|p1a: Chansey|19/100 par\n|cant|p1a: Chansey|par\n|\n|upkeep\n|turn|81\n|\n|t:|1787341208\n|switch|p1a: Exeggutor|Exeggutor|100/100\n|move|p2a: Tauros|Body Slam|p1a: Exeggutor\n|-damage|p1a: Exeggutor|72/100\n|\n|upkeep\n|turn|82\n|inactive|LNumbers has 270 seconds left.\n|\n|t:|1787341252\n|switch|p2a: Starmie|Starmie|100/100\n|move|p1a: Exeggutor|Psychic|p2a: Starmie\n|-resisted|p2a: Starmie\n|-damage|p2a: Starmie|80/100\n|\n|upkeep\n|turn|83\n|\n|t:|1787341258\n|move|p2a: Starmie|Blizzard|p1a: Exeggutor\n|-crit|p1a: Exeggutor\n|-supereffective|p1a: Exeggutor\n|-damage|p1a: Exeggutor|0 fnt\n|faint|p1a: Exeggutor\n|\n|t:|1787341267\n|switch|p1a: Starmie|Starmie|100/100\n|turn|84\n|inactive|LNumbers has 270 seconds left.\n|inactive|LNumbers has 240 seconds left.\n|\n|t:|1787341314\n|switch|p1a: Tauros|Tauros|100/100 slp\n|move|p2a: Starmie|Thunder Wave|p1a: Tauros\n|-fail|p1a: Tauros\n|\n|upkeep\n|turn|85\n|inactive|LNumbers has 240 seconds left.\n|\n|t:|1787341325\n|move|p2a: Starmie|Psychic|p1a: Tauros\n|-damage|p1a: Tauros|61/100 slp\n|cant|p1a: Tauros|slp\n|\n|upkeep\n|turn|86\n|\n|t:|1787341329\n|switch|p1a: Starmie|Starmie|100/100\n|move|p2a: Starmie|Psychic|p1a: Starmie\n|-resisted|p1a: Starmie\n|-damage|p1a: Starmie|84/100\n|-unboost|p1a: Starmie|spa|1\n|-unboost|p1a: Starmie|spd|1\n|\n|upkeep\n|turn|87\n|\n|t:|1787341336\n|move|p1a: Starmie|Thunder Wave|p2a: Starmie\n|-status|p2a: Starmie|par\n|move|p2a: Starmie|Thunder Wave|p1a: Starmie\n|-status|p1a: Starmie|par\n|\n|upkeep\n|turn|88\n|\n|t:|1787341347\n|move|p1a: Starmie|Recover|p1a: Starmie\n|-heal|p1a: Starmie|100/100 par\n|move|p2a: Starmie|Psychic|p1a: Starmie\n|-resisted|p1a: Starmie\n|-damage|p1a: Starmie|75/100 par\n|\n|upkeep\n|turn|89\n|\n|t:|1787341350\n|switch|p2a: Zapdos|Zapdos|100/100\n|cant|p1a: Starmie|par\n|\n|upkeep\n|turn|90\n|inactive|LNumbers has 270 seconds left.\n|\n|t:|1787341370\n|switch|p1a: Chansey|Chansey|19/100 par\n|move|p2a: Zapdos|Thunderbolt|p1a: Chansey\n|-damage|p1a: Chansey|1/100 par\n|\n|upkeep\n|turn|91\n|\n|t:|1787341375\n|move|p2a: Zapdos|Drill Peck|p1a: Chansey\n|-crit|p1a: Chansey\n|-damage|p1a: Chansey|0 fnt\n|faint|p1a: Chansey\n|inactive|Kaz has 270 seconds left.\n|\n|t:|1787341400\n|switch|p1a: Sandslash|Sandslash|100/100\n|turn|92\n|inactive|LNumbers has 270 seconds left.\n|inactive|Kaz has 270 seconds left.\n|inactive|LNumbers has 240 seconds left.\n|inactive|LNumbers has 210 seconds left.\n|inactive|LNumbers has 180 seconds left.\n|inactive|LNumbers has 150 seconds left.\n|inactive|LNumbers has 120 seconds left.\n|inactive|LNumbers has 90 seconds left.\n|\n|t:|1787341606\n|move|p2a: Zapdos|Drill Peck|p1a: Sandslash\n|-damage|p1a: Sandslash|76/100\n|move|p1a: Sandslash|Swords Dance|p1a: Sandslash\n|-boost|p1a: Sandslash|atk|2\n|\n|upkeep\n|turn|93\n|inactive|LNumbers has 90 seconds left.\n|\n|t:|1787341641\n|switch|p2a: Chansey|Chansey|72/100 par\n|move|p1a: Sandslash|Body Slam|p2a: Chansey\n|-damage|p2a: Chansey|23/100 par\n|\n|upkeep\n|turn|94\n|inactive|Kaz has 270 seconds left.\n|inactive|Kaz has 240 seconds left.\n|\n|t:|1787341694\n|move|p1a: Sandslash|Earthquake|p2a: Chansey\n|-damage|p2a: Chansey|0 fnt\n|faint|p2a: Chansey\n|\n|t:|1787341697\n|switch|p2a: Tauros|Tauros|40/100\n|turn|95\n|inactive|LNumbers has 60 seconds left.\n|\n|t:|1787341735\n|switch|p1a: Gengar|Gengar|44/100 slp\n|move|p2a: Tauros|Blizzard|p1a: Gengar\n|-damage|p1a: Gengar|26/100 slp\n|\n|upkeep\n|turn|96\n|\n|t:|1787341760\n|cant|p1a: Gengar|slp\n|move|p2a: Tauros|Thunderbolt|p1a: Gengar\n|-crit|p1a: Gengar\n|-damage|p1a: Gengar|0 fnt\n|faint|p1a: Gengar\n|\n|t:|1787341773\n|switch|p1a: Starmie|Starmie|75/100 par\n|turn|97\n|inactive|LNumbers has 30 seconds left.\n|\n|t:|1787341793\n|switch|p2a: Starmie|Starmie|80/100 par\n|move|p1a: Starmie|Recover|p1a: Starmie\n|-heal|p1a: Starmie|100/100 par\n|\n|upkeep\n|turn|98\n|\n|t:|1787341800\n|move|p2a: Starmie|Psychic|p1a: Starmie\n|-crit|p1a: Starmie\n|-resisted|p1a: Starmie\n|-damage|p1a: Starmie|70/100 par\n|move|p1a: Starmie|Psychic|p2a: Starmie\n|-resisted|p2a: Starmie\n|-damage|p2a: Starmie|63/100 par\n|\n|upkeep\n|turn|99\n|\n|t:|1787341805\n|cant|p2a: Starmie|par\n|move|p1a: Starmie|Psychic|p2a: Starmie\n|-resisted|p2a: Starmie\n|-damage|p2a: Starmie|48/100 par\n|\n|upkeep\n|turn|100\n|\n|t:|1787341809\n|move|p1a: Starmie|Psychic|p2a: Starmie\n|-crit|p2a: Starmie\n|-resisted|p2a: Starmie\n|-damage|p2a: Starmie|18/100 par\n|-unboost|p2a: Starmie|spa|1\n|-unboost|p2a: Starmie|spd|1\n|move|p2a: Starmie|Recover|p2a: Starmie\n|-heal|p2a: Starmie|68/100 par\n|\n|upkeep\n|turn|101\n|\n|t:|1787341813\n|move|p1a: Starmie|Recover|p1a: Starmie\n|-heal|p1a: Starmie|100/100 par\n|cant|p2a: Starmie|par\n|\n|upkeep\n|turn|102\n|\n|t:|1787341815\n|move|p1a: Starmie|Psychic|p2a: Starmie\n|-crit|p2a: Starmie\n|-resisted|p2a: Starmie\n|-damage|p2a: Starmie|37/100 par\n|move|p2a: Starmie|Recover|p2a: Starmie\n|-heal|p2a: Starmie|87/100 par\n|\n|upkeep\n|turn|103\n|\n|t:|1787341817\n|move|p1a: Starmie|Psychic|p2a: Starmie\n|-resisted|p2a: Starmie\n|-damage|p2a: Starmie|62/100 par\n|-unboost|p2a: Starmie|spa|1\n|-unboost|p2a: Starmie|spd|1\n|move|p2a: Starmie|Psychic|p1a: Starmie\n|-resisted|p1a: Starmie\n|-damage|p1a: Starmie|92/100 par\n|-unboost|p1a: Starmie|spa|1\n|-unboost|p1a: Starmie|spd|1\n|\n|upkeep\n|turn|104\n|\n|t:|1787341822\n|switch|p1a: Tauros|Tauros|61/100 slp\n|move|p2a: Starmie|Recover|p2a: Starmie\n|-heal|p2a: Starmie|100/100 par\n|\n|upkeep\n|turn|105\n|\n|t:|1787341825\n|-curestatus|p1a: Tauros|slp|[msg]\n|move|p2a: Starmie|Thunder Wave|p1a: Tauros\n|-status|p1a: Tauros|par\n|\n|upkeep\n|turn|106\n|\n|t:|1787341843\n|switch|p2a: Exeggutor|Exeggutor|75/100 slp\n|move|p1a: Tauros|Body Slam|p2a: Exeggutor\n|-damage|p2a: Exeggutor|49/100 slp\n|\n|upkeep\n|turn|107\n|inactive|LNumbers has 90 seconds left.\n|\n|t:|1787341905\n|switch|p2a: Starmie|Starmie|100/100 par\n|move|p1a: Tauros|Body Slam|p2a: Starmie\n|-damage|p2a: Starmie|66/100 par\n|\n|upkeep\n|turn|108\n|\n|t:|1787341915\n|switch|p1a: Starmie|Starmie|92/100 par\n|move|p2a: Starmie|Psychic|p1a: Starmie\n|-resisted|p1a: Starmie\n|-damage|p1a: Starmie|76/100 par\n|\n|upkeep\n|turn|109\n|\n|t:|1787341922\n|cant|p1a: Starmie|par\n|move|p2a: Starmie|Recover|p2a: Starmie\n|-heal|p2a: Starmie|100/100 par\n|\n|upkeep\n|turn|110\n|\n|t:|1787341925\n|move|p2a: Starmie|Psychic|p1a: Starmie\n|-resisted|p1a: Starmie\n|-damage|p1a: Starmie|59/100 par\n|move|p1a: Starmie|Psychic|p2a: Starmie\n|-resisted|p2a: Starmie\n|-damage|p2a: Starmie|85/100 par\n|-unboost|p2a: Starmie|spa|1\n|-unboost|p2a: Starmie|spd|1\n|\n|upkeep\n|turn|111\n|\n|t:|1787341928\n|switch|p2a: Zapdos|Zapdos|100/100\n|move|p1a: Starmie|Recover|p1a: Starmie\n|-heal|p1a: Starmie|100/100 par\n|\n|upkeep\n|turn|112\n|\n|t:|1787341932\n|switch|p2a: Starmie|Starmie|85/100 par\n|move|p1a: Starmie|Thunder Wave|p2a: Starmie\n|-fail|p2a: Starmie|par\n|\n|upkeep\n|turn|113\n|\n|t:|1787341936\n|move|p2a: Starmie|Psychic|p1a: Starmie\n|-resisted|p1a: Starmie\n|-damage|p1a: Starmie|85/100 par\n|-unboost|p1a: Starmie|spa|1\n|-unboost|p1a: Starmie|spd|1\n|move|p1a: Starmie|Psychic|p2a: Starmie\n|-resisted|p2a: Starmie\n|-damage|p2a: Starmie|74/100 par\n|\n|upkeep\n|turn|114\n|\n|t:|1787341943\n|move|p2a: Starmie|Recover|p2a: Starmie\n|-heal|p2a: Starmie|100/100 par\n|cant|p1a: Starmie|par\n|\n|upkeep\n|turn|115\n|\n|t:|1787341948\n|move|p2a: Starmie|Psychic|p1a: Starmie\n|-resisted|p1a: Starmie\n|-damage|p1a: Starmie|58/100 par\n|move|p1a: Starmie|Recover|p1a: Starmie\n|-heal|p1a: Starmie|100/100 par\n|\n|upkeep\n|turn|116\n|\n|t:|1787341953\n|cant|p2a: Starmie|par\n|move|p1a: Starmie|Recover|p1a: Starmie\n|-fail|p1a: Starmie\n|\n|upkeep\n|turn|117\n|\n|t:|1787341961\n|move|p2a: Starmie|Blizzard|p1a: Starmie\n|-crit|p1a: Starmie\n|-resisted|p1a: Starmie\n|-damage|p1a: Starmie|72/100 par\n|move|p1a: Starmie|Blizzard|p2a: Starmie\n|-resisted|p2a: Starmie\n|-damage|p2a: Starmie|91/100 par\n|\n|upkeep\n|turn|118\n|\n|t:|1787341963\n|switch|p2a: Zapdos|Zapdos|100/100\n|move|p1a: Starmie|Recover|p1a: Starmie\n|-heal|p1a: Starmie|100/100 par\n|\n|upkeep\n|turn|119\n|inactive|LNumbers has 150 seconds left.\n|inactive|Kaz has 270 seconds left.\n|inactive|LNumbers has 120 seconds left.\n|inactive|Kaz has 240 seconds left.\n|inactive|LNumbers has 90 seconds left.\n|inactive|Kaz has 210 seconds left.\n|inactive|LNumbers has 60 seconds left.\n|\n|t:|1787342092\n|switch|p1a: Sandslash|Sandslash|76/100\n|move|p2a: Zapdos|Drill Peck|p1a: Sandslash\n|-damage|p1a: Sandslash|53/100\n|\n|upkeep\n|turn|120\n|\n|t:|1787342108\n|switch|p2a: Tauros|Tauros|40/100\n|move|p1a: Sandslash|Body Slam|p2a: Tauros\n|-crit|p2a: Tauros\n|-damage|p2a: Tauros|3/100\n|\n|upkeep\n|turn|121\n|\n|t:|1787342120\n|switch|p1a: Starmie|Starmie|100/100 par\n|move|p2a: Tauros|Body Slam|p1a: Starmie\n|-damage|p1a: Starmie|68/100 par\n|\n|upkeep\n|turn|122\n|\n|t:|1787342142\n|move|p2a: Tauros|Thunderbolt|p1a: Starmie\n|-supereffective|p1a: Starmie\n|-damage|p1a: Starmie|28/100 par\n|move|p1a: Starmie|Thunder Wave|p2a: Tauros\n|-status|p2a: Tauros|par\n|\n|upkeep\n|turn|123\n|inactive|LNumbers has 30 seconds left.\n|inactive|Kaz has 180 seconds left.\n|inactive|LNumbers has 20 seconds left.\n|inactive|LNumbers has 15 seconds left.\n|inactive|LNumbers has 10 seconds left.\n|\n|t:|1787342189\n|move|p1a: Starmie|Recover|p1a: Starmie\n|-heal|p1a: Starmie|78/100 par\n|cant|p2a: Tauros|par\n|\n|upkeep\n|turn|124\n|inactive|LNumbers has 20 seconds left this turn.\n|inactive|Kaz has 180 seconds left.\n|inactive|LNumbers has 15 seconds left.\n|inactive|LNumbers has 10 seconds left.\n|inactive|LNumbers has 5 seconds left.\n|\n|t:|1787342220\n|move|p1a: Starmie|Recover|p1a: Starmie\n|-heal|p1a: Starmie|100/100 par\n|cant|p2a: Tauros|par\n|\n|upkeep\n|turn|125\n|inactive|LNumbers has 15 seconds left this turn.\n|\n|t:|1787342226\n|switch|p2a: Starmie|Starmie|91/100 par\n|cant|p1a: Starmie|par\n|\n|upkeep\n|turn|126\n|inactive|LNumbers has 25 seconds left this turn.\n|\n|t:|1787342229\n|move|p1a: Starmie|Psychic|p2a: Starmie\n|-resisted|p2a: Starmie\n|-damage|p2a: Starmie|74/100 par\n|move|p2a: Starmie|Psychic|p1a: Starmie\n|-resisted|p1a: Starmie\n|-damage|p1a: Starmie|84/100 par\n|\n|upkeep\n|turn|127\n|\n|t:|1787342233\n|cant|p2a: Starmie|par\n|cant|p1a: Starmie|par\n|\n|upkeep\n|turn|128\n|\n|t:|1787342236\n|move|p1a: Starmie|Psychic|p2a: Starmie\n|-resisted|p2a: Starmie\n|-damage|p2a: Starmie|57/100 par\n|move|p2a: Starmie|Recover|p2a: Starmie\n|-heal|p2a: Starmie|100/100 par\n|\n|upkeep\n|turn|129\n|\n|t:|1787342239\n|move|p1a: Starmie|Psychic|p2a: Starmie\n|-resisted|p2a: Starmie\n|-damage|p2a: Starmie|84/100 par\n|-unboost|p2a: Starmie|spa|1\n|-unboost|p2a: Starmie|spd|1\n|move|p2a: Starmie|Psychic|p1a: Starmie\n|-crit|p1a: Starmie\n|-resisted|p1a: Starmie\n|-damage|p1a: Starmie|53/100 par\n|-unboost|p1a: Starmie|spa|1\n|-unboost|p1a: Starmie|spd|1\n|\n|upkeep\n|turn|130\n|\n|t:|1787342243\n|switch|p2a: Tauros|Tauros|3/100 par\n|move|p1a: Starmie|Thunder Wave|p2a: Tauros\n|-fail|p2a: Tauros|par\n|\n|upkeep\n|turn|131\n|\n|t:|1787342257\n|switch|p1a: Tauros|Tauros|61/100 par\n|cant|p2a: Tauros|par\n|\n|upkeep\n|turn|132\n|inactive|Kaz has 210 seconds left.\n|inactive|LNumbers has 60 seconds left.\n|inactive|Kaz has 180 seconds left.\n|\n|t:|1787342309\n|move|p2a: Tauros|Body Slam|p1a: Tauros\n|-damage|p1a: Tauros|29/100 par\n|cant|p1a: Tauros|par\n|\n|upkeep\n|turn|133\n|inactive|LNumbers has 30 seconds left.\n|\n|t:|1787342332\n|move|p2a: Tauros|Hyper Beam|p1a: Tauros\n|-damage|p1a: Tauros|0 fnt\n|faint|p1a: Tauros\n|\n|t:|1787342336\n|switch|p1a: Sandslash|Sandslash|53/100\n|turn|134\n|\n|t:|1787342346\n|move|p1a: Sandslash|Body Slam|p2a: Tauros\n|-damage|p2a: Tauros|0 fnt\n|faint|p2a: Tauros\n|\n|t:|1787342348\n|switch|p2a: Zapdos|Zapdos|100/100\n|turn|135\n|\n|t:|1787342354\n|move|p2a: Zapdos|Drill Peck|p1a: Sandslash\n|-damage|p1a: Sandslash|31/100\n|move|p1a: Sandslash|Body Slam|p2a: Zapdos\n|-crit|p2a: Zapdos\n|-damage|p2a: Zapdos|66/100\n|\n|upkeep\n|turn|136\n|\n|t:|1787342360\n|move|p2a: Zapdos|Drill Peck|p1a: Sandslash\n|-damage|p1a: Sandslash|8/100\n|move|p1a: Sandslash|Body Slam|p2a: Zapdos\n|-damage|p2a: Zapdos|47/100\n|-status|p2a: Zapdos|par\n|\n|upkeep\n|turn|137\n|inactive|LNumbers has 60 seconds left.\n|inactive|Kaz has 210 seconds left.\n|\n|t:|1787342400\n|move|p1a: Sandslash|Body Slam|p2a: Zapdos\n|-damage|p2a: Zapdos|28/100 par\n|move|p2a: Zapdos|Drill Peck|p1a: Sandslash\n|-damage|p1a: Sandslash|0 fnt\n|faint|p1a: Sandslash\n|\n|t:|1787342403\n|switch|p1a: Starmie|Starmie|53/100 par\n|turn|138\n|\n|t:|1787342408\n|switch|p2a: Starmie|Starmie|84/100 par\n|move|p1a: Starmie|Blizzard|p2a: Starmie\n|-crit|p2a: Starmie\n|-resisted|p2a: Starmie\n|-damage|p2a: Starmie|58/100 par\n|\n|upkeep\n|turn|139\n|inactive|Kaz has 210 seconds left.\n|\n|t:|1787342415\n|move|p2a: Starmie|Recover|p2a: Starmie\n|-heal|p2a: Starmie|100/100 par\n|move|p1a: Starmie|Recover|p1a: Starmie\n|-heal|p1a: Starmie|100/100 par\n|\n|upkeep\n|turn|140\n|\n|t:|1787342418\n|move|p1a: Starmie|Thunder Wave|p2a: Starmie\n|-fail|p2a: Starmie|par\n|move|p2a: Starmie|Psychic|p1a: Starmie\n|-resisted|p1a: Starmie\n|-damage|p1a: Starmie|83/100 par\n|-unboost|p1a: Starmie|spa|1\n|-unboost|p1a: Starmie|spd|1\n|\n|upkeep\n|turn|141\n|\n|t:|1787342424\n|cant|p2a: Starmie|par\n|move|p1a: Starmie|Recover|p1a: Starmie\n|-heal|p1a: Starmie|100/100 par\n|\n|upkeep\n|turn|142\n|\n|t:|1787342428\n|cant|p2a: Starmie|par\n|cant|p1a: Starmie|par\n|\n|upkeep\n|turn|143\n|\n|t:|1787342431\n|cant|p2a: Starmie|par\n|move|p1a: Starmie|Thunder Wave|p2a: Starmie\n|-fail|p2a: Starmie|par\n|\n|upkeep\n|turn|144\n|\n|t:|1787342434\n|move|p2a: Starmie|Thunder Wave|p1a: Starmie\n|-fail|p1a: Starmie|par\n|move|p1a: Starmie|Thunder Wave|p2a: Starmie\n|-fail|p2a: Starmie|par\n|\n|upkeep\n|turn|145\n|\n|t:|1787342436\n|move|p2a: Starmie|Thunder Wave|p1a: Starmie\n|-fail|p1a: Starmie|par\n|move|p1a: Starmie|Thunder Wave|p2a: Starmie\n|-fail|p2a: Starmie|par\n|\n|upkeep\n|turn|146\n|\n|t:|1787342438\n|move|p2a: Starmie|Thunder Wave|p1a: Starmie\n|-fail|p1a: Starmie|par\n|move|p1a: Starmie|Thunder Wave|p2a: Starmie\n|-fail|p2a: Starmie|par\n|\n|upkeep\n|turn|147\n|\n|t:|1787342441\n|move|p2a: Starmie|Thunder Wave|p1a: Starmie\n|-fail|p1a: Starmie|par\n|move|p1a: Starmie|Thunder Wave|p2a: Starmie\n|-fail|p2a: Starmie|par\n|\n|upkeep\n|turn|148\n|\n|t:|1787342444\n|cant|p2a: Starmie|par\n|move|p1a: Starmie|Thunder Wave|p2a: Starmie\n|-fail|p2a: Starmie|par\n|\n|upkeep\n|turn|149\n|\n|t:|1787342449\n|move|p2a: Starmie|Thunder Wave|p1a: Starmie\n|-fail|p1a: Starmie|par\n|cant|p1a: Starmie|par\n|\n|upkeep\n|turn|150\n|\n|t:|1787342454\n|move|p2a: Starmie|Thunder Wave|p1a: Starmie\n|-fail|p1a: Starmie|par\n|move|p1a: Starmie|Thunder Wave|p2a: Starmie\n|-fail|p2a: Starmie|par\n|\n|upkeep\n|turn|151\n|\n|t:|1787342456\n|cant|p2a: Starmie|par\n|move|p1a: Starmie|Thunder Wave|p2a: Starmie\n|-fail|p2a: Starmie|par\n|\n|upkeep\n|turn|152\n|\n|t:|1787342459\n|move|p2a: Starmie|Thunder Wave|p1a: Starmie\n|-fail|p1a: Starmie|par\n|cant|p1a: Starmie|par\n|\n|upkeep\n|turn|153\n|\n|t:|1787342461\n|move|p2a: Starmie|Thunder Wave|p1a: Starmie\n|-fail|p1a: Starmie|par\n|cant|p1a: Starmie|par\n|\n|upkeep\n|turn|154\n|\n|t:|1787342464\n|move|p2a: Starmie|Thunder Wave|p1a: Starmie\n|-fail|p1a: Starmie|par\n|move|p1a: Starmie|Thunder Wave|p2a: Starmie\n|-fail|p2a: Starmie|par\n|\n|upkeep\n|turn|155\n|\n|t:|1787342473\n|cant|p2a: Starmie|par\n|move|p1a: Starmie|Thunder Wave|p2a: Starmie\n|-fail|p2a: Starmie|par\n|\n|upkeep\n|turn|156\n|\n|t:|1787342478\n|move|p2a: Starmie|Thunder Wave|p1a: Starmie\n|-fail|p1a: Starmie|par\n|cant|p1a: Starmie|par\n|\n|upkeep\n|turn|157\n|\n|t:|1787342485\n|move|p2a: Starmie|Thunder Wave|p1a: Starmie\n|-fail|p1a: Starmie|par\n|cant|p1a: Starmie|par\n|\n|upkeep\n|turn|158\n|\n|t:|1787342490\n|cant|p2a: Starmie|par\n|move|p1a: Starmie|Thunder Wave|p2a: Starmie\n|-fail|p2a: Starmie|par\n|\n|upkeep\n|turn|159\n|\n|t:|1787342493\n|cant|p2a: Starmie|par\n|move|p1a: Starmie|Thunder Wave|p2a: Starmie\n|-fail|p2a: Starmie|par\n|\n|upkeep\n|turn|160\n|\n|t:|1787342499\n|move|p2a: Starmie|Thunder Wave|p1a: Starmie\n|-fail|p1a: Starmie|par\n|move|p1a: Starmie|Thunder Wave|p2a: Starmie\n|-fail|p2a: Starmie|par\n|\n|upkeep\n|turn|161\n|\n|t:|1787342501\n|switch|p2a: Exeggutor|Exeggutor|49/100 slp\n|move|p1a: Starmie|Thunder Wave|p2a: Exeggutor\n|-fail|p2a: Exeggutor\n|\n|upkeep\n|turn|162\n|\n|t:|1787342504\n|switch|p2a: Starmie|Starmie|100/100 par\n|move|p1a: Starmie|Psychic|p2a: Starmie\n|-resisted|p2a: Starmie\n|-damage|p2a: Starmie|90/100 par\n|\n|upkeep\n|turn|163\n|\n|t:|1787342510\n|cant|p2a: Starmie|par\n|move|p1a: Starmie|Thunder Wave|p2a: Starmie\n|-fail|p2a: Starmie|par\n|\n|upkeep\n|turn|164\n|\n|t:|1787342516\n|move|p2a: Starmie|Recover|p2a: Starmie\n|-heal|p2a: Starmie|100/100 par\n|move|p1a: Starmie|Thunder Wave|p2a: Starmie\n|-fail|p2a: Starmie|par\n|\n|upkeep\n|turn|165\n|\n|t:|1787342519\n|move|p2a: Starmie|Thunder Wave|p1a: Starmie\n|-fail|p1a: Starmie|par\n|move|p1a: Starmie|Thunder Wave|p2a: Starmie\n|-fail|p2a: Starmie|par\n|\n|upkeep\n|turn|166\n|\n|t:|1787342521\n|move|p2a: Starmie|Thunder Wave|p1a: Starmie\n|-fail|p1a: Starmie|par\n|cant|p1a: Starmie|par\n|\n|upkeep\n|turn|167\n|\n|t:|1787342526\n|move|p2a: Starmie|Thunder Wave|p1a: Starmie\n|-fail|p1a: Starmie|par\n|move|p1a: Starmie|Recover|p1a: Starmie\n|-fail|p1a: Starmie\n|\n|upkeep\n|turn|168\n|\n|t:|1787342528\n|switch|p2a: Exeggutor|Exeggutor|49/100 slp\n|move|p1a: Starmie|Recover|p1a: Starmie\n|-fail|p1a: Starmie\n|\n|upkeep\n|turn|169\n|\n|t:|1787342530\n|switch|p2a: Starmie|Starmie|100/100 par\n|cant|p1a: Starmie|par\n|\n|upkeep\n|turn|170\n|\n|t:|1787342534\n|move|p2a: Starmie|Thunder Wave|p1a: Starmie\n|-fail|p1a: Starmie|par\n|move|p1a: Starmie|Recover|p1a: Starmie\n|-fail|p1a: Starmie\n|\n|upkeep\n|turn|171\n|inactive|Kaz has 270 seconds left.\n|\n|t:|1787342569\n|move|p2a: Starmie|Thunder Wave|p1a: Starmie\n|-fail|p1a: Starmie|par\n|move|p1a: Starmie|Thunder Wave|p2a: Starmie\n|-fail|p2a: Starmie|par\n|\n|upkeep\n|turn|172\n|\n|t:|1787342575\n|move|p2a: Starmie|Thunder Wave|p1a: Starmie\n|-fail|p1a: Starmie|par\n|cant|p1a: Starmie|par\n|\n|upkeep\n|turn|173\n|\n|t:|1787342590\n|move|p2a: Starmie|Thunder Wave|p1a: Starmie\n|-fail|p1a: Starmie|par\n|move|p1a: Starmie|Blizzard|p2a: Starmie\n|-resisted|p2a: Starmie\n|-damage|p2a: Starmie|92/100 par\n|\n|upkeep\n|turn|174\n|\n|t:|1787342596\n|move|p2a: Starmie|Recover|p2a: Starmie\n|-heal|p2a: Starmie|100/100 par\n|move|p1a: Starmie|Psychic|p2a: Starmie\n|-resisted|p2a: Starmie\n|-damage|p2a: Starmie|90/100 par\n|-unboost|p2a: Starmie|spa|1\n|-unboost|p2a: Starmie|spd|1\n|\n|upkeep\n|turn|175\n|\n|t:|1787342599\n|move|p1a: Starmie|Thunder Wave|p2a: Starmie\n|-fail|p2a: Starmie|par\n|move|p2a: Starmie|Recover|p2a: Starmie\n|-heal|p2a: Starmie|100/100 par\n|\n|upkeep\n|turn|176\n|\n|t:|1787342606\n|cant|p1a: Starmie|par\n|cant|p2a: Starmie|par\n|\n|upkeep\n|turn|177\n|\n|t:|1787342609\n|move|p1a: Starmie|Thunder Wave|p2a: Starmie\n|-fail|p2a: Starmie|par\n|move|p2a: Starmie|Psychic|p1a: Starmie\n|-resisted|p1a: Starmie\n|-damage|p1a: Starmie|83/100 par\n|-unboost|p1a: Starmie|spa|1\n|-unboost|p1a: Starmie|spd|1\n|\n|upkeep\n|turn|178\n|\n|t:|1787342613\n|cant|p2a: Starmie|par\n|move|p1a: Starmie|Recover|p1a: Starmie\n|-heal|p1a: Starmie|100/100 par\n|\n|upkeep\n|turn|179\n|\n|t:|1787342617\n|move|p2a: Starmie|Thunder Wave|p1a: Starmie\n|-fail|p1a: Starmie|par\n|cant|p1a: Starmie|par\n|\n|upkeep\n|turn|180\n|\n|t:|1787342620\n|move|p2a: Starmie|Thunder Wave|p1a: Starmie\n|-fail|p1a: Starmie|par\n|move|p1a: Starmie|Thunder Wave|p2a: Starmie\n|-fail|p2a: Starmie|par\n|\n|upkeep\n|turn|181\n|\n|t:|1787342625\n|cant|p2a: Starmie|par\n|move|p1a: Starmie|Recover|p1a: Starmie\n|-fail|p1a: Starmie\n|\n|upkeep\n|turn|182\n|\n|t:|1787342629\n|move|p2a: Starmie|Blizzard|p1a: Starmie\n|-resisted|p1a: Starmie\n|-damage|p1a: Starmie|83/100 par\n|cant|p1a: Starmie|par\n|\n|upkeep\n|turn|183\n|\n|t:|1787342635\n|move|p2a: Starmie|Thunder Wave|p1a: Starmie\n|-fail|p1a: Starmie|par\n|move|p1a: Starmie|Blizzard|p2a: Starmie\n|-resisted|p2a: Starmie\n|-damage|p2a: Starmie|90/100 par\n|\n|upkeep\n|turn|184\n|\n|t:|1787342640\n|move|p2a: Starmie|Thunder Wave|p1a: Starmie\n|-fail|p1a: Starmie|par\n|move|p1a: Starmie|Recover|p1a: Starmie\n|-heal|p1a: Starmie|100/100 par\n|\n|upkeep\n|turn|185\n|c|☆Kaz|gg\n|-message|Kaz forfeited.\n|\n|win|LNumbers\n|c|☆LNumbers|gg\n|player|p1|\n|c|☆LNumbers|/log LNumbers made the replay of this battle unlisted.\n|player|p2|\n","uploadtime":1787342647,"views":"83","formatid":"gen1ou","rating":null,"private":2,"password":null}