{"id":"smogtours-gen1ou-957676","format":"[Gen 1] OU","players":["Nails","Peasounay"],"log":"|inactive|Battle timer is ON: inactive players will automatically lose when time's up.\n|t:|1784490811\n|gametype|singles\n|player|p1|Nails|#scl2terrors|\n|player|p2|Peasounay|red-gen1title|\n|gen|1\n|tier|[Gen 1] OU\n|rule|Desync Clause Mod: Desyncs resolve to link battle behavior from the acting player's perspective.\n|rule|HP Percentage Mod: HP is shown in percentages\n|rule|Endless Battle Clause: Forcing endless battles is banned\n|rule|Sleep Clause Mod: Limit one foe put to sleep\n|rule|Freeze Clause Mod: Limit one foe frozen\n|rule|Species Clause: Limit one of each Pokémon\n|rule|OHKO Clause: OHKO moves are banned\n|rule|Evasion Moves Clause: Evasion moves are banned\n|\n|t:|1784490811\n|teamsize|p1|6\n|teamsize|p2|6\n|start\n|switch|p1a: Jynx|Jynx|100/100\n|switch|p2a: Alakazam|Alakazam|100/100\n|turn|1\n|c|☆Nails|hf\n|c|☆Peasounay|u2\n|\n|t:|1784490821\n|move|p2a: Alakazam|Thunder Wave|p1a: Jynx\n|-status|p1a: Jynx|par\n|move|p1a: Jynx|Lovely Kiss|p2a: Alakazam\n|-status|p2a: Alakazam|slp|[from] move: Lovely Kiss\n|\n|upkeep\n|turn|2\n|\n|t:|1784490828\n|switch|p2a: Starmie|Starmie|100/100\n|move|p1a: Jynx|Blizzard|p2a: Starmie\n|-resisted|p2a: Starmie\n|-damage|p2a: Starmie|78/100\n|\n|upkeep\n|turn|3\n|\n|t:|1784490846\n|switch|p1a: Chansey|Chansey|100/100\n|move|p2a: Starmie|Thunderbolt|p1a: Chansey\n|-crit|p1a: Chansey\n|-damage|p1a: Chansey|82/100\n|\n|upkeep\n|turn|4\n|\n|t:|1784490857\n|move|p2a: Starmie|Thunder Wave|p1a: Chansey\n|-status|p1a: Chansey|par\n|cant|p1a: Chansey|par\n|\n|upkeep\n|turn|5\n|\n|t:|1784490867\n|switch|p2a: Snorlax|Snorlax|100/100\n|cant|p1a: Chansey|par\n|\n|upkeep\n|turn|6\n|\n|t:|1784490878\n|move|p2a: Snorlax|Earthquake|p1a: Chansey\n|-damage|p1a: Chansey|49/100 par\n|cant|p1a: Chansey|par\n|\n|upkeep\n|turn|7\n|\n|t:|1784490889\n|switch|p1a: Snorlax|Snorlax|100/100\n|move|p2a: Snorlax|Earthquake|p1a: Snorlax\n|-damage|p1a: Snorlax|80/100\n|\n|upkeep\n|turn|8\n|\n|t:|1784490895\n|move|p1a: Snorlax|Body Slam|p2a: Snorlax\n|-damage|p2a: Snorlax|72/100\n|move|p2a: Snorlax|Reflect|p2a: Snorlax\n|-start|p2a: Snorlax|Reflect\n|\n|upkeep\n|turn|9\n|\n|t:|1784490909\n|move|p2a: Snorlax|Body Slam|p1a: Snorlax\n|-damage|p1a: Snorlax|52/100\n|move|p1a: Snorlax|Reflect|p1a: Snorlax\n|-start|p1a: Snorlax|Reflect\n|\n|upkeep\n|turn|10\n|\n|t:|1784490919\n|move|p2a: Snorlax|Body Slam|p1a: Snorlax\n|-damage|p1a: Snorlax|37/100\n|move|p1a: Snorlax|Body Slam|p2a: Snorlax\n|-damage|p2a: Snorlax|58/100\n|\n|upkeep\n|turn|11\n|\n|t:|1784490928\n|move|p2a: Snorlax|Rest|p2a: Snorlax\n|-status|p2a: Snorlax|slp|[from] move: Rest\n|-heal|p2a: Snorlax|100/100 slp|[silent]\n|move|p1a: Snorlax|Body Slam|p2a: Snorlax\n|-damage|p2a: Snorlax|86/100 slp\n|\n|upkeep\n|turn|12\n|\n|t:|1784490930\n|move|p1a: Snorlax|Rest|p1a: Snorlax\n|-status|p1a: Snorlax|slp|[from] move: Rest\n|-heal|p1a: Snorlax|100/100 slp|[silent]\n|cant|p2a: Snorlax|slp\n|\n|upkeep\n|turn|13\n|\n|t:|1784490936\n|cant|p1a: Snorlax|slp\n|-curestatus|p2a: Snorlax|slp|[msg]\n|\n|upkeep\n|turn|14\n|\n|t:|1784490939\n|switch|p2a: Exeggutor|Exeggutor|100/100\n|-curestatus|p1a: Snorlax|slp|[msg]\n|\n|upkeep\n|turn|15\n|\n|t:|1784490945\n|switch|p2a: Snorlax|Snorlax|86/100\n|move|p1a: Snorlax|Body Slam|p2a: Snorlax\n|-damage|p2a: Snorlax|61/100\n|\n|upkeep\n|turn|16\n|\n|t:|1784490951\n|move|p1a: Snorlax|Body Slam|p2a: Snorlax\n|-damage|p2a: Snorlax|36/100\n|move|p2a: Snorlax|Reflect|p2a: Snorlax\n|-start|p2a: Snorlax|Reflect\n|\n|upkeep\n|turn|17\n|\n|t:|1784490958\n|switch|p1a: Starmie|Starmie|100/100\n|move|p2a: Snorlax|Body Slam|p1a: Starmie\n|-damage|p1a: Starmie|63/100\n|\n|upkeep\n|turn|18\n|\n|t:|1784490976\n|move|p1a: Starmie|Thunder Wave|p2a: Snorlax\n|-status|p2a: Snorlax|par\n|move|p2a: Snorlax|Rest|p2a: Snorlax\n|-status|p2a: Snorlax|slp|[from] move: Rest\n|-heal|p2a: Snorlax|100/100 slp|[silent]\n|\n|upkeep\n|turn|19\n|\n|t:|1784490981\n|move|p1a: Starmie|Surf|p2a: Snorlax\n|-damage|p2a: Snorlax|71/100 slp\n|cant|p2a: Snorlax|slp\n|\n|upkeep\n|turn|20\n|\n|t:|1784490987\n|switch|p2a: Exeggutor|Exeggutor|100/100\n|move|p1a: Starmie|Surf|p2a: Exeggutor\n|-resisted|p2a: Exeggutor\n|-damage|p2a: Exeggutor|89/100\n|\n|upkeep\n|turn|21\n|\n|t:|1784490997\n|switch|p1a: Jynx|Jynx|100/100 par\n|move|p2a: Exeggutor|Stun Spore|p1a: Jynx|[miss]\n|-miss|p2a: Exeggutor\n|\n|upkeep\n|turn|22\n|\n|t:|1784491015\n|switch|p2a: Starmie|Starmie|78/100\n|cant|p1a: Jynx|par\n|\n|upkeep\n|turn|23\n|\n|t:|1784491027\n|move|p2a: Starmie|Thunderbolt|p1a: Jynx\n|-damage|p1a: Jynx|78/100 par\n|move|p1a: Jynx|Blizzard|p2a: Starmie\n|-resisted|p2a: Starmie\n|-damage|p2a: Starmie|57/100\n|\n|upkeep\n|turn|24\n|\n|t:|1784491032\n|switch|p1a: Chansey|Chansey|49/100 par\n|move|p2a: Starmie|Recover|p2a: Starmie\n|-heal|p2a: Starmie|100/100\n|\n|upkeep\n|turn|25\n|\n|t:|1784491040\n|switch|p2a: Snorlax|Snorlax|71/100 slp\n|cant|p1a: Chansey|par\n|\n|upkeep\n|turn|26\n|\n|t:|1784491046\n|-curestatus|p2a: Snorlax|slp|[msg]\n|move|p1a: Chansey|Thunder Wave|p2a: Snorlax\n|-status|p2a: Snorlax|par\n|\n|upkeep\n|turn|27\n|\n|t:|1784491060\n|switch|p1a: Snorlax|Snorlax|100/100\n|move|p2a: Snorlax|Reflect|p2a: Snorlax\n|-start|p2a: Snorlax|Reflect\n|\n|upkeep\n|turn|28\n|\n|t:|1784491067\n|move|p1a: Snorlax|Reflect|p1a: Snorlax\n|-start|p1a: Snorlax|Reflect\n|cant|p2a: Snorlax|par\n|\n|upkeep\n|turn|29\n|\n|t:|1784491071\n|move|p1a: Snorlax|Body Slam|p2a: Snorlax\n|-damage|p2a: Snorlax|58/100 par\n|cant|p2a: Snorlax|par\n|\n|upkeep\n|turn|30\n|\n|t:|1784491080\n|move|p1a: Snorlax|Body Slam|p2a: Snorlax\n|-damage|p2a: Snorlax|44/100 par\n|move|p2a: Snorlax|Body Slam|p1a: Snorlax\n|-damage|p1a: Snorlax|88/100\n|\n|upkeep\n|turn|31\n|\n|t:|1784491104\n|move|p1a: Snorlax|Body Slam|p2a: Snorlax\n|-damage|p2a: Snorlax|30/100 par\n|move|p2a: Snorlax|Rest|p2a: Snorlax\n|-status|p2a: Snorlax|slp|[from] move: Rest\n|-heal|p2a: Snorlax|100/100 slp|[silent]\n|\n|upkeep\n|turn|32\n|\n|t:|1784491106\n|switch|p1a: Starmie|Starmie|63/100\n|cant|p2a: Snorlax|slp\n|\n|upkeep\n|turn|33\n|\n|t:|1784491124\n|move|p1a: Starmie|Surf|p2a: Snorlax\n|-damage|p2a: Snorlax|72/100 slp\n|-curestatus|p2a: Snorlax|slp|[msg]\n|\n|upkeep\n|turn|34\n|inactive|Nails has 270 seconds left.\n|\n|t:|1784491154\n|move|p1a: Starmie|Thunder Wave|p2a: Snorlax\n|-status|p2a: Snorlax|par\n|move|p2a: Snorlax|Body Slam|p1a: Starmie\n|-damage|p1a: Starmie|26/100\n|\n|upkeep\n|turn|35\n|\n|t:|1784491159\n|move|p1a: Starmie|Recover|p1a: Starmie\n|-heal|p1a: Starmie|76/100\n|move|p2a: Snorlax|Body Slam|p1a: Starmie\n|-damage|p1a: Starmie|37/100\n|\n|upkeep\n|turn|36\n|\n|t:|1784491164\n|move|p1a: Starmie|Recover|p1a: Starmie\n|-heal|p1a: Starmie|87/100\n|move|p2a: Snorlax|Body Slam|p1a: Starmie\n|-damage|p1a: Starmie|51/100\n|\n|upkeep\n|turn|37\n|\n|t:|1784491173\n|move|p1a: Starmie|Recover|p1a: Starmie\n|-heal|p1a: Starmie|100/100\n|move|p2a: Snorlax|Body Slam|p1a: Starmie\n|-damage|p1a: Starmie|67/100\n|-status|p1a: Starmie|par\n|\n|upkeep\n|turn|38\n|\n|t:|1784491185\n|move|p1a: Starmie|Surf|p2a: Snorlax\n|-damage|p2a: Snorlax|43/100 par\n|move|p2a: Snorlax|Body Slam|p1a: Starmie\n|-damage|p1a: Starmie|32/100 par\n|\n|upkeep\n|turn|39\n|\n|t:|1784491196\n|move|p1a: Starmie|Recover|p1a: Starmie\n|-heal|p1a: Starmie|82/100 par\n|move|p2a: Snorlax|Body Slam|p1a: Starmie\n|-damage|p1a: Starmie|44/100 par\n|\n|upkeep\n|turn|40\n|\n|t:|1784491203\n|move|p1a: Starmie|Recover|p1a: Starmie\n|-heal|p1a: Starmie|94/100 par\n|cant|p2a: Snorlax|par\n|\n|upkeep\n|turn|41\n|\n|t:|1784491226\n|move|p1a: Starmie|Surf|p2a: Snorlax\n|-damage|p2a: Snorlax|13/100 par\n|move|p2a: Snorlax|Rest|p2a: Snorlax\n|-status|p2a: Snorlax|slp|[from] move: Rest\n|-heal|p2a: Snorlax|100/100 slp|[silent]\n|\n|upkeep\n|turn|42\n|\n|t:|1784491236\n|move|p1a: Starmie|Surf|p2a: Snorlax\n|-damage|p2a: Snorlax|71/100 slp\n|cant|p2a: Snorlax|slp\n|\n|upkeep\n|turn|43\n|\n|t:|1784491249\n|switch|p2a: Starmie|Starmie|100/100\n|cant|p1a: Starmie|par\n|\n|upkeep\n|turn|44\n|\n|t:|1784491259\n|switch|p1a: Chansey|Chansey|49/100 par\n|move|p2a: Starmie|Thunderbolt|p1a: Chansey\n|-damage|p1a: Chansey|39/100 par\n|\n|upkeep\n|turn|45\n|\n|t:|1784491265\n|switch|p2a: Snorlax|Snorlax|71/100 slp\n|move|p1a: Chansey|Soft-Boiled|p1a: Chansey\n|-heal|p1a: Chansey|89/100 par\n|\n|upkeep\n|turn|46\n|\n|t:|1784491275\n|-curestatus|p2a: Snorlax|slp|[msg]\n|cant|p1a: Chansey|par\n|\n|upkeep\n|turn|47\n|\n|t:|1784491283\n|move|p2a: Snorlax|Body Slam|p1a: Chansey\n|-damage|p1a: Chansey|51/100 par\n|move|p1a: Chansey|Thunder Wave|p2a: Snorlax\n|-status|p2a: Snorlax|par\n|\n|upkeep\n|turn|48\n|\n|t:|1784491308\n|switch|p1a: Starmie|Starmie|94/100 par\n|move|p2a: Snorlax|Body Slam|p1a: Starmie\n|-damage|p1a: Starmie|57/100 par\n|\n|upkeep\n|turn|49\n|\n|t:|1784491326\n|cant|p1a: Starmie|par\n|move|p2a: Snorlax|Body Slam|p1a: Starmie\n|-damage|p1a: Starmie|22/100 par\n|\n|upkeep\n|turn|50\n|\n|t:|1784491340\n|switch|p2a: Zapdos|Zapdos|100/100\n|move|p1a: Starmie|Recover|p1a: Starmie\n|-heal|p1a: Starmie|72/100 par\n|\n|upkeep\n|turn|51\n|inactive|Nails has 270 seconds left.\n|\n|t:|1784491373\n|switch|p1a: Chansey|Chansey|51/100 par\n|move|p2a: Zapdos|Thunderbolt|p1a: Chansey\n|-damage|p1a: Chansey|34/100 par\n|\n|upkeep\n|turn|52\n|\n|t:|1784491378\n|switch|p1a: Zapdos|Zapdos|100/100\n|move|p2a: Zapdos|Drill Peck|p1a: Zapdos\n|-crit|p1a: Zapdos\n|-resisted|p1a: Zapdos\n|-damage|p1a: Zapdos|76/100\n|\n|upkeep\n|turn|53\n|\n|t:|1784491384\n|move|p1a: Zapdos|Thunder Wave|p2a: Zapdos\n|-status|p2a: Zapdos|par\n|move|p2a: Zapdos|Thunder Wave|p1a: Zapdos\n|-status|p1a: Zapdos|par\n|\n|upkeep\n|turn|54\n|\n|t:|1784491391\n|move|p1a: Zapdos|Thunderbolt|p2a: Zapdos\n|-damage|p2a: Zapdos|73/100 par\n|move|p2a: Zapdos|Thunderbolt|p1a: Zapdos\n|-damage|p1a: Zapdos|46/100 par\n|\n|upkeep\n|turn|55\n|\n|t:|1784491397\n|cant|p1a: Zapdos|par\n|move|p2a: Zapdos|Thunderbolt|p1a: Zapdos\n|-crit|p1a: Zapdos\n|-damage|p1a: Zapdos|0 fnt\n|faint|p1a: Zapdos\n|\n|t:|1784491405\n|switch|p1a: Snorlax|Snorlax|88/100\n|turn|56\n|inactive|Peasounay has 270 seconds left.\n|\n|t:|1784491441\n|switch|p2a: Exeggutor|Exeggutor|89/100\n|move|p1a: Snorlax|Body Slam|p2a: Exeggutor\n|-damage|p2a: Exeggutor|58/100\n|\n|upkeep\n|turn|57\n|inactive|Peasounay has 270 seconds left.\n|\n|t:|1784491471\n|switch|p1a: Jynx|Jynx|78/100 par\n|move|p2a: Exeggutor|Psychic|p1a: Jynx\n|-resisted|p1a: Jynx\n|-damage|p1a: Jynx|59/100 par\n|\n|upkeep\n|turn|58\n|\n|t:|1784491480\n|switch|p2a: Starmie|Starmie|100/100\n|switch|p1a: Chansey|Chansey|34/100 par\n|\n|upkeep\n|turn|59\n|inactive|Peasounay has 270 seconds left.\n|\n|t:|1784491485\n|switch|p2a: Snorlax|Snorlax|71/100 par\n|move|p1a: Chansey|Soft-Boiled|p1a: Chansey\n|-heal|p1a: Chansey|84/100 par\n|\n|upkeep\n|turn|60\n|\n|t:|1784491494\n|switch|p1a: Snorlax|Snorlax|88/100\n|cant|p2a: Snorlax|par\n|\n|upkeep\n|turn|61\n|\n|t:|1784491502\n|move|p1a: Snorlax|Body Slam|p2a: Snorlax\n|-damage|p2a: Snorlax|44/100 par\n|move|p2a: Snorlax|Reflect|p2a: Snorlax\n|-start|p2a: Snorlax|Reflect\n|\n|upkeep\n|turn|62\n|\n|t:|1784491509\n|switch|p1a: Starmie|Starmie|72/100 par\n|cant|p2a: Snorlax|par\n|\n|upkeep\n|turn|63\n|\n|t:|1784491515\n|move|p1a: Starmie|Surf|p2a: Snorlax\n|-damage|p2a: Snorlax|16/100 par\n|move|p2a: Snorlax|Rest|p2a: Snorlax\n|-status|p2a: Snorlax|slp|[from] move: Rest\n|-heal|p2a: Snorlax|100/100 slp|[silent]\n|\n|upkeep\n|turn|64\n|\n|t:|1784491520\n|move|p1a: Starmie|Surf|p2a: Snorlax\n|-crit|p2a: Snorlax\n|-damage|p2a: Snorlax|48/100 slp\n|cant|p2a: Snorlax|slp\n|\n|upkeep\n|turn|65\n|\n|t:|1784491537\n|switch|p2a: Starmie|Starmie|100/100\n|cant|p1a: Starmie|par\n|\n|upkeep\n|turn|66\n|\n|t:|1784491559\n|switch|p2a: Snorlax|Snorlax|48/100 slp\n|switch|p1a: Chansey|Chansey|84/100 par\n|\n|upkeep\n|turn|67\n|\n|t:|1784491568\n|switch|p1a: Tauros|Tauros|100/100\n|-curestatus|p2a: Snorlax|slp|[msg]\n|\n|upkeep\n|turn|68\n|\n|t:|1784491578\n|move|p1a: Tauros|Body Slam|p2a: Snorlax\n|-crit|p2a: Snorlax\n|-damage|p2a: Snorlax|3/100\n|move|p2a: Snorlax|Body Slam|p1a: Tauros\n|-damage|p1a: Tauros|70/100\n|\n|upkeep\n|turn|69\n|\n|t:|1784491588\n|move|p1a: Tauros|Body Slam|p2a: Snorlax\n|-damage|p2a: Snorlax|0 fnt\n|faint|p2a: Snorlax\n|\n|t:|1784491590\n|switch|p2a: Tauros|Tauros|100/100\n|turn|70\n|\n|t:|1784491604\n|move|p2a: Tauros|Body Slam|p1a: Tauros\n|-damage|p1a: Tauros|39/100\n|move|p1a: Tauros|Body Slam|p2a: Tauros\n|-damage|p2a: Tauros|69/100\n|\n|upkeep\n|turn|71\n|inactive|Nails has 270 seconds left.\n|\n|t:|1784491634\n|move|p2a: Tauros|Body Slam|p1a: Tauros\n|-damage|p1a: Tauros|8/100\n|move|p1a: Tauros|Body Slam|p2a: Tauros\n|-damage|p2a: Tauros|42/100\n|\n|upkeep\n|turn|72\n|inactive|Nails has 270 seconds left.\n|\n|t:|1784491656\n|move|p1a: Tauros|Body Slam|p2a: Tauros\n|-damage|p2a: Tauros|11/100\n|move|p2a: Tauros|Body Slam|p1a: Tauros\n|-damage|p1a: Tauros|0 fnt\n|faint|p1a: Tauros\n|\n|t:|1784491667\n|switch|p1a: Snorlax|Snorlax|88/100\n|turn|73\n|\n|t:|1784491684\n|switch|p2a: Starmie|Starmie|100/100\n|move|p1a: Snorlax|Body Slam|p2a: Starmie\n|-damage|p2a: Starmie|61/100\n|\n|upkeep\n|turn|74\n|\n|t:|1784491698\n|switch|p1a: Chansey|Chansey|84/100 par\n|move|p2a: Starmie|Recover|p2a: Starmie\n|-heal|p2a: Starmie|100/100\n|\n|upkeep\n|turn|75\n|\n|t:|1784491723\n|switch|p2a: Alakazam|Alakazam|100/100 slp\n|cant|p1a: Chansey|par\n|\n|upkeep\n|turn|76\n|inactive|Nails has 240 seconds left.\n|\n|t:|1784491761\n|switch|p2a: Exeggutor|Exeggutor|58/100\n|cant|p1a: Chansey|par\n|\n|upkeep\n|turn|77\n|\n|t:|1784491777\n|move|p2a: Exeggutor|Psychic|p1a: Chansey\n|-damage|p1a: Chansey|67/100 par\n|cant|p1a: Chansey|par\n|\n|upkeep\n|turn|78\n|inactive|Nails has 210 seconds left.\n|inactive|Peasounay has 270 seconds left.\n|\n|t:|1784491813\n|switch|p1a: Jynx|Jynx|59/100 par\n|move|p2a: Exeggutor|Psychic|p1a: Jynx\n|-resisted|p1a: Jynx\n|-damage|p1a: Jynx|40/100 par\n|\n|upkeep\n|turn|79\n|inactive|Peasounay has 270 seconds left.\n|\n|t:|1784491821\n|switch|p2a: Starmie|Starmie|100/100\n|switch|p1a: Chansey|Chansey|67/100 par\n|\n|upkeep\n|turn|80\n|inactive|Nails has 210 seconds left.\n|inactive|Peasounay has 270 seconds left.\n|\n|t:|1784491842\n|switch|p2a: Alakazam|Alakazam|100/100 slp\n|move|p1a: Chansey|Soft-Boiled|p1a: Chansey\n|-heal|p1a: Chansey|100/100 par\n|\n|upkeep\n|turn|81\n|inactive|Peasounay has 270 seconds left.\n|inactive|Peasounay has 240 seconds left.\n|inactive|Peasounay has 210 seconds left.\n|\n|t:|1784491914\n|switch|p1a: Snorlax|Snorlax|88/100\n|cant|p2a: Alakazam|slp\n|\n|upkeep\n|turn|82\n|\n|t:|1784491918\n|switch|p2a: Starmie|Starmie|100/100\n|move|p1a: Snorlax|Body Slam|p2a: Starmie\n|-damage|p2a: Starmie|64/100\n|\n|upkeep\n|turn|83\n|\n|t:|1784491928\n|switch|p1a: Chansey|Chansey|100/100 par\n|move|p2a: Starmie|Recover|p2a: Starmie\n|-heal|p2a: Starmie|100/100\n|\n|upkeep\n|turn|84\n|\n|t:|1784491942\n|switch|p2a: Alakazam|Alakazam|100/100 slp\n|switch|p1a: Snorlax|Snorlax|88/100\n|\n|upkeep\n|turn|85\n|\n|t:|1784491946\n|switch|p2a: Starmie|Starmie|100/100\n|move|p1a: Snorlax|Body Slam|p2a: Starmie\n|-damage|p2a: Starmie|65/100\n|-status|p2a: Starmie|par\n|\n|upkeep\n|turn|86\n|inactive|Nails has 210 seconds left.\n|\n|t:|1784491962\n|move|p1a: Snorlax|Body Slam|p2a: Starmie\n|-damage|p2a: Starmie|27/100 par\n|cant|p2a: Starmie|par\n|\n|upkeep\n|turn|87\n|inactive|Nails has 210 seconds left.\n|\n|t:|1784491973\n|switch|p2a: Alakazam|Alakazam|100/100 slp\n|move|p1a: Snorlax|Body Slam|p2a: Alakazam\n|-crit|p2a: Alakazam\n|-damage|p2a: Alakazam|1/100 slp\n|\n|upkeep\n|turn|88\n|inactive|Nails has 210 seconds left.\n|\n|t:|1784492000\n|cant|p2a: Alakazam|slp\n|move|p1a: Snorlax|Body Slam|p2a: Alakazam\n|-damage|p2a: Alakazam|0 fnt\n|faint|p2a: Alakazam\n|\n|t:|1784492005\n|switch|p2a: Exeggutor|Exeggutor|58/100\n|turn|89\n|inactive|Peasounay has 240 seconds left.\n|inactive|Peasounay has 210 seconds left.\n|\n|t:|1784492072\n|switch|p1a: Starmie|Starmie|72/100 par\n|move|p2a: Exeggutor|Psychic|p1a: Starmie\n|-resisted|p1a: Starmie\n|-damage|p1a: Starmie|53/100 par\n|\n|upkeep\n|turn|90\n|\n|t:|1784492082\n|switch|p2a: Zapdos|Zapdos|73/100 par\n|move|p1a: Starmie|Recover|p1a: Starmie\n|-heal|p1a: Starmie|100/100 par\n|\n|upkeep\n|turn|91\n|inactive|Peasounay has 210 seconds left.\n|\n|t:|1784492096\n|switch|p1a: Chansey|Chansey|100/100 par\n|move|p2a: Zapdos|Thunderbolt|p1a: Chansey\n|-crit|p1a: Chansey\n|-damage|p1a: Chansey|66/100 par\n|\n|upkeep\n|turn|92\n|inactive|Peasounay has 210 seconds left.\n|\n|t:|1784492111\n|move|p2a: Zapdos|Drill Peck|p1a: Chansey\n|-damage|p1a: Chansey|30/100 par\n|move|p1a: Chansey|Soft-Boiled|p1a: Chansey\n|-heal|p1a: Chansey|80/100 par\n|\n|upkeep\n|turn|93\n|\n|t:|1784492117\n|move|p2a: Zapdos|Drill Peck|p1a: Chansey\n|-damage|p1a: Chansey|47/100 par\n|move|p1a: Chansey|Ice Beam|p2a: Zapdos\n|-crit|p2a: Zapdos\n|-supereffective|p2a: Zapdos\n|-damage|p2a: Zapdos|8/100 par\n|\n|upkeep\n|turn|94\n|inactive|Peasounay has 210 seconds left.\n|inactive|Nails has 180 seconds left.\n|inactive|Nails has 150 seconds left.\n|\n|t:|1784492182\n|cant|p2a: Zapdos|par\n|move|p1a: Chansey|Soft-Boiled|p1a: Chansey\n|-heal|p1a: Chansey|97/100 par\n|\n|upkeep\n|turn|95\n|\n|t:|1784492209\n|move|p2a: Zapdos|Drill Peck|p1a: Chansey\n|-damage|p1a: Chansey|62/100 par\n|move|p1a: Chansey|Ice Beam|p2a: Zapdos\n|-supereffective|p2a: Zapdos\n|-damage|p2a: Zapdos|0 fnt\n|faint|p2a: Zapdos\n|\n|t:|1784492216\n|switch|p2a: Tauros|Tauros|11/100\n|turn|96\n|inactive|Nails has 120 seconds left.\n|inactive|Nails has 90 seconds left.\n|inactive|Nails has 60 seconds left.\n|\n|t:|1784492305\n|switch|p1a: Jynx|Jynx|40/100 par\n|move|p2a: Tauros|Body Slam|p1a: Jynx\n|-damage|p1a: Jynx|0 fnt\n|faint|p1a: Jynx\n|\n|t:|1784492307\n|switch|p1a: Snorlax|Snorlax|88/100\n|turn|97\n|inactive|Peasounay has 210 seconds left.\n|inactive|Peasounay has 180 seconds left.\n|inactive|Peasounay has 150 seconds left.\n|\n|t:|1784492394\n|move|p2a: Tauros|Blizzard|p1a: Snorlax\n|-damage|p1a: Snorlax|69/100\n|move|p1a: Snorlax|Body Slam|p2a: Tauros\n|-damage|p2a: Tauros|0 fnt\n|faint|p2a: Tauros\n|inactive|Peasounay has 150 seconds left.\n|c|☆Peasounay|gg\n|-message|Peasounay forfeited.\n|\n|win|Nails\n|c|☆Nails|gg\n","uploadtime":1784492401,"views":"100","formatid":"gen1ou","rating":null,"private":0,"password":null}