{"id":"smogtours-gen1ou-945765","format":"[Gen 1] OU","players":["TPM","HSOWA"],"log":"|inactive|Battle timer is ON: inactive players will automatically lose when time's up.\n|t:|1781303125\n|gametype|singles\n|player|p1|TPM|#rbywc2025|\n|player|p2|HSOWA|#lcclifennekins|\n|gen|1\n|tier|[Gen 1] OU\n|rule|Desync Clause Mod: Desyncs changed to move failure.\n|rule|HP Percentage Mod: HP is shown in percentages\n|rule|Endless Battle Clause: Forcing endless battles is banned\n|rule|Sleep Clause Mod: Limit one foe put to sleep\n|rule|Freeze Clause Mod: Limit one foe frozen\n|rule|Species Clause: Limit one of each Pokémon\n|rule|OHKO Clause: OHKO moves are banned\n|rule|Evasion Moves Clause: Evasion moves are banned\n|\n|t:|1781303125\n|teamsize|p1|6\n|teamsize|p2|6\n|start\n|switch|p1a: Alakazam|Alakazam|100/100\n|switch|p2a: Tauros|Tauros|100/100\n|turn|1\n|\n|t:|1781303135\n|move|p1a: Alakazam|Thunder Wave|p2a: Tauros\n|-status|p2a: Tauros|par\n|move|p2a: Tauros|Body Slam|p1a: Alakazam\n|-damage|p1a: Alakazam|51/100\n|\n|upkeep\n|turn|2\n|c|☆TPM|Hf!\n|c|☆HSOWA|u2\n|inactive|TPM has 270 seconds left.\n|inactive|TPM has 240 seconds left.\n|\n|t:|1781303209\n|switch|p1a: Snorlax|Snorlax|100/100\n|move|p2a: Tauros|Body Slam|p1a: Snorlax\n|-damage|p1a: Snorlax|76/100\n|\n|upkeep\n|turn|3\n|\n|t:|1781303228\n|switch|p2a: Snorlax|Snorlax|100/100\n|move|p1a: Snorlax|Body Slam|p2a: Snorlax\n|-damage|p2a: Snorlax|72/100\n|\n|upkeep\n|turn|4\n|inactive|TPM has 240 seconds left.\n|\n|t:|1781303241\n|move|p1a: Snorlax|Reflect|p1a: Snorlax\n|-start|p1a: Snorlax|Reflect\n|move|p2a: Snorlax|Reflect|p2a: Snorlax\n|-start|p2a: Snorlax|Reflect\n|\n|upkeep\n|turn|5\n|\n|t:|1781303247\n|move|p2a: Snorlax|Body Slam|p1a: Snorlax\n|-damage|p1a: Snorlax|62/100\n|move|p1a: Snorlax|Ice Beam|p2a: Snorlax\n|-damage|p2a: Snorlax|58/100\n|\n|upkeep\n|turn|6\n|\n|t:|1781303260\n|move|p1a: Snorlax|Ice Beam|p2a: Snorlax\n|-damage|p2a: Snorlax|43/100\n|move|p2a: Snorlax|Body Slam|p1a: Snorlax\n|-damage|p1a: Snorlax|50/100\n|\n|upkeep\n|turn|7\n|\n|t:|1781303267\n|move|p1a: Snorlax|Ice Beam|p2a: Snorlax\n|-damage|p2a: Snorlax|30/100\n|move|p2a: Snorlax|Rest|p2a: Snorlax\n|-status|p2a: Snorlax|slp|[from] move: Rest\n|-heal|p2a: Snorlax|100/100 slp|[silent]\n|\n|upkeep\n|turn|8\n|\n|t:|1781303273\n|cant|p2a: Snorlax|slp\n|move|p1a: Snorlax|Rest|p1a: Snorlax\n|-status|p1a: Snorlax|slp|[from] move: Rest\n|-heal|p1a: Snorlax|100/100 slp|[silent]\n|\n|upkeep\n|turn|9\n|\n|t:|1781303287\n|switch|p2a: Exeggutor|Exeggutor|100/100\n|cant|p1a: Snorlax|slp\n|\n|upkeep\n|turn|10\n|inactive|TPM has 270 seconds left.\n|\n|t:|1781303298\n|move|p2a: Exeggutor|Psychic|p1a: Snorlax\n|-crit|p1a: Snorlax\n|-damage|p1a: Snorlax|38/100 slp\n|-curestatus|p1a: Snorlax|slp|[msg]\n|\n|upkeep\n|turn|11\n|\n|t:|1781303304\n|switch|p1a: Alakazam|Alakazam|51/100\n|move|p2a: Exeggutor|Psychic|p1a: Alakazam\n|-resisted|p1a: Alakazam\n|-damage|p1a: Alakazam|36/100\n|\n|upkeep\n|turn|12\n|inactive|TPM has 270 seconds left.\n|\n|t:|1781303330\n|move|p1a: Alakazam|Thunder Wave|p2a: Exeggutor\n|-status|p2a: Exeggutor|par\n|move|p2a: Exeggutor|Stun Spore|p1a: Alakazam|[miss]\n|-miss|p2a: Exeggutor\n|\n|upkeep\n|turn|13\n|\n|t:|1781303336\n|move|p1a: Alakazam|Recover|p1a: Alakazam\n|-heal|p1a: Alakazam|86/100\n|cant|p2a: Exeggutor|par\n|\n|upkeep\n|turn|14\n|inactive|TPM has 270 seconds left.\n|\n|t:|1781303342\n|move|p1a: Alakazam|Seismic Toss|p2a: Exeggutor\n|-damage|p2a: Exeggutor|75/100 par\n|move|p2a: Exeggutor|Stun Spore|p1a: Alakazam|[miss]\n|-miss|p2a: Exeggutor\n|\n|upkeep\n|turn|15\n|\n|t:|1781303352\n|move|p1a: Alakazam|Seismic Toss|p2a: Exeggutor\n|-damage|p2a: Exeggutor|50/100 par\n|cant|p2a: Exeggutor|par\n|\n|upkeep\n|turn|16\n|inactive|TPM has 270 seconds left.\n|\n|t:|1781303381\n|switch|p1a: Snorlax|Snorlax|38/100\n|move|p2a: Exeggutor|Explosion|p1a: Snorlax\n|-damage|p1a: Snorlax|0 fnt\n|faint|p1a: Snorlax\n|faint|p2a: Exeggutor\n|\n|t:|1781303401\n|switch|p1a: Exeggutor|Exeggutor|100/100\n|switch|p2a: Chansey|Chansey|100/100\n|turn|17\n|inactive|TPM has 240 seconds left.\n|inactive|HSOWA has 270 seconds left.\n|\n|t:|1781303432\n|switch|p2a: Snorlax|Snorlax|100/100 slp\n|move|p1a: Exeggutor|Sleep Powder|p2a: Snorlax\n|-fail|p2a: Snorlax|slp\n|\n|upkeep\n|turn|18\n|inactive|TPM has 240 seconds left.\n|\n|t:|1781303447\n|move|p1a: Exeggutor|Psychic|p2a: Snorlax\n|-damage|p2a: Snorlax|71/100 slp\n|-curestatus|p2a: Snorlax|slp|[msg]\n|\n|upkeep\n|turn|19\n|inactive|TPM has 240 seconds left.\n|\n|t:|1781303457\n|move|p1a: Exeggutor|Psychic|p2a: Snorlax\n|-damage|p2a: Snorlax|38/100\n|move|p2a: Snorlax|Body Slam|p1a: Exeggutor\n|-damage|p1a: Exeggutor|71/100\n|\n|upkeep\n|turn|20\n|inactive|TPM has 240 seconds left.\n|\n|t:|1781303472\n|move|p1a: Exeggutor|Sleep Powder|p2a: Snorlax|[miss]\n|-miss|p1a: Exeggutor\n|move|p2a: Snorlax|Body Slam|p1a: Exeggutor\n|-damage|p1a: Exeggutor|42/100\n|\n|upkeep\n|turn|21\n|inactive|TPM has 240 seconds left.\n|\n|t:|1781303497\n|move|p1a: Exeggutor|Psychic|p2a: Snorlax\n|-damage|p2a: Snorlax|6/100\n|move|p2a: Snorlax|Hyper Beam|p1a: Exeggutor\n|-damage|p1a: Exeggutor|0 fnt\n|faint|p1a: Exeggutor\n|\n|t:|1781303502\n|switch|p1a: Tauros|Tauros|100/100\n|turn|22\n|\n|t:|1781303510\n|move|p1a: Tauros|Body Slam|p2a: Snorlax\n|-damage|p2a: Snorlax|0 fnt\n|faint|p2a: Snorlax\n|\n|t:|1781303511\n|switch|p2a: Starmie|Starmie|100/100\n|turn|23\n|\n|t:|1781303516\n|switch|p1a: Chansey|Chansey|100/100\n|move|p2a: Starmie|Thunder Wave|p1a: Chansey\n|-status|p1a: Chansey|par\n|\n|upkeep\n|turn|24\n|\n|t:|1781303524\n|switch|p2a: Tauros|Tauros|100/100 par\n|cant|p1a: Chansey|par\n|\n|upkeep\n|turn|25\n|\n|t:|1781303542\n|switch|p1a: Tauros|Tauros|100/100\n|move|p2a: Tauros|Earthquake|p1a: Tauros\n|-damage|p1a: Tauros|78/100\n|\n|upkeep\n|turn|26\n|\n|t:|1781303553\n|move|p1a: Tauros|Body Slam|p2a: Tauros\n|-damage|p2a: Tauros|71/100 par\n|move|p2a: Tauros|Body Slam|p1a: Tauros\n|-crit|p1a: Tauros\n|-damage|p1a: Tauros|23/100\n|\n|upkeep\n|turn|27\n|\n|t:|1781303575\n|move|p1a: Tauros|Body Slam|p2a: Tauros\n|-damage|p2a: Tauros|42/100 par\n|move|p2a: Tauros|Body Slam|p1a: Tauros\n|-damage|p1a: Tauros|0 fnt\n|faint|p1a: Tauros\n|inactive|TPM has 240 seconds left.\n|\n|t:|1781303603\n|switch|p1a: Alakazam|Alakazam|86/100\n|turn|28\n|\n|t:|1781303617\n|switch|p2a: Chansey|Chansey|100/100\n|move|p1a: Alakazam|Psychic|p2a: Chansey\n|-damage|p2a: Chansey|81/100\n|-unboost|p2a: Chansey|spa|1\n|-unboost|p2a: Chansey|spd|1\n|\n|upkeep\n|turn|29\n|inactive|TPM has 240 seconds left.\n|\n|t:|1781303640\n|move|p1a: Alakazam|Thunder Wave|p2a: Chansey\n|-status|p2a: Chansey|par\n|move|p2a: Chansey|Thunder Wave|p1a: Alakazam\n|-status|p1a: Alakazam|par\n|\n|upkeep\n|turn|30\n|\n|t:|1781303650\n|move|p1a: Alakazam|Psychic|p2a: Chansey\n|-damage|p2a: Chansey|55/100 par\n|move|p2a: Chansey|Seismic Toss|p1a: Alakazam\n|-damage|p1a: Alakazam|54/100 par\n|\n|upkeep\n|turn|31\n|inactive|TPM has 240 seconds left.\n|\n|t:|1781303655\n|move|p1a: Alakazam|Recover|p1a: Alakazam\n|-heal|p1a: Alakazam|100/100 par\n|move|p2a: Chansey|Soft-Boiled|p2a: Chansey\n|-heal|p2a: Chansey|100/100 par\n|\n|upkeep\n|turn|32\n|inactive|TPM has 240 seconds left.\n|\n|t:|1781303686\n|move|p1a: Alakazam|Psychic|p2a: Chansey\n|-damage|p2a: Chansey|73/100 par\n|cant|p2a: Chansey|par\n|\n|upkeep\n|turn|33\n|\n|t:|1781303691\n|switch|p2a: Starmie|Starmie|100/100\n|move|p1a: Alakazam|Psychic|p2a: Starmie\n|-crit|p2a: Starmie\n|-resisted|p2a: Starmie\n|-damage|p2a: Starmie|61/100\n|\n|upkeep\n|turn|34\n|\n|t:|1781303704\n|switch|p2a: Chansey|Chansey|73/100 par\n|move|p1a: Alakazam|Seismic Toss|p2a: Chansey\n|-damage|p2a: Chansey|59/100 par\n|\n|upkeep\n|turn|35\n|\n|t:|1781303708\n|move|p1a: Alakazam|Psychic|p2a: Chansey\n|-damage|p2a: Chansey|42/100 par\n|move|p2a: Chansey|Soft-Boiled|p2a: Chansey\n|-heal|p2a: Chansey|92/100 par\n|\n|upkeep\n|turn|36\n|\n|t:|1781303713\n|move|p1a: Alakazam|Seismic Toss|p2a: Chansey\n|-damage|p2a: Chansey|77/100 par\n|cant|p2a: Chansey|par\n|\n|upkeep\n|turn|37\n|\n|t:|1781303715\n|move|p1a: Alakazam|Psychic|p2a: Chansey\n|-crit|p2a: Chansey\n|-damage|p2a: Chansey|41/100 par\n|cant|p2a: Chansey|par\n|\n|upkeep\n|turn|38\n|\n|t:|1781303720\n|move|p1a: Alakazam|Psychic|p2a: Chansey\n|-damage|p2a: Chansey|24/100 par\n|move|p2a: Chansey|Soft-Boiled|p2a: Chansey\n|-heal|p2a: Chansey|74/100 par\n|\n|upkeep\n|turn|39\n|\n|t:|1781303724\n|move|p1a: Alakazam|Psychic|p2a: Chansey\n|-damage|p2a: Chansey|54/100 par\n|-unboost|p2a: Chansey|spa|1\n|-unboost|p2a: Chansey|spd|1\n|cant|p2a: Chansey|par\n|\n|upkeep\n|turn|40\n|\n|t:|1781303729\n|move|p1a: Alakazam|Psychic|p2a: Chansey\n|-damage|p2a: Chansey|27/100 par\n|move|p2a: Chansey|Soft-Boiled|p2a: Chansey\n|-heal|p2a: Chansey|77/100 par\n|\n|upkeep\n|turn|41\n|\n|t:|1781303737\n|switch|p2a: Starmie|Starmie|61/100\n|move|p1a: Alakazam|Seismic Toss|p2a: Starmie\n|-damage|p2a: Starmie|31/100\n|\n|upkeep\n|turn|42\n|\n|t:|1781303757\n|move|p2a: Starmie|Recover|p2a: Starmie\n|-heal|p2a: Starmie|80/100\n|move|p1a: Alakazam|Thunder Wave|p2a: Starmie\n|-status|p2a: Starmie|par\n|\n|upkeep\n|turn|43\n|\n|t:|1781303781\n|switch|p2a: Chansey|Chansey|77/100 par\n|move|p1a: Alakazam|Seismic Toss|p2a: Chansey\n|-damage|p2a: Chansey|63/100 par\n|\n|upkeep\n|turn|44\n|\n|t:|1781303785\n|move|p1a: Alakazam|Psychic|p2a: Chansey\n|-damage|p2a: Chansey|45/100 par\n|move|p2a: Chansey|Seismic Toss|p1a: Alakazam\n|-damage|p1a: Alakazam|69/100 par\n|\n|upkeep\n|turn|45\n|\n|t:|1781303791\n|move|p1a: Alakazam|Psychic|p2a: Chansey\n|-crit|p2a: Chansey\n|-damage|p2a: Chansey|10/100 par\n|move|p2a: Chansey|Soft-Boiled|p2a: Chansey\n|-heal|p2a: Chansey|60/100 par\n|\n|upkeep\n|turn|46\n|\n|t:|1781303795\n|cant|p1a: Alakazam|par\n|move|p2a: Chansey|Seismic Toss|p1a: Alakazam\n|-damage|p1a: Alakazam|37/100 par\n|\n|upkeep\n|turn|47\n|\n|t:|1781303802\n|move|p1a: Alakazam|Psychic|p2a: Chansey\n|-damage|p2a: Chansey|41/100 par\n|move|p2a: Chansey|Seismic Toss|p1a: Alakazam\n|-damage|p1a: Alakazam|5/100 par\n|\n|upkeep\n|turn|48\n|\n|t:|1781303812\n|switch|p2a: Rhydon|Rhydon|100/100\n|cant|p1a: Alakazam|par\n|\n|upkeep\n|turn|49\n|\n|t:|1781303817\n|move|p2a: Rhydon|Earthquake|p1a: Alakazam\n|-damage|p1a: Alakazam|0 fnt\n|faint|p1a: Alakazam\n|\n|t:|1781303821\n|switch|p1a: Lapras|Lapras|100/100\n|turn|50\n|inactive|HSOWA has 270 seconds left.\n|\n|t:|1781303865\n|switch|p2a: Chansey|Chansey|41/100 par\n|move|p1a: Lapras|Blizzard|p2a: Chansey\n|-damage|p2a: Chansey|21/100 par\n|\n|upkeep\n|turn|51\n|\n|t:|1781303882\n|move|p1a: Lapras|Body Slam|p2a: Chansey\n|-damage|p2a: Chansey|0 fnt\n|faint|p2a: Chansey\n|\n|t:|1781303885\n|switch|p2a: Starmie|Starmie|80/100 par\n|turn|52\n|\n|t:|1781303891\n|switch|p1a: Chansey|Chansey|100/100 par\n|move|p2a: Starmie|Thunder Wave|p1a: Chansey\n|-fail|p1a: Chansey|par\n|\n|upkeep\n|turn|53\n|\n|t:|1781303904\n|switch|p2a: Tauros|Tauros|42/100 par\n|move|p1a: Chansey|Ice Beam|p2a: Tauros\n|-damage|p2a: Tauros|17/100 par\n|\n|upkeep\n|turn|54\n|\n|t:|1781303911\n|move|p2a: Tauros|Rest|p2a: Tauros\n|-status|p2a: Tauros|slp|[from] move: Rest\n|-heal|p2a: Tauros|100/100 slp|[silent]\n|move|p1a: Chansey|Ice Beam|p2a: Tauros\n|-damage|p2a: Tauros|72/100 slp\n|\n|upkeep\n|turn|55\n|\n|t:|1781303922\n|switch|p1a: Lapras|Lapras|100/100\n|cant|p2a: Tauros|slp\n|\n|upkeep\n|turn|56\n|inactive|TPM has 270 seconds left.\n|inactive|HSOWA has 270 seconds left.\n|\n|t:|1781303992\n|switch|p2a: Starmie|Starmie|80/100 par\n|move|p1a: Lapras|Blizzard|p2a: Starmie\n|-crit|p2a: Starmie\n|-resisted|p2a: Starmie\n|-damage|p2a: Starmie|37/100 par\n|\n|upkeep\n|turn|57\n|\n|t:|1781303996\n|move|p1a: Lapras|Thunderbolt|p2a: Starmie\n|-crit|p2a: Starmie\n|-supereffective|p2a: Starmie\n|-damage|p2a: Starmie|0 fnt\n|faint|p2a: Starmie\n|\n|t:|1781303999\n|switch|p2a: Tauros|Tauros|72/100 slp\n|turn|58\n|inactive|TPM has 270 seconds left.\n|\n|t:|1781304006\n|-curestatus|p2a: Tauros|slp|[msg]\n|move|p1a: Lapras|Blizzard|p2a: Tauros\n|-damage|p2a: Tauros|25/100\n|\n|upkeep\n|turn|59\n|\n|t:|1781304014\n|move|p2a: Tauros|Body Slam|p1a: Lapras\n|-damage|p1a: Lapras|74/100\n|move|p1a: Lapras|Blizzard|p2a: Tauros\n|-damage|p2a: Tauros|0 fnt\n|faint|p2a: Tauros\n|\n|t:|1781304018\n|switch|p2a: Rhydon|Rhydon|100/100\n|turn|60\n|\n|t:|1781304024\n|move|p1a: Lapras|Blizzard|p2a: Rhydon\n|-supereffective|p2a: Rhydon\n|-damage|p2a: Rhydon|0 fnt\n|faint|p2a: Rhydon\n|\n|win|TPM\n|c|☆HSOWA|gg\n|c|☆TPM|GG \n|player|p2|\n|player|p1|\n","uploadtime":1781304024,"views":"74","formatid":"gen1ou","rating":null,"private":0,"password":null}