{"id":"smogtours-gen1ou-906952","format":"[Gen 1] OU","players":["Laroxyl","sadisticnarwhal"],"log":"|inactive|Battle timer is ON: inactive players will automatically lose when time's up.\n|t:|1770567819\n|gametype|singles\n|player|p1|Laroxyl|#splxviitigers2|\n|player|p2|sadisticnarwhal|#splxviiruiners2|\n|gen|1\n|tier|[Gen 1] OU\n|rule|Desync Clause Mod: Desyncs changed to move failure.\n|rule|Sleep Clause Mod: Limit one foe put to sleep\n|rule|Freeze Clause Mod: Limit one foe frozen\n|rule|Species Clause: Limit one of each Pokémon\n|rule|OHKO Clause: OHKO moves are banned\n|rule|Evasion Moves Clause: Evasion moves are banned\n|rule|Endless Battle Clause: Forcing endless battles is banned\n|rule|HP Percentage Mod: HP is shown in percentages\n|\n|t:|1770567819\n|teamsize|p1|6\n|teamsize|p2|6\n|start\n|switch|p1a: Starmie|Starmie|100/100\n|switch|p2a: Alakazam|Alakazam|100/100\n|turn|1\n|c|☆sadisticnarwhal|hf\n|c|☆Laroxyl|hf\n|\n|t:|1770567837\n|switch|p1a: Exeggutor|Exeggutor|100/100\n|move|p2a: Alakazam|Seismic Toss|p1a: Exeggutor\n|-damage|p1a: Exeggutor|75/100\n|\n|upkeep\n|turn|2\n|\n|t:|1770567840\n|move|p2a: Alakazam|Seismic Toss|p1a: Exeggutor\n|-damage|p1a: Exeggutor|50/100\n|move|p1a: Exeggutor|Sleep Powder|p2a: Alakazam\n|-status|p2a: Alakazam|slp|[from] move: Sleep Powder\n|\n|upkeep\n|turn|3\n|\n|t:|1770567859\n|switch|p2a: Exeggutor|Exeggutor|100/100\n|switch|p1a: Tauros|Tauros|100/100\n|\n|upkeep\n|turn|4\n|\n|t:|1770567864\n|switch|p1a: Exeggutor|Exeggutor|50/100\n|move|p2a: Exeggutor|Sleep Powder|p1a: Exeggutor\n|-status|p1a: Exeggutor|slp|[from] move: Sleep Powder\n|\n|upkeep\n|turn|5\n|\n|t:|1770567877\n|switch|p1a: Chansey|Chansey|100/100\n|move|p2a: Exeggutor|Psychic|p1a: Chansey\n|-damage|p1a: Chansey|82/100\n|-unboost|p1a: Chansey|spa|1\n|-unboost|p1a: Chansey|spd|1\n|\n|upkeep\n|turn|6\n|c|+bello figo|laroskill\n|\n|t:|1770567896\n|move|p2a: Exeggutor|Stun Spore|p1a: Chansey\n|-status|p1a: Chansey|par\n|move|p1a: Chansey|Thunder Wave|p2a: Exeggutor\n|-status|p2a: Exeggutor|par\n|\n|upkeep\n|turn|7\n|c|+procorphish|my father\n|c|+bello figo|our family\n|\n|t:|1770567907\n|move|p2a: Exeggutor|Psychic|p1a: Chansey\n|-crit|p1a: Chansey\n|-damage|p1a: Chansey|49/100 par\n|move|p1a: Chansey|Soft-Boiled|p1a: Chansey\n|-heal|p1a: Chansey|99/100 par\n|\n|upkeep\n|turn|8\n|\n|t:|1770567917\n|switch|p1a: Exeggutor|Exeggutor|50/100 slp\n|move|p2a: Exeggutor|Psychic|p1a: Exeggutor\n|-resisted|p1a: Exeggutor\n|-damage|p1a: Exeggutor|37/100 slp\n|-unboost|p1a: Exeggutor|spa|1\n|-unboost|p1a: Exeggutor|spd|1\n|\n|upkeep\n|turn|9\n|\n|t:|1770567926\n|switch|p1a: Chansey|Chansey|99/100 par\n|move|p2a: Exeggutor|Psychic|p1a: Chansey\n|-damage|p1a: Chansey|82/100 par\n|-unboost|p1a: Chansey|spa|1\n|-unboost|p1a: Chansey|spd|1\n|\n|upkeep\n|turn|10\n|\n|t:|1770567933\n|move|p2a: Exeggutor|Psychic|p1a: Chansey\n|-damage|p1a: Chansey|58/100 par\n|move|p1a: Chansey|Soft-Boiled|p1a: Chansey\n|-heal|p1a: Chansey|100/100 par\n|\n|upkeep\n|turn|11\n|\n|t:|1770567938\n|move|p2a: Exeggutor|Psychic|p1a: Chansey\n|-damage|p1a: Chansey|74/100 par\n|move|p1a: Chansey|Ice Beam|p2a: Exeggutor\n|-supereffective|p2a: Exeggutor\n|-damage|p2a: Exeggutor|80/100 par\n|\n|upkeep\n|turn|12\n|\n|t:|1770567951\n|switch|p2a: Snorlax|Snorlax|100/100\n|cant|p1a: Chansey|par\n|\n|upkeep\n|turn|13\n|\n|t:|1770567978\n|switch|p1a: Snorlax|Snorlax|100/100\n|move|p2a: Snorlax|Body Slam|p1a: Snorlax\n|-damage|p1a: Snorlax|72/100\n|\n|upkeep\n|turn|14\n|\n|t:|1770567983\n|switch|p2a: Starmie|Starmie|100/100\n|move|p1a: Snorlax|Reflect|p1a: Snorlax\n|-start|p1a: Snorlax|Reflect\n|\n|upkeep\n|turn|15\n|\n|t:|1770568012\n|switch|p1a: Chansey|Chansey|74/100 par\n|move|p2a: Starmie|Thunder Wave|p1a: Chansey\n|-fail|p1a: Chansey|par\n|\n|upkeep\n|turn|16\n|inactive|Laroxyl has 270 seconds left.\n|inactive|sadisticnarwhal has 270 seconds left.\n|\n|t:|1770568054\n|switch|p2a: Snorlax|Snorlax|100/100\n|cant|p1a: Chansey|par\n|\n|upkeep\n|turn|17\n|inactive|Laroxyl has 270 seconds left.\n|inactive|Laroxyl has 240 seconds left.\n|inactive|Laroxyl has 210 seconds left.\n|\n|t:|1770568139\n|switch|p1a: Starmie|Starmie|100/100\n|move|p2a: Snorlax|Body Slam|p1a: Starmie\n|-damage|p1a: Starmie|64/100\n|\n|upkeep\n|turn|18\n|inactive|sadisticnarwhal has 270 seconds left.\n|\n|t:|1770568164\n|move|p1a: Starmie|Thunder Wave|p2a: Snorlax\n|-status|p2a: Snorlax|par\n|cant|p2a: Snorlax|par\n|\n|upkeep\n|turn|19\n|\n|t:|1770568172\n|switch|p1a: Snorlax|Snorlax|72/100\n|move|p2a: Snorlax|Body Slam|p1a: Snorlax\n|-damage|p1a: Snorlax|44/100\n|\n|upkeep\n|turn|20\n|inactive|Laroxyl has 180 seconds left.\n|inactive|sadisticnarwhal has 270 seconds left.\n|inactive|sadisticnarwhal has 240 seconds left.\n|inactive|Laroxyl has 150 seconds left.\n|inactive|sadisticnarwhal has 210 seconds left.\n|\n|t:|1770568264\n|move|p1a: Snorlax|Reflect|p1a: Snorlax\n|-start|p1a: Snorlax|Reflect\n|move|p2a: Snorlax|Body Slam|p1a: Snorlax\n|-damage|p1a: Snorlax|31/100\n|\n|upkeep\n|turn|21\n|\n|t:|1770568276\n|switch|p2a: Starmie|Starmie|100/100\n|move|p1a: Snorlax|Rest|p1a: Snorlax\n|-status|p1a: Snorlax|slp|[from] move: Rest\n|-heal|p1a: Snorlax|100/100 slp|[silent]\n|\n|upkeep\n|turn|22\n|\n|t:|1770568286\n|switch|p1a: Chansey|Chansey|74/100 par\n|move|p2a: Starmie|Psychic|p1a: Chansey\n|-crit|p1a: Chansey\n|-damage|p1a: Chansey|45/100 par\n|\n|upkeep\n|turn|23\n|\n|t:|1770568291\n|switch|p2a: Snorlax|Snorlax|100/100 par\n|move|p1a: Chansey|Soft-Boiled|p1a: Chansey\n|-heal|p1a: Chansey|95/100 par\n|\n|upkeep\n|turn|24\n|inactive|sadisticnarwhal has 240 seconds left.\n|\n|t:|1770568299\n|switch|p1a: Snorlax|Snorlax|100/100 slp\n|move|p2a: Snorlax|Body Slam|p1a: Snorlax\n|-crit|p1a: Snorlax\n|-damage|p1a: Snorlax|47/100 slp\n|\n|upkeep\n|turn|25\n|\n|t:|1770568315\n|switch|p1a: Starmie|Starmie|64/100\n|cant|p2a: Snorlax|par\n|\n|upkeep\n|turn|26\n|inactive|sadisticnarwhal has 240 seconds left.\n|\n|t:|1770568346\n|move|p1a: Starmie|Psychic|p2a: Snorlax\n|-crit|p2a: Snorlax\n|-damage|p2a: Snorlax|51/100 par\n|cant|p2a: Snorlax|par\n|\n|upkeep\n|turn|27\n|\n|t:|1770568375\n|switch|p1a: Exeggutor|Exeggutor|37/100 slp\n|switch|p2a: Starmie|Starmie|100/100\n|\n|upkeep\n|turn|28\n|inactive|Laroxyl has 120 seconds left.\n|\n|t:|1770568394\n|switch|p2a: Snorlax|Snorlax|51/100 par\n|switch|p1a: Chansey|Chansey|95/100 par\n|\n|upkeep\n|turn|29\n|inactive|Laroxyl has 120 seconds left.\n|\n|t:|1770568409\n|switch|p1a: Starmie|Starmie|64/100\n|cant|p2a: Snorlax|par\n|\n|upkeep\n|turn|30\n|inactive|Laroxyl has 120 seconds left.\n|c|+bello figo|donde esta spl mode\n|\n|t:|1770568435\n|switch|p2a: Starmie|Starmie|100/100\n|move|p1a: Starmie|Psychic|p2a: Starmie\n|-resisted|p2a: Starmie\n|-damage|p2a: Starmie|84/100\n|\n|upkeep\n|turn|31\n|rated|Smogon Premier League\n|\n|t:|1770568454\n|switch|p1a: Chansey|Chansey|95/100 par\n|move|p2a: Starmie|Thunder Wave|p1a: Chansey\n|-fail|p1a: Chansey|par\n|\n|upkeep\n|turn|32\n|inactive|Laroxyl has 90 seconds left.\n|inactive|sadisticnarwhal has 240 seconds left.\n|\n|t:|1770568486\n|switch|p2a: Snorlax|Snorlax|51/100 par\n|move|p1a: Chansey|Thunderbolt|p2a: Snorlax\n|-damage|p2a: Snorlax|31/100 par\n|\n|upkeep\n|turn|33\n|inactive|sadisticnarwhal has 240 seconds left.\n|\n|t:|1770568503\n|switch|p1a: Snorlax|Snorlax|47/100 slp\n|cant|p2a: Snorlax|par\n|\n|upkeep\n|turn|34\n|\n|t:|1770568516\n|switch|p1a: Starmie|Starmie|64/100\n|move|p2a: Snorlax|Body Slam|p1a: Starmie\n|-damage|p1a: Starmie|27/100\n|\n|upkeep\n|turn|35\n|\n|t:|1770568528\n|move|p1a: Starmie|Recover|p1a: Starmie\n|-heal|p1a: Starmie|77/100\n|move|p2a: Snorlax|Self-Destruct|p1a: Starmie\n|-damage|p1a: Starmie|0 fnt\n|faint|p1a: Starmie\n|faint|p2a: Snorlax\n|inactive|Laroxyl has 60 seconds left.\n|inactive|sadisticnarwhal has 240 seconds left.\n|inactive|sadisticnarwhal has 210 seconds left.\n|inactive|sadisticnarwhal has 180 seconds left.\n|inactive|sadisticnarwhal has 150 seconds left.\n|\n|t:|1770568645\n|switch|p1a: Chansey|Chansey|95/100 par\n|switch|p2a: Exeggutor|Exeggutor|80/100 par\n|turn|36\n|inactive|Laroxyl has 60 seconds left.\n|\n|t:|1770568664\n|move|p2a: Exeggutor|Psychic|p1a: Chansey\n|-damage|p1a: Chansey|78/100 par\n|move|p1a: Chansey|Ice Beam|p2a: Exeggutor\n|-supereffective|p2a: Exeggutor\n|-damage|p2a: Exeggutor|45/100 par\n|\n|upkeep\n|turn|37\n|inactive|sadisticnarwhal has 150 seconds left.\n|\n|t:|1770568671\n|switch|p1a: Exeggutor|Exeggutor|37/100 slp\n|cant|p2a: Exeggutor|par\n|\n|upkeep\n|turn|38\n|inactive|Laroxyl has 60 seconds left.\n|\n|t:|1770568693\n|switch|p1a: Chansey|Chansey|78/100 par\n|switch|p2a: Tauros|Tauros|100/100\n|\n|upkeep\n|turn|39\n|\n|t:|1770568704\n|switch|p2a: Exeggutor|Exeggutor|45/100 par\n|move|p1a: Chansey|Thunder Wave|p2a: Exeggutor\n|-fail|p2a: Exeggutor|par\n|\n|upkeep\n|turn|40\n|\n|t:|1770568711\n|switch|p1a: Exeggutor|Exeggutor|37/100 slp\n|move|p2a: Exeggutor|Explosion|p1a: Exeggutor\n|-damage|p1a: Exeggutor|0 fnt\n|faint|p1a: Exeggutor\n|faint|p2a: Exeggutor\n|inactive|sadisticnarwhal has 150 seconds left.\n|\n|t:|1770568742\n|switch|p1a: Tauros|Tauros|100/100\n|switch|p2a: Zapdos|Zapdos|100/100\n|turn|41\n|\n|t:|1770568759\n|switch|p1a: Chansey|Chansey|78/100 par\n|move|p2a: Zapdos|Thunder Wave|p1a: Chansey\n|-fail|p1a: Chansey|par\n|\n|upkeep\n|turn|42\n|inactive|sadisticnarwhal has 120 seconds left.\n|\n|t:|1770568809\n|move|p2a: Zapdos|Drill Peck|p1a: Chansey\n|-crit|p1a: Chansey\n|-damage|p1a: Chansey|8/100 par\n|move|p1a: Chansey|Thunder Wave|p2a: Zapdos\n|-status|p2a: Zapdos|par\n|\n|upkeep\n|turn|43\n|\n|t:|1770568822\n|move|p2a: Zapdos|Drill Peck|p1a: Chansey\n|-damage|p1a: Chansey|0 fnt\n|faint|p1a: Chansey\n|inactive|Laroxyl has 30 seconds left.\n|inactive|Laroxyl has 20 seconds left.\n|inactive|Laroxyl has 15 seconds left.\n|inactive|Laroxyl has 10 seconds left.\n|\n|t:|1770568859\n|switch|p1a: Tauros|Tauros|100/100\n|turn|44\n|inactive|Laroxyl has 20 seconds left this turn.\n|inactive|sadisticnarwhal has 90 seconds left.\n|inactive|sadisticnarwhal has 60 seconds left.\n|inactive|sadisticnarwhal has 30 seconds left.\n|inactive|sadisticnarwhal has 20 seconds left.\n|inactive|sadisticnarwhal has 15 seconds left.\n|\n|t:|1770568956\n|move|p1a: Tauros|Body Slam|p2a: Zapdos\n|-crit|p2a: Zapdos\n|-damage|p2a: Zapdos|46/100 par\n|move|p2a: Zapdos|Thunder Wave|p1a: Tauros\n|-status|p1a: Tauros|par\n|\n|upkeep\n|turn|45\n|inactive|Laroxyl has 30 seconds left this turn.\n|inactive|sadisticnarwhal has 25 seconds left this turn.\n|inactive|Laroxyl has 20 seconds left.\n|inactive|Laroxyl has 15 seconds left.\n|\n|t:|1770568972\n|switch|p2a: Alakazam|Alakazam|100/100 slp\n|move|p1a: Tauros|Hyper Beam|p2a: Alakazam|[miss]\n|-miss|p1a: Tauros\n|\n|upkeep\n|turn|46\n|inactive|Laroxyl has 25 seconds left this turn.\n|inactive|Laroxyl has 20 seconds left.\n|inactive|sadisticnarwhal has 30 seconds left.\n|inactive|Laroxyl has 15 seconds left.\n|\n|t:|1770568985\n|switch|p2a: Starmie|Starmie|84/100\n|cant|p1a: Tauros|par\n|\n|upkeep\n|turn|47\n|inactive|Laroxyl has 25 seconds left this turn.\n|inactive|sadisticnarwhal has 30 seconds left.\n|\n|t:|1770568991\n|move|p2a: Starmie|Psychic|p1a: Tauros\n|-damage|p1a: Tauros|61/100 par\n|-unboost|p1a: Tauros|spa|1\n|-unboost|p1a: Tauros|spd|1\n|move|p1a: Tauros|Body Slam|p2a: Starmie\n|-damage|p2a: Starmie|52/100\n|\n|upkeep\n|turn|48\n|inactive|Laroxyl has 30 seconds left.\n|inactive|sadisticnarwhal has 30 seconds left.\n|\n|t:|1770569004\n|move|p2a: Starmie|Recover|p2a: Starmie\n|-heal|p2a: Starmie|100/100\n|move|p1a: Tauros|Body Slam|p2a: Starmie\n|-damage|p2a: Starmie|67/100\n|\n|upkeep\n|turn|49\n|inactive|Laroxyl has 30 seconds left.\n|\n|t:|1770569014\n|move|p2a: Starmie|Psychic|p1a: Tauros\n|-damage|p1a: Tauros|7/100 par\n|-unboost|p1a: Tauros|spa|1\n|-unboost|p1a: Tauros|spd|1\n|move|p1a: Tauros|Body Slam|p2a: Starmie\n|-damage|p2a: Starmie|32/100\n|\n|upkeep\n|turn|50\n|\n|t:|1770569022\n|move|p2a: Starmie|Psychic|p1a: Tauros\n|-damage|p1a: Tauros|0 fnt\n|faint|p1a: Tauros\n|\n|t:|1770569024\n|switch|p1a: Zapdos|Zapdos|100/100\n|turn|51\n|\n|t:|1770569032\n|move|p2a: Starmie|Thunder Wave|p1a: Zapdos\n|-status|p1a: Zapdos|par\n|move|p1a: Zapdos|Agility|p1a: Zapdos\n|-boost|p1a: Zapdos|spe|2\n|\n|upkeep\n|turn|52\n|\n|t:|1770569036\n|cant|p1a: Zapdos|par\n|move|p2a: Starmie|Psychic|p1a: Zapdos\n|-damage|p1a: Zapdos|75/100 par\n|\n|upkeep\n|turn|53\n|\n|t:|1770569040\n|cant|p1a: Zapdos|par\n|move|p2a: Starmie|Psychic|p1a: Zapdos\n|-crit|p1a: Zapdos\n|-damage|p1a: Zapdos|28/100 par\n|\n|upkeep\n|turn|54\n|\n|t:|1770569046\n|move|p1a: Zapdos|Thunderbolt|p2a: Starmie\n|-supereffective|p2a: Starmie\n|-damage|p2a: Starmie|0 fnt\n|faint|p2a: Starmie\n|inactive|sadisticnarwhal has 90 seconds left.\n|\n|t:|1770569053\n|switch|p2a: Zapdos|Zapdos|46/100 par\n|turn|55\n|\n|t:|1770569060\n|move|p1a: Zapdos|Thunderbolt|p2a: Zapdos\n|-damage|p2a: Zapdos|15/100 par\n|move|p2a: Zapdos|Agility|p2a: Zapdos\n|-boost|p2a: Zapdos|spe|2\n|\n|upkeep\n|turn|56\n|\n|t:|1770569066\n|move|p2a: Zapdos|Thunderbolt|p1a: Zapdos\n|-damage|p1a: Zapdos|0 fnt\n|faint|p1a: Zapdos\n|\n|t:|1770569069\n|switch|p1a: Snorlax|Snorlax|47/100 slp\n|turn|57\n|\n|t:|1770569073\n|switch|p2a: Tauros|Tauros|100/100\n|cant|p1a: Snorlax|slp\n|\n|upkeep\n|turn|58\n|\n|t:|1770569075\n|move|p2a: Tauros|Body Slam|p1a: Snorlax\n|-damage|p1a: Snorlax|21/100 slp\n|-curestatus|p1a: Snorlax|slp|[msg]\n|\n|upkeep\n|turn|59\n|\n|t:|1770569078\n|move|p2a: Tauros|Body Slam|p1a: Snorlax\n|-damage|p1a: Snorlax|0 fnt\n|faint|p1a: Snorlax\n|\n|win|sadisticnarwhal\n","uploadtime":1770569078,"views":"924","formatid":"gen1ou","rating":null,"private":0,"password":null}