{"id":"smogtours-gen1ou-822791","format":"[Gen 1] OU","players":["nicole7735","Sceptross"],"log":"|inactive|Battle timer is ON: inactive players will automatically lose when time's up.\n|t:|1740915016\n|gametype|singles\n|player|p1|nicole7735|lady-gen4|\n|player|p2|Sceptross|#splxvicryonicles|\n|teamsize|p1|6\n|teamsize|p2|6\n|gen|1\n|tier|[Gen 1] OU\n|rule|Desync Clause Mod: Desyncs changed to move failure.\n|rule|Sleep Clause Mod: Limit one foe put to sleep\n|rule|Freeze Clause Mod: Limit one foe frozen\n|rule|Species Clause: Limit one of each Pokémon\n|rule|OHKO Clause: OHKO moves are banned\n|rule|Evasion Moves Clause: Evasion moves are banned\n|rule|Endless Battle Clause: Forcing endless battles is banned\n|rule|HP Percentage Mod: HP is shown in percentages\n|\n|t:|1740915016\n|start\n|switch|p1a: Gengar|Gengar|100/100\n|switch|p2a: Jynx|Jynx|100/100\n|turn|1\n|c|☆Sceptross|gl hf\n|c|☆nicole7735|hf\n|\n|t:|1740915033\n|move|p1a: Gengar|Hypnosis|p2a: Jynx\n|-status|p2a: Jynx|slp|[from] move: Hypnosis\n|-curestatus|p2a: Jynx|slp|[msg]\n|\n|upkeep\n|turn|2\n|inactive|Sceptross has 270 seconds left.\n|\n|t:|1740915074\n|move|p1a: Gengar|Hypnosis|p2a: Jynx|[miss]\n|-miss|p1a: Gengar\n|move|p2a: Jynx|Lovely Kiss|p1a: Gengar|[miss]\n|-miss|p2a: Jynx\n|\n|upkeep\n|turn|3\n|inactive|Sceptross has 240 seconds left.\n|\n|t:|1740915107\n|move|p1a: Gengar|Hypnosis|p2a: Jynx|[miss]\n|-miss|p1a: Gengar\n|move|p2a: Jynx|Lovely Kiss|p1a: Gengar\n|-status|p1a: Gengar|slp|[from] move: Lovely Kiss\n|\n|upkeep\n|turn|4\n|inactive|Sceptross has 240 seconds left.\n|\n|t:|1740915133\n|switch|p1a: Chansey|Chansey|100/100\n|move|p2a: Jynx|Blizzard|p1a: Chansey\n|-damage|p1a: Chansey|81/100\n|\n|upkeep\n|turn|5\n|\n|t:|1740915139\n|move|p2a: Jynx|Blizzard|p1a: Chansey\n|-damage|p1a: Chansey|61/100\n|move|p1a: Chansey|Thunder Wave|p2a: Jynx\n|-status|p2a: Jynx|par\n|\n|upkeep\n|turn|6\n|\n|t:|1740915145\n|move|p1a: Chansey|Thunderbolt|p2a: Jynx\n|-damage|p2a: Jynx|76/100 par\n|move|p2a: Jynx|Blizzard|p1a: Chansey\n|-damage|p1a: Chansey|41/100\n|\n|upkeep\n|turn|7\n|\n|t:|1740915154\n|move|p1a: Chansey|Soft-Boiled|p1a: Chansey\n|-heal|p1a: Chansey|91/100\n|move|p2a: Jynx|Blizzard|p1a: Chansey\n|-damage|p1a: Chansey|72/100\n|\n|upkeep\n|turn|8\n|\n|t:|1740915171\n|move|p1a: Chansey|Thunderbolt|p2a: Jynx\n|-damage|p2a: Jynx|53/100 par\n|move|p2a: Jynx|Blizzard|p1a: Chansey\n|-damage|p1a: Chansey|52/100\n|\n|upkeep\n|turn|9\n|\n|t:|1740915177\n|move|p1a: Chansey|Soft-Boiled|p1a: Chansey\n|-heal|p1a: Chansey|100/100\n|cant|p2a: Jynx|par\n|\n|upkeep\n|turn|10\n|\n|t:|1740915181\n|move|p1a: Chansey|Thunderbolt|p2a: Jynx\n|-damage|p2a: Jynx|30/100 par\n|cant|p2a: Jynx|par\n|\n|upkeep\n|turn|11\n|inactive|Sceptross has 270 seconds left.\n|\n|t:|1740915188\n|switch|p1a: Tauros|Tauros|100/100\n|move|p2a: Jynx|Rest|p2a: Jynx\n|-status|p2a: Jynx|slp|[from] move: Rest\n|-heal|p2a: Jynx|100/100 slp|[silent]\n|\n|upkeep\n|turn|12\n|inactive|Sceptross has 270 seconds left.\n|\n|t:|1740915208\n|switch|p2a: Starmie|Starmie|100/100\n|move|p1a: Tauros|Body Slam|p2a: Starmie\n|-damage|p2a: Starmie|66/100\n|\n|upkeep\n|turn|13\n|\n|t:|1740915211\n|switch|p1a: Chansey|Chansey|100/100\n|move|p2a: Starmie|Thunder Wave|p1a: Chansey\n|-status|p1a: Chansey|par\n|\n|upkeep\n|turn|14\n|inactive|Sceptross has 270 seconds left.\n|\n|t:|1740915241\n|switch|p2a: Snorlax|Snorlax|100/100\n|cant|p1a: Chansey|par\n|\n|upkeep\n|turn|15\n|\n|t:|1740915254\n|switch|p1a: Gengar|Gengar|100/100 slp\n|move|p2a: Snorlax|Body Slam|p1a: Gengar\n|-immune|p1a: Gengar\n|\n|upkeep\n|turn|16\n|\n|t:|1740915259\n|switch|p1a: Cloyster|Cloyster|100/100\n|move|p2a: Snorlax|Body Slam|p1a: Cloyster\n|-damage|p1a: Cloyster|77/100\n|-status|p1a: Cloyster|par\n|\n|upkeep\n|turn|17\n|inactive|Sceptross has 270 seconds left.\n|inactive|nicole7735 has 270 seconds left.\n|inactive|Sceptross has 240 seconds left.\n|inactive|Sceptross has 210 seconds left.\n|\n|t:|1740915371\n|switch|p2a: Jynx|Jynx|100/100 slp\n|move|p1a: Cloyster|Blizzard|p2a: Jynx\n|-resisted|p2a: Jynx\n|-damage|p2a: Jynx|82/100 slp\n|\n|upkeep\n|turn|18\n|\n|t:|1740915374\n|switch|p2a: Chansey|Chansey|100/100\n|switch|p1a: Tauros|Tauros|100/100\n|\n|upkeep\n|turn|19\n|inactive|nicole7735 has 270 seconds left.\n|inactive|nicole7735 has 240 seconds left.\n|\n|t:|1740915409\n|switch|p1a: Chansey|Chansey|100/100 par\n|move|p2a: Chansey|Thunder Wave|p1a: Chansey\n|-fail|p1a: Chansey|par\n|\n|upkeep\n|turn|20\n|inactive|nicole7735 has 240 seconds left.\n|\n|t:|1740915426\n|switch|p2a: Snorlax|Snorlax|100/100\n|move|p1a: Chansey|Ice Beam|p2a: Snorlax\n|-damage|p2a: Snorlax|80/100\n|\n|upkeep\n|turn|21\n|inactive|nicole7735 has 240 seconds left.\n|\n|t:|1740915443\n|switch|p1a: Gengar|Gengar|100/100 slp\n|move|p2a: Snorlax|Body Slam|p1a: Gengar\n|-immune|p1a: Gengar\n|\n|upkeep\n|turn|22\n|\n|t:|1740915453\n|switch|p1a: Cloyster|Cloyster|77/100 par\n|move|p2a: Snorlax|Body Slam|p1a: Cloyster\n|-damage|p1a: Cloyster|54/100 par\n|\n|upkeep\n|turn|23\n|inactive|Sceptross has 210 seconds left.\n|inactive|Sceptross has 180 seconds left.\n|\n|t:|1740915508\n|switch|p2a: Starmie|Starmie|66/100\n|cant|p1a: Cloyster|par\n|\n|upkeep\n|turn|24\n|\n|t:|1740915520\n|move|p2a: Starmie|Recover|p2a: Starmie\n|-heal|p2a: Starmie|100/100\n|cant|p1a: Cloyster|par\n|\n|upkeep\n|turn|25\n|inactive|Sceptross has 180 seconds left.\n|inactive|nicole7735 has 240 seconds left.\n|\n|t:|1740915549\n|switch|p2a: Snorlax|Snorlax|80/100\n|switch|p1a: Exeggutor|Exeggutor|100/100\n|\n|upkeep\n|turn|26\n|\n|t:|1740915574\n|switch|p2a: Jynx|Jynx|82/100 slp\n|move|p1a: Exeggutor|Psychic|p2a: Jynx\n|-resisted|p2a: Jynx\n|-damage|p2a: Jynx|63/100 slp\n|\n|upkeep\n|turn|27\n|inactive|nicole7735 has 210 seconds left.\n|\n|t:|1740915603\n|switch|p1a: Tauros|Tauros|100/100\n|cant|p2a: Jynx|slp\n|\n|upkeep\n|turn|28\n|\n|t:|1740915608\n|switch|p2a: Starmie|Starmie|100/100\n|move|p1a: Tauros|Body Slam|p2a: Starmie\n|-crit|p2a: Starmie\n|-damage|p2a: Starmie|39/100\n|\n|upkeep\n|turn|29\n|inactive|nicole7735 has 210 seconds left.\n|\n|t:|1740915640\n|switch|p1a: Chansey|Chansey|100/100 par\n|move|p2a: Starmie|Recover|p2a: Starmie\n|-heal|p2a: Starmie|89/100\n|\n|upkeep\n|turn|30\n|inactive|Sceptross has 180 seconds left.\n|inactive|nicole7735 has 180 seconds left.\n|\n|t:|1740915689\n|switch|p1a: Exeggutor|Exeggutor|100/100\n|move|p2a: Starmie|Psychic|p1a: Exeggutor\n|-resisted|p1a: Exeggutor\n|-damage|p1a: Exeggutor|90/100\n|\n|upkeep\n|turn|31\n|\n|t:|1740915719\n|move|p2a: Starmie|Thunder Wave|p1a: Exeggutor\n|-status|p1a: Exeggutor|par\n|move|p1a: Exeggutor|Sleep Powder|p2a: Starmie\n|-status|p2a: Starmie|slp|[from] move: Sleep Powder\n|\n|upkeep\n|turn|32\n|inactive|Sceptross has 150 seconds left.\n|inactive|nicole7735 has 150 seconds left.\n|inactive|Sceptross has 120 seconds left.\n|\n|t:|1740915771\n|switch|p2a: Chansey|Chansey|100/100\n|switch|p1a: Chansey|Chansey|100/100 par\n|\n|upkeep\n|turn|33\n|inactive|Sceptross has 120 seconds left.\n|\n|t:|1740915782\n|switch|p2a: Snorlax|Snorlax|80/100\n|move|p1a: Chansey|Thunder Wave|p2a: Snorlax\n|-status|p2a: Snorlax|par\n|\n|upkeep\n|turn|34\n|\n|t:|1740915796\n|switch|p1a: Cloyster|Cloyster|54/100 par\n|move|p2a: Snorlax|Body Slam|p1a: Cloyster\n|-damage|p1a: Cloyster|31/100 par\n|\n|upkeep\n|turn|35\n|inactive|Sceptross has 120 seconds left.\n|inactive|nicole7735 has 120 seconds left.\n|\n|t:|1740915832\n|move|p1a: Cloyster|Rest|p1a: Cloyster\n|-status|p1a: Cloyster|slp|[from] move: Rest\n|-heal|p1a: Cloyster|100/100 slp|[silent]\n|move|p2a: Snorlax|Body Slam|p1a: Cloyster\n|-damage|p1a: Cloyster|79/100 slp\n|\n|upkeep\n|turn|36\n|\n|t:|1740915835\n|switch|p2a: Zapdos|Zapdos|100/100\n|cant|p1a: Cloyster|slp\n|\n|upkeep\n|turn|37\n|inactive|nicole7735 has 120 seconds left.\n|inactive|nicole7735 has 90 seconds left.\n|inactive|nicole7735 has 60 seconds left.\n|inactive|nicole7735 has 30 seconds left.\n|\n|t:|1740915942\n|switch|p1a: Gengar|Gengar|100/100 slp\n|move|p2a: Zapdos|Drill Peck|p1a: Gengar\n|-damage|p1a: Gengar|61/100 slp\n|\n|upkeep\n|turn|38\n|\n|t:|1740915947\n|cant|p1a: Gengar|slp\n|move|p2a: Zapdos|Thunderbolt|p1a: Gengar\n|-damage|p1a: Gengar|25/100 slp\n|\n|upkeep\n|turn|39\n|\n|t:|1740915950\n|cant|p1a: Gengar|slp\n|move|p2a: Zapdos|Drill Peck|p1a: Gengar\n|-crit|p1a: Gengar\n|-damage|p1a: Gengar|0 fnt\n|faint|p1a: Gengar\n|inactive|nicole7735 has 30 seconds left.\n|inactive|nicole7735 has 20 seconds left.\n|inactive|nicole7735 has 15 seconds left.\n|\n|t:|1740915987\n|switch|p1a: Tauros|Tauros|100/100\n|turn|40\n|inactive|nicole7735 has 25 seconds left this turn.\n|\n|t:|1740915990\n|move|p1a: Tauros|Body Slam|p2a: Zapdos\n|-damage|p2a: Zapdos|71/100\n|move|p2a: Zapdos|Thunder Wave|p1a: Tauros\n|-status|p1a: Tauros|par\n|\n|upkeep\n|turn|41\n|inactive|Sceptross has 150 seconds left.\n|inactive|Sceptross has 120 seconds left.\n|inactive|Sceptross has 90 seconds left.\n|inactive|Sceptross has 60 seconds left.\n|inactive|Sceptross has 30 seconds left.\n|\n|t:|1740916132\n|switch|p2a: Chansey|Chansey|100/100\n|move|p1a: Tauros|Body Slam|p2a: Chansey\n|-crit|p2a: Chansey\n|-damage|p2a: Chansey|25/100\n|\n|upkeep\n|turn|42\n|inactive|nicole7735 has 30 seconds left.\n|\n|t:|1740916151\n|switch|p1a: Chansey|Chansey|100/100 par\n|move|p2a: Chansey|Soft-Boiled|p2a: Chansey\n|-heal|p2a: Chansey|75/100\n|\n|upkeep\n|turn|43\n|\n|t:|1740916163\n|switch|p2a: Snorlax|Snorlax|80/100 par\n|cant|p1a: Chansey|par\n|\n|upkeep\n|turn|44\n|inactive|nicole7735 has 30 seconds left.\n|inactive|Sceptross has 30 seconds left.\n|inactive|nicole7735 has 20 seconds left.\n|inactive|nicole7735 has 15 seconds left.\n|inactive|Sceptross has 20 seconds left.\n|\n|t:|1740916195\n|switch|p1a: Cloyster|Cloyster|79/100 slp\n|cant|p2a: Snorlax|par\n|\n|upkeep\n|turn|45\n|inactive|nicole7735 has 25 seconds left this turn.\n|inactive|Sceptross has 30 seconds left this turn.\n|\n|t:|1740916201\n|switch|p2a: Zapdos|Zapdos|71/100\n|-curestatus|p1a: Cloyster|slp|[msg]\n|\n|upkeep\n|turn|46\n|inactive|nicole7735 has 30 seconds left.\n|inactive|Sceptross has 30 seconds left.\n|\n|t:|1740916210\n|switch|p1a: Chansey|Chansey|100/100 par\n|move|p2a: Zapdos|Drill Peck|p1a: Chansey\n|-damage|p1a: Chansey|69/100 par\n|\n|upkeep\n|turn|47\n|inactive|Sceptross has 30 seconds left.\n|\n|t:|1740916223\n|switch|p2a: Snorlax|Snorlax|80/100 par\n|move|p1a: Chansey|Thunder Wave|p2a: Snorlax\n|-fail|p2a: Snorlax|par\n|\n|upkeep\n|turn|48\n|\n|t:|1740916231\n|switch|p1a: Cloyster|Cloyster|79/100\n|move|p2a: Snorlax|Rest|p2a: Snorlax\n|-status|p2a: Snorlax|slp|[from] move: Rest\n|-heal|p2a: Snorlax|100/100 slp|[silent]\n|\n|upkeep\n|turn|49\n|inactive|Sceptross has 30 seconds left.\n|\n|t:|1740916255\n|move|p1a: Cloyster|Blizzard|p2a: Snorlax\n|-damage|p2a: Snorlax|66/100 slp\n|cant|p2a: Snorlax|slp\n|\n|upkeep\n|turn|50\n|inactive|Sceptross has 30 seconds left.\n|\n|t:|1740916266\n|switch|p2a: Starmie|Starmie|89/100 slp\n|move|p1a: Cloyster|Blizzard|p2a: Starmie\n|-resisted|p2a: Starmie\n|-damage|p2a: Starmie|69/100 slp\n|\n|upkeep\n|turn|51\n|inactive|nicole7735 has 30 seconds left.\n|inactive|nicole7735 has 20 seconds left.\n|inactive|nicole7735 has 15 seconds left.\n|\n|t:|1740916308\n|switch|p2a: Chansey|Chansey|75/100\n|switch|p1a: Tauros|Tauros|100/100 par\n|\n|upkeep\n|turn|52\n|inactive|nicole7735 has 25 seconds left this turn.\n|inactive|nicole7735 has 20 seconds left.\n|\n|t:|1740916323\n|switch|p1a: Chansey|Chansey|69/100 par\n|move|p2a: Chansey|Soft-Boiled|p2a: Chansey\n|-heal|p2a: Chansey|100/100\n|\n|upkeep\n|turn|53\n|inactive|nicole7735 has 30 seconds left this turn.\n|inactive|nicole7735 has 20 seconds left.\n|inactive|nicole7735 has 15 seconds left.\n|\n|t:|1740916339\n|move|p2a: Chansey|Thunderbolt|p1a: Chansey\n|-damage|p1a: Chansey|59/100 par\n|move|p1a: Chansey|Soft-Boiled|p1a: Chansey\n|-heal|p1a: Chansey|100/100 par\n|\n|upkeep\n|turn|54\n|inactive|nicole7735 has 25 seconds left this turn.\n|\n|t:|1740916342\n|switch|p2a: Snorlax|Snorlax|66/100 slp\n|move|p1a: Chansey|Ice Beam|p2a: Snorlax\n|-damage|p2a: Snorlax|47/100 slp\n|\n|upkeep\n|turn|55\n|inactive|nicole7735 has 30 seconds left.\n|inactive|nicole7735 has 20 seconds left.\n|inactive|nicole7735 has 15 seconds left.\n|\n|t:|1740916363\n|-curestatus|p2a: Snorlax|slp|[msg]\n|move|p1a: Chansey|Thunder Wave|p2a: Snorlax\n|-status|p2a: Snorlax|par\n|\n|upkeep\n|turn|56\n|inactive|nicole7735 has 25 seconds left this turn.\n|inactive|nicole7735 has 20 seconds left.\n|inactive|nicole7735 has 15 seconds left.\n|\n|t:|1740916374\n|switch|p1a: Cloyster|Cloyster|79/100\n|move|p2a: Snorlax|Rest|p2a: Snorlax\n|-status|p2a: Snorlax|slp|[from] move: Rest\n|-heal|p2a: Snorlax|100/100 slp|[silent]\n|\n|upkeep\n|turn|57\n|inactive|nicole7735 has 25 seconds left this turn.\n|\n|t:|1740916379\n|switch|p2a: Starmie|Starmie|69/100 slp\n|move|p1a: Cloyster|Blizzard|p2a: Starmie\n|-resisted|p2a: Starmie\n|-damage|p2a: Starmie|48/100 slp\n|\n|upkeep\n|turn|58\n|\n|t:|1740916383\n|switch|p2a: Chansey|Chansey|100/100\n|move|p1a: Cloyster|Blizzard|p2a: Chansey\n|-damage|p2a: Chansey|82/100\n|\n|upkeep\n|turn|59\n|\n|t:|1740916397\n|switch|p2a: Jynx|Jynx|63/100 slp\n|move|p1a: Cloyster|Explosion|p2a: Jynx\n|-crit|p2a: Jynx\n|-damage|p2a: Jynx|0 fnt\n|faint|p2a: Jynx\n|faint|p1a: Cloyster\n|inactive|nicole7735 has 30 seconds left.\n|inactive|Sceptross has 90 seconds left.\n|inactive|nicole7735 has 20 seconds left.\n|inactive|nicole7735 has 15 seconds left.\n|\n|t:|1740916437\n|switch|p2a: Snorlax|Snorlax|100/100 slp\n|switch|p1a: Snorlax|Snorlax|100/100\n|turn|60\n|inactive|nicole7735 has 25 seconds left this turn.\n|inactive|nicole7735 has 20 seconds left.\n|\n|t:|1740916447\n|cant|p2a: Snorlax|slp\n|move|p1a: Snorlax|Body Slam|p2a: Snorlax\n|-damage|p2a: Snorlax|76/100 slp\n|\n|upkeep\n|turn|61\n|inactive|nicole7735 has 30 seconds left this turn.\n|\n|t:|1740916450\n|move|p1a: Snorlax|Body Slam|p2a: Snorlax\n|-damage|p2a: Snorlax|48/100 slp\n|-curestatus|p2a: Snorlax|slp|[msg]\n|\n|upkeep\n|turn|62\n|inactive|nicole7735 has 30 seconds left.\n|\n|t:|1740916470\n|move|p2a: Snorlax|Reflect|p2a: Snorlax\n|-start|p2a: Snorlax|Reflect\n|move|p1a: Snorlax|Body Slam|p2a: Snorlax\n|-damage|p2a: Snorlax|35/100\n|\n|upkeep\n|turn|63\n|inactive|nicole7735 has 30 seconds left.\n|inactive|Sceptross has 90 seconds left.\n|\n|t:|1740916486\n|move|p1a: Snorlax|Amnesia|p1a: Snorlax\n|-boost|p1a: Snorlax|spa|2\n|-boost|p1a: Snorlax|spd|2\n|move|p2a: Snorlax|Rest|p2a: Snorlax\n|-status|p2a: Snorlax|slp|[from] move: Rest\n|-heal|p2a: Snorlax|100/100 slp|[silent]\n|\n|upkeep\n|turn|64\n|inactive|nicole7735 has 30 seconds left.\n|inactive|nicole7735 has 20 seconds left.\n|inactive|nicole7735 has 15 seconds left.\n|inactive|nicole7735 has 10 seconds left.\n|\n|t:|1740916517\n|switch|p2a: Chansey|Chansey|82/100\n|move|p1a: Snorlax|Blizzard|p2a: Chansey\n|-damage|p2a: Chansey|63/100\n|\n|upkeep\n|turn|65\n|inactive|nicole7735 has 20 seconds left this turn.\n|inactive|nicole7735 has 15 seconds left.\n|\n|t:|1740916524\n|move|p2a: Chansey|Soft-Boiled|p2a: Chansey\n|-heal|p2a: Chansey|100/100\n|move|p1a: Snorlax|Body Slam|p2a: Chansey\n|-crit|p2a: Chansey\n|-damage|p2a: Chansey|17/100\n|\n|upkeep\n|turn|66\n|inactive|nicole7735 has 25 seconds left this turn.\n|\n|t:|1740916527\n|move|p2a: Chansey|Soft-Boiled|p2a: Chansey\n|-heal|p2a: Chansey|67/100\n|move|p1a: Snorlax|Body Slam|p2a: Chansey\n|-damage|p2a: Chansey|26/100\n|\n|upkeep\n|turn|67\n|\n|t:|1740916530\n|move|p2a: Chansey|Soft-Boiled|p2a: Chansey\n|-heal|p2a: Chansey|76/100\n|move|p1a: Snorlax|Body Slam|p2a: Chansey\n|-damage|p2a: Chansey|35/100\n|\n|upkeep\n|turn|68\n|\n|t:|1740916545\n|move|p2a: Chansey|Soft-Boiled|p2a: Chansey\n|-heal|p2a: Chansey|85/100\n|move|p1a: Snorlax|Body Slam|p2a: Chansey\n|-damage|p2a: Chansey|45/100\n|\n|upkeep\n|turn|69\n|\n|t:|1740916549\n|move|p2a: Chansey|Soft-Boiled|p2a: Chansey\n|-heal|p2a: Chansey|95/100\n|move|p1a: Snorlax|Body Slam|p2a: Chansey\n|-damage|p2a: Chansey|53/100\n|\n|upkeep\n|turn|70\n|\n|t:|1740916556\n|move|p2a: Chansey|Thunder Wave|p1a: Snorlax\n|-status|p1a: Snorlax|par\n|cant|p1a: Snorlax|par\n|\n|upkeep\n|turn|71\n|\n|t:|1740916563\n|move|p2a: Chansey|Soft-Boiled|p2a: Chansey\n|-heal|p2a: Chansey|100/100\n|move|p1a: Snorlax|Body Slam|p2a: Chansey\n|-damage|p2a: Chansey|61/100\n|\n|upkeep\n|turn|72\n|\n|t:|1740916571\n|move|p2a: Chansey|Soft-Boiled|p2a: Chansey\n|-heal|p2a: Chansey|100/100\n|move|p1a: Snorlax|Body Slam|p2a: Chansey\n|-damage|p2a: Chansey|56/100\n|\n|upkeep\n|turn|73\n|\n|t:|1740916574\n|move|p2a: Chansey|Soft-Boiled|p2a: Chansey\n|-heal|p2a: Chansey|100/100\n|cant|p1a: Snorlax|par\n|\n|upkeep\n|turn|74\n|inactive|Sceptross has 150 seconds left.\n|inactive|nicole7735 has 60 seconds left.\n|inactive|Sceptross has 120 seconds left.\n|inactive|nicole7735 has 30 seconds left.\n|\n|t:|1740916644\n|move|p2a: Chansey|Thunderbolt|p1a: Snorlax\n|-damage|p1a: Snorlax|91/100 par\n|move|p1a: Snorlax|Blizzard|p2a: Chansey|[miss]\n|-miss|p1a: Snorlax\n|\n|upkeep\n|turn|75\n|\n|t:|1740916648\n|move|p2a: Chansey|Thunderbolt|p1a: Snorlax\n|-damage|p1a: Snorlax|82/100 par\n|cant|p1a: Snorlax|par\n|\n|upkeep\n|turn|76\n|\n|t:|1740916651\n|move|p2a: Chansey|Thunderbolt|p1a: Snorlax\n|-damage|p1a: Snorlax|72/100 par\n|move|p1a: Snorlax|Body Slam|p2a: Chansey\n|-damage|p2a: Chansey|61/100\n|\n|upkeep\n|turn|77\n|\n|t:|1740916663\n|move|p2a: Chansey|Soft-Boiled|p2a: Chansey\n|-heal|p2a: Chansey|100/100\n|move|p1a: Snorlax|Blizzard|p2a: Chansey\n|-damage|p2a: Chansey|80/100\n|\n|upkeep\n|turn|78\n|\n|t:|1740916671\n|move|p2a: Chansey|Thunderbolt|p1a: Snorlax\n|-damage|p1a: Snorlax|62/100 par\n|move|p1a: Snorlax|Blizzard|p2a: Chansey\n|-damage|p2a: Chansey|61/100\n|\n|upkeep\n|turn|79\n|\n|t:|1740916690\n|move|p2a: Chansey|Thunderbolt|p1a: Snorlax\n|-damage|p1a: Snorlax|52/100 par\n|move|p1a: Snorlax|Blizzard|p2a: Chansey\n|-damage|p2a: Chansey|41/100\n|-status|p2a: Chansey|frz\n|\n|upkeep\n|turn|80\n|\n|t:|1740916710\n|switch|p2a: Tauros|Tauros|100/100\n|move|p1a: Snorlax|Amnesia|p1a: Snorlax\n|-boost|p1a: Snorlax|spa|2\n|-boost|p1a: Snorlax|spd|2\n|\n|upkeep\n|turn|81\n|\n|t:|1740916715\n|move|p2a: Tauros|Body Slam|p1a: Snorlax\n|-damage|p1a: Snorlax|29/100 par\n|move|p1a: Snorlax|Blizzard|p2a: Tauros\n|-damage|p2a: Tauros|18/100\n|\n|upkeep\n|turn|82\n|inactive|nicole7735 has 60 seconds left.\n|inactive|Sceptross has 120 seconds left.\n|inactive|nicole7735 has 30 seconds left.\n|inactive|nicole7735 has 20 seconds left.\n|inactive|nicole7735 has 15 seconds left.\n|inactive|nicole7735 has 10 seconds left.\n|\n|t:|1740916771\n|switch|p1a: Tauros|Tauros|100/100 par\n|move|p2a: Tauros|Hyper Beam|p1a: Tauros|[miss]\n|-miss|p2a: Tauros\n|\n|upkeep\n|turn|83\n|inactive|nicole7735 has 20 seconds left this turn.\n|inactive|nicole7735 has 15 seconds left.\n|inactive|Sceptross has 120 seconds left.\n|inactive|nicole7735 has 10 seconds left.\n|\n|t:|1740916789\n|switch|p2a: Chansey|Chansey|41/100 frz\n|move|p1a: Tauros|Body Slam|p2a: Chansey\n|-crit|p2a: Chansey\n|-damage|p2a: Chansey|0 fnt\n|faint|p2a: Chansey\n|inactive|nicole7735 has 15 seconds left this turn.\n|\n|t:|1740916793\n|switch|p2a: Snorlax|Snorlax|100/100 slp\n|turn|84\n|inactive|nicole7735 has 25 seconds left this turn.\n|inactive|nicole7735 has 20 seconds left.\n|inactive|nicole7735 has 15 seconds left.\n|\n|t:|1740916807\n|switch|p1a: Snorlax|Snorlax|29/100 par\n|cant|p2a: Snorlax|slp\n|\n|upkeep\n|turn|85\n|inactive|nicole7735 has 25 seconds left this turn.\n|inactive|nicole7735 has 20 seconds left.\n|\n|t:|1740916814\n|-curestatus|p2a: Snorlax|slp|[msg]\n|move|p1a: Snorlax|Body Slam|p2a: Snorlax\n|-damage|p2a: Snorlax|75/100\n|\n|upkeep\n|turn|86\n|inactive|nicole7735 has 30 seconds left this turn.\n|inactive|nicole7735 has 20 seconds left.\n|\n|t:|1740916828\n|switch|p1a: Chansey|Chansey|100/100 par\n|move|p2a: Snorlax|Reflect|p2a: Snorlax\n|-start|p2a: Snorlax|Reflect\n|\n|upkeep\n|turn|87\n|inactive|nicole7735 has 30 seconds left this turn.\n|\n|t:|1740916831\n|move|p2a: Snorlax|Body Slam|p1a: Chansey\n|-damage|p1a: Chansey|61/100 par\n|cant|p1a: Chansey|par\n|\n|upkeep\n|turn|88\n|\n|t:|1740916834\n|move|p2a: Snorlax|Body Slam|p1a: Chansey\n|-damage|p1a: Chansey|16/100 par\n|move|p1a: Chansey|Thunder Wave|p2a: Snorlax\n|-status|p2a: Snorlax|par\n|\n|upkeep\n|turn|89\n|\n|t:|1740916844\n|cant|p1a: Chansey|par\n|move|p2a: Snorlax|Body Slam|p1a: Chansey\n|-damage|p1a: Chansey|0 fnt\n|faint|p1a: Chansey\n|inactive|nicole7735 has 30 seconds left.\n|inactive|nicole7735 has 20 seconds left.\n|inactive|nicole7735 has 15 seconds left.\n|inactive|nicole7735 has 10 seconds left.\n|\n|t:|1740916885\n|switch|p1a: Exeggutor|Exeggutor|90/100 par\n|turn|90\n|inactive|nicole7735 has 20 seconds left this turn.\n|inactive|Sceptross has 180 seconds left.\n|\n|t:|1740916898\n|move|p1a: Exeggutor|Psychic|p2a: Snorlax\n|-damage|p2a: Snorlax|45/100 par\n|move|p2a: Snorlax|Body Slam|p1a: Exeggutor\n|-damage|p1a: Exeggutor|61/100 par\n|\n|upkeep\n|turn|91\n|inactive|nicole7735 has 30 seconds left this turn.\n|\n|t:|1740916910\n|move|p1a: Exeggutor|Psychic|p2a: Snorlax\n|-damage|p2a: Snorlax|13/100 par\n|cant|p2a: Snorlax|par\n|\n|upkeep\n|turn|92\n|inactive|Sceptross has 180 seconds left.\n|\n|t:|1740916928\n|move|p1a: Exeggutor|Psychic|p2a: Snorlax\n|-damage|p2a: Snorlax|0 fnt\n|faint|p2a: Snorlax\n|inactive|Sceptross has 180 seconds left.\n|\n|t:|1740916936\n|switch|p2a: Zapdos|Zapdos|71/100\n|turn|93\n|inactive|nicole7735 has 30 seconds left.\n|inactive|Sceptross has 180 seconds left.\n|inactive|nicole7735 has 20 seconds left.\n|inactive|nicole7735 has 15 seconds left.\n|inactive|nicole7735 has 10 seconds left.\n|inactive|nicole7735 has 5 seconds left.\n|\n|t:|1740916983\n|move|p2a: Zapdos|Drill Peck|p1a: Exeggutor\n|-supereffective|p1a: Exeggutor\n|-damage|p1a: Exeggutor|14/100 par\n|cant|p1a: Exeggutor|par\n|\n|upkeep\n|turn|94\n|inactive|nicole7735 has 15 seconds left this turn.\n|inactive|nicole7735 has 10 seconds left.\n|\n|t:|1740916988\n|move|p2a: Zapdos|Drill Peck|p1a: Exeggutor\n|-supereffective|p1a: Exeggutor\n|-damage|p1a: Exeggutor|0 fnt\n|faint|p1a: Exeggutor\n|inactive|nicole7735 has 15 seconds left this turn.\n|\n|t:|1740916990\n|switch|p1a: Tauros|Tauros|100/100 par\n|turn|95\n|inactive|nicole7735 has 25 seconds left this turn.\n|\n|t:|1740917012\n|move|p2a: Zapdos|Thunderbolt|p1a: Tauros\n|-damage|p1a: Tauros|52/100 par\n|move|p1a: Tauros|Body Slam|p2a: Zapdos\n|-damage|p2a: Zapdos|44/100\n|\n|upkeep\n|turn|96\n|inactive|nicole7735 has 30 seconds left.\n|\n|t:|1740917021\n|move|p2a: Zapdos|Thunderbolt|p1a: Tauros\n|-damage|p1a: Tauros|8/100 par\n|move|p1a: Tauros|Hyper Beam|p2a: Zapdos\n|-crit|p2a: Zapdos\n|-damage|p2a: Zapdos|0 fnt\n|faint|p2a: Zapdos\n|\n|t:|1740917023\n|switch|p2a: Tauros|Tauros|18/100\n|turn|97\n|\n|t:|1740917025\n|move|p2a: Tauros|Body Slam|p1a: Tauros\n|-damage|p1a: Tauros|0 fnt\n|faint|p1a: Tauros\n|\n|t:|1740917026\n|switch|p1a: Snorlax|Snorlax|29/100 par\n|turn|98\n|\n|t:|1740917029\n|move|p2a: Tauros|Hyper Beam|p1a: Snorlax\n|-damage|p1a: Snorlax|0 fnt\n|faint|p1a: Snorlax\n|\n|win|Sceptross\n","uploadtime":1740917029,"views":"2225","formatid":"gen1ou","rating":null,"private":0,"password":null}