{"id":"smogtours-gen1ou-900571","format":"[Gen 1] OU","players":["Ct0wn","Serpi n_n"],"log":"|inactive|Battle timer is ON: inactive players will automatically lose when time's up.\n|t:|1768768550\n|gametype|singles\n|player|p1|Ct0wn|#splxviiclassiest2|\n|player|p2|Serpi n_n|#splxviibigs2|\n|gen|1\n|tier|[Gen 1] OU\n|rule|Desync Clause Mod: Desyncs changed to move failure.\n|rule|Sleep Clause Mod: Limit one foe put to sleep\n|rule|Freeze Clause Mod: Limit one foe frozen\n|rule|Species Clause: Limit one of each Pokémon\n|rule|OHKO Clause: OHKO moves are banned\n|rule|Evasion Moves Clause: Evasion moves are banned\n|rule|Endless Battle Clause: Forcing endless battles is banned\n|rule|HP Percentage Mod: HP is shown in percentages\n|\n|t:|1768768550\n|teamsize|p1|6\n|teamsize|p2|6\n|start\n|switch|p1a: Jynx|Jynx|100/100\n|switch|p2a: Jynx|Jynx|100/100\n|turn|1\n|c|☆Serpi n_n|hf\n|c|☆Ct0wn|Hf\n|\n|t:|1768768565\n|move|p1a: Jynx|Lovely Kiss|p2a: Jynx\n|-status|p2a: Jynx|slp|[from] move: Lovely Kiss\n|cant|p2a: Jynx|slp\n|\n|upkeep\n|turn|2\n|\n|t:|1768768582\n|switch|p1a: Tauros|Tauros|100/100\n|cant|p2a: Jynx|slp\n|\n|upkeep\n|turn|3\n|\n|t:|1768768588\n|switch|p2a: Snorlax|Snorlax|100/100\n|move|p1a: Tauros|Body Slam|p2a: Snorlax\n|-crit|p2a: Snorlax\n|-damage|p2a: Snorlax|52/100\n|\n|upkeep\n|turn|4\n|\n|t:|1768768602\n|switch|p1a: Cloyster|Cloyster|100/100\n|move|p2a: Snorlax|Body Slam|p1a: Cloyster\n|-damage|p1a: Cloyster|78/100\n|\n|upkeep\n|turn|5\n|\n|t:|1768768612\n|switch|p2a: Jynx|Jynx|100/100 slp\n|move|p1a: Cloyster|Blizzard|p2a: Jynx\n|-resisted|p2a: Jynx\n|-damage|p2a: Jynx|79/100 slp\n|\n|upkeep\n|turn|6\n|\n|t:|1768768617\n|switch|p2a: Chansey|Chansey|100/100\n|move|p1a: Cloyster|Blizzard|p2a: Chansey\n|-damage|p2a: Chansey|84/100\n|\n|upkeep\n|turn|7\n|\n|t:|1768768623\n|move|p1a: Cloyster|Clamp|p2a: Chansey|[miss]\n|-miss|p1a: Cloyster\n|move|p2a: Chansey|Sing|p1a: Cloyster|[miss]\n|-miss|p2a: Chansey\n|\n|upkeep\n|turn|8\n|\n|t:|1768768638\n|switch|p2a: Jynx|Jynx|79/100 slp\n|move|p1a: Cloyster|Clamp|p2a: Jynx\n|-damage|p2a: Jynx|68/100 slp\n|\n|upkeep\n|turn|9\n|\n|t:|1768768648\n|switch|p2a: Chansey|Chansey|84/100\n|move|p1a: Cloyster|Clamp|p2a: Chansey\n|-damage|p2a: Chansey|79/100\n|\n|upkeep\n|turn|10\n|\n|t:|1768768675\n|switch|p1a: Exeggutor|Exeggutor|100/100\n|cant|p2a: Chansey|partiallytrapped\n|\n|upkeep\n|turn|11\n|\n|t:|1768768683\n|move|p1a: Exeggutor|Stun Spore|p2a: Chansey\n|-status|p2a: Chansey|par\n|move|p2a: Chansey|Sing|p1a: Exeggutor|[miss]\n|-miss|p2a: Chansey\n|\n|upkeep\n|turn|12\n|\n|t:|1768768695\n|move|p1a: Exeggutor|Psychic|p2a: Chansey\n|-crit|p2a: Chansey\n|-damage|p2a: Chansey|47/100 par\n|move|p2a: Chansey|Sing|p1a: Exeggutor|[miss]\n|-miss|p2a: Chansey\n|\n|upkeep\n|turn|13\n|\n|t:|1768768700\n|move|p1a: Exeggutor|Psychic|p2a: Chansey\n|-damage|p2a: Chansey|30/100 par\n|-unboost|p2a: Chansey|spa|1\n|-unboost|p2a: Chansey|spd|1\n|move|p2a: Chansey|Soft-Boiled|p2a: Chansey\n|-heal|p2a: Chansey|80/100 par\n|\n|upkeep\n|turn|14\n|\n|t:|1768768714\n|switch|p1a: Jynx|Jynx|100/100\n|cant|p2a: Chansey|par\n|\n|upkeep\n|turn|15\n|\n|t:|1768768720\n|move|p1a: Jynx|Psychic|p2a: Chansey\n|-damage|p2a: Chansey|59/100 par\n|move|p2a: Chansey|Sing|p1a: Jynx|[miss]\n|-miss|p2a: Chansey\n|\n|upkeep\n|turn|16\n|\n|t:|1768768728\n|move|p1a: Jynx|Psychic|p2a: Chansey\n|-damage|p2a: Chansey|38/100 par\n|move|p2a: Chansey|Soft-Boiled|p2a: Chansey\n|-heal|p2a: Chansey|88/100 par\n|\n|upkeep\n|turn|17\n|\n|t:|1768768730\n|move|p1a: Jynx|Psychic|p2a: Chansey\n|-damage|p2a: Chansey|65/100 par\n|-unboost|p2a: Chansey|spa|1\n|-unboost|p2a: Chansey|spd|1\n|cant|p2a: Chansey|par\n|\n|upkeep\n|turn|18\n|\n|t:|1768768742\n|switch|p2a: Starmie|Starmie|100/100\n|move|p1a: Jynx|Psychic|p2a: Starmie\n|-crit|p2a: Starmie\n|-resisted|p2a: Starmie\n|-damage|p2a: Starmie|72/100\n|\n|upkeep\n|turn|19\n|\n|t:|1768768752\n|move|p2a: Starmie|Thunder Wave|p1a: Jynx\n|-status|p1a: Jynx|par\n|cant|p1a: Jynx|par\n|\n|upkeep\n|turn|20\n|\n|t:|1768768759\n|move|p2a: Starmie|Surf|p1a: Jynx\n|-damage|p1a: Jynx|67/100 par\n|cant|p1a: Jynx|par\n|\n|upkeep\n|turn|21\n|\n|t:|1768768765\n|switch|p1a: Exeggutor|Exeggutor|100/100\n|move|p2a: Starmie|Thunder Wave|p1a: Exeggutor\n|-status|p1a: Exeggutor|par\n|\n|upkeep\n|turn|22\n|\n|t:|1768768792\n|switch|p2a: Chansey|Chansey|65/100 par\n|switch|p1a: Snorlax|Snorlax|100/100\n|\n|upkeep\n|turn|23\n|inactive|Serpi n_n has 270 seconds left.\n|\n|t:|1768768811\n|move|p1a: Snorlax|Hyper Beam|p2a: Chansey\n|-damage|p2a: Chansey|0 fnt\n|faint|p2a: Chansey\n|inactive|Serpi n_n has 270 seconds left.\n|rated|Smogon Premier League\n|\n|t:|1768768827\n|switch|p2a: Rhydon|Rhydon|100/100\n|turn|24\n|rated|Smogon Premier League\n|\n|t:|1768768846\n|switch|p1a: Exeggutor|Exeggutor|100/100 par\n|move|p2a: Rhydon|Earthquake|p1a: Exeggutor\n|-resisted|p1a: Exeggutor\n|-damage|p1a: Exeggutor|79/100 par\n|\n|upkeep\n|turn|25\n|\n|t:|1768768855\n|switch|p2a: Jynx|Jynx|68/100 slp\n|move|p1a: Exeggutor|Psychic|p2a: Jynx\n|-resisted|p2a: Jynx\n|-damage|p2a: Jynx|48/100 slp\n|-unboost|p2a: Jynx|spa|1\n|-unboost|p2a: Jynx|spd|1\n|\n|upkeep\n|turn|26\n|\n|t:|1768768863\n|cant|p2a: Jynx|slp\n|move|p1a: Exeggutor|Psychic|p2a: Jynx\n|-resisted|p2a: Jynx\n|-damage|p2a: Jynx|20/100 slp\n|-unboost|p2a: Jynx|spa|1\n|-unboost|p2a: Jynx|spd|1\n|\n|upkeep\n|turn|27\n|\n|t:|1768768878\n|cant|p2a: Jynx|slp\n|move|p1a: Exeggutor|Stun Spore|p2a: Jynx\n|-fail|p2a: Jynx\n|\n|upkeep\n|turn|28\n|\n|t:|1768768884\n|switch|p2a: Snorlax|Snorlax|52/100\n|move|p1a: Exeggutor|Psychic|p2a: Snorlax\n|-damage|p2a: Snorlax|20/100\n|\n|upkeep\n|turn|29\n|\n|t:|1768768898\n|switch|p1a: Cloyster|Cloyster|78/100\n|move|p2a: Snorlax|Rest|p2a: Snorlax\n|-status|p2a: Snorlax|slp|[from] move: Rest\n|-heal|p2a: Snorlax|100/100 slp|[silent]\n|\n|upkeep\n|turn|30\n|\n|t:|1768768912\n|switch|p2a: Starmie|Starmie|72/100\n|move|p1a: Cloyster|Blizzard|p2a: Starmie|[miss]\n|-miss|p1a: Cloyster\n|\n|upkeep\n|turn|31\n|\n|t:|1768768928\n|switch|p2a: Snorlax|Snorlax|100/100 slp\n|switch|p1a: Exeggutor|Exeggutor|79/100 par\n|\n|upkeep\n|turn|32\n|\n|t:|1768768930\n|cant|p2a: Snorlax|slp\n|move|p1a: Exeggutor|Psychic|p2a: Snorlax\n|-damage|p2a: Snorlax|69/100 slp\n|\n|upkeep\n|turn|33\n|\n|t:|1768768935\n|-curestatus|p2a: Snorlax|slp|[msg]\n|move|p1a: Exeggutor|Stun Spore|p2a: Snorlax\n|-status|p2a: Snorlax|par\n|\n|upkeep\n|turn|34\n|\n|t:|1768768940\n|move|p1a: Exeggutor|Psychic|p2a: Snorlax\n|-crit|p2a: Snorlax\n|-damage|p2a: Snorlax|9/100 par\n|move|p2a: Snorlax|Body Slam|p1a: Exeggutor\n|-crit|p1a: Exeggutor\n|-damage|p1a: Exeggutor|25/100 par\n|\n|upkeep\n|turn|35\n|\n|t:|1768768951\n|cant|p1a: Exeggutor|par\n|move|p2a: Snorlax|Rest|p2a: Snorlax\n|-status|p2a: Snorlax|slp|[from] move: Rest\n|-heal|p2a: Snorlax|100/100 slp|[silent]\n|\n|upkeep\n|turn|36\n|\n|t:|1768768962\n|cant|p1a: Exeggutor|par\n|cant|p2a: Snorlax|slp\n|\n|upkeep\n|turn|37\n|\n|t:|1768768968\n|switch|p2a: Jynx|Jynx|20/100 slp\n|move|p1a: Exeggutor|Stun Spore|p2a: Jynx\n|-fail|p2a: Jynx\n|\n|upkeep\n|turn|38\n|\n|t:|1768768978\n|switch|p1a: Tauros|Tauros|100/100\n|-curestatus|p2a: Jynx|slp|[msg]\n|\n|upkeep\n|turn|39\n|inactive|Serpi n_n has 270 seconds left.\n|inactive|Serpi n_n has 240 seconds left.\n|\n|t:|1768769065\n|move|p1a: Tauros|Earthquake|p2a: Jynx\n|-damage|p2a: Jynx|0 fnt\n|faint|p2a: Jynx\n|\n|t:|1768769070\n|switch|p2a: Starmie|Starmie|72/100\n|turn|40\n|inactive|Serpi n_n has 210 seconds left.\n|\n|t:|1768769087\n|switch|p1a: Jynx|Jynx|67/100 par\n|move|p2a: Starmie|Surf|p1a: Jynx\n|-damage|p1a: Jynx|32/100 par\n|\n|upkeep\n|turn|41\n|\n|t:|1768769106\n|move|p2a: Starmie|Surf|p1a: Jynx\n|-crit|p1a: Jynx\n|-damage|p1a: Jynx|0 fnt\n|faint|p1a: Jynx\n|\n|t:|1768769112\n|switch|p1a: Exeggutor|Exeggutor|25/100 par\n|turn|42\n|\n|t:|1768769131\n|move|p2a: Starmie|Recover|p2a: Starmie\n|-heal|p2a: Starmie|100/100\n|move|p1a: Exeggutor|Explosion|p2a: Starmie\n|-damage|p2a: Starmie|9/100\n|faint|p1a: Exeggutor\n|\n|t:|1768769134\n|switch|p1a: Starmie|Starmie|100/100\n|turn|43\n|\n|t:|1768769144\n|switch|p2a: Snorlax|Snorlax|100/100 slp\n|move|p1a: Starmie|Surf|p2a: Snorlax\n|-damage|p2a: Snorlax|73/100 slp\n|\n|upkeep\n|turn|44\n|\n|t:|1768769147\n|switch|p1a: Cloyster|Cloyster|78/100\n|-curestatus|p2a: Snorlax|slp|[msg]\n|\n|upkeep\n|turn|45\n|inactive|Serpi n_n has 240 seconds left.\n|\n|t:|1768769165\n|move|p1a: Cloyster|Blizzard|p2a: Snorlax\n|-crit|p2a: Snorlax\n|-damage|p2a: Snorlax|7/100\n|move|p2a: Snorlax|Body Slam|p1a: Cloyster\n|-damage|p1a: Cloyster|55/100\n|\n|upkeep\n|turn|46\n|\n|t:|1768769173\n|move|p1a: Cloyster|Blizzard|p2a: Snorlax\n|-damage|p2a: Snorlax|0 fnt\n|faint|p2a: Snorlax\n|\n|t:|1768769175\n|switch|p2a: Starmie|Starmie|9/100\n|turn|47\n|inactive|Serpi n_n has 240 seconds left.\n|inactive|Ct0wn has 270 seconds left.\n|\n|t:|1768769216\n|move|p2a: Starmie|Thunderbolt|p1a: Cloyster\n|-supereffective|p1a: Cloyster\n|-damage|p1a: Cloyster|3/100\n|move|p1a: Cloyster|Explosion|p2a: Starmie\n|-damage|p2a: Starmie|0 fnt\n|faint|p2a: Starmie\n|faint|p1a: Cloyster\n|inactive|Serpi n_n has 210 seconds left.\n|\n|t:|1768769229\n|switch|p2a: Tauros|Tauros|100/100\n|switch|p1a: Starmie|Starmie|100/100\n|turn|48\n|\n|t:|1768769238\n|move|p1a: Starmie|Thunder Wave|p2a: Tauros\n|-status|p2a: Tauros|par\n|move|p2a: Tauros|Hyper Beam|p1a: Starmie\n|-damage|p1a: Starmie|41/100\n|-mustrecharge|p2a: Tauros\n|\n|upkeep\n|turn|49\n|\n|t:|1768769241\n|move|p1a: Starmie|Surf|p2a: Tauros\n|-damage|p2a: Tauros|60/100 par\n|cant|p2a: Tauros|recharge\n|\n|upkeep\n|turn|50\n|\n|t:|1768769243\n|switch|p1a: Snorlax|Snorlax|100/100\n|move|p2a: Tauros|Hyper Beam|p1a: Snorlax\n|-damage|p1a: Snorlax|56/100\n|-mustrecharge|p2a: Tauros\n|\n|upkeep\n|turn|51\n|\n|t:|1768769246\n|move|p1a: Snorlax|Self-Destruct|p2a: Tauros\n|-damage|p2a: Tauros|0 fnt\n|faint|p2a: Tauros\n|faint|p1a: Snorlax\n|\n|t:|1768769247\n|switch|p1a: Starmie|Starmie|41/100\n|switch|p2a: Rhydon|Rhydon|100/100\n|turn|52\n|\n|t:|1768769249\n|move|p1a: Starmie|Surf|p2a: Rhydon\n|-supereffective|p2a: Rhydon\n|-damage|p2a: Rhydon|0 fnt\n|faint|p2a: Rhydon\n|\n|win|Ct0wn\n|c|☆Serpi n_n|gg\n|c|☆Ct0wn|Gg\n","uploadtime":1768769249,"views":"1322","formatid":"gen1ou","rating":null,"private":0,"password":null}