{"id":"smogtours-gen1ou-959300","format":"[Gen 1] OU","players":["LNumbers","squirtlonyourpuffs"],"log":"|inactive|Battle timer is ON: inactive players will automatically lose when time's up.\n|t:|1785091444\n|gametype|singles\n|player|p1|LNumbers|#rbywc2026|\n|player|p2|squirtlonyourpuffs|youngster-gen4dp|\n|gen|1\n|tier|[Gen 1] OU\n|rule|Desync Clause Mod: Desyncs resolve to link battle behavior from the acting player's perspective.\n|rule|HP Percentage Mod: HP is shown in percentages\n|rule|Endless Battle Clause: Forcing endless battles is banned\n|rule|Sleep Clause Mod: Limit one foe put to sleep\n|rule|Freeze Clause Mod: Limit one foe frozen\n|rule|Species Clause: Limit one of each Pokémon\n|rule|OHKO Clause: OHKO moves are banned\n|rule|Evasion Moves Clause: Evasion moves are banned\n|\n|t:|1785091444\n|teamsize|p1|6\n|teamsize|p2|6\n|start\n|switch|p1a: Gengar|Gengar|100/100\n|switch|p2a: Tauros|Tauros|100/100\n|turn|1\n|c|☆LNumbers|hf\n|inactive|LNumbers has 270 seconds left.\n|inactive|LNumbers has 240 seconds left.\n|\n|t:|1785091520\n|switch|p1a: Exeggutor|Exeggutor|100/100\n|switch|p2a: Exeggutor|Exeggutor|100/100\n|\n|upkeep\n|turn|2\n|\n|t:|1785091541\n|switch|p1a: Gengar|Gengar|100/100\n|move|p2a: Exeggutor|Sleep Powder|p1a: Gengar|[miss]\n|-miss|p2a: Exeggutor\n|\n|upkeep\n|turn|3\n|\n|t:|1785091556\n|move|p1a: Gengar|Hypnosis|p2a: Exeggutor\n|-status|p2a: Exeggutor|slp|[from] move: Hypnosis\n|cant|p2a: Exeggutor|slp\n|\n|upkeep\n|turn|4\n|\n|t:|1785091563\n|move|p1a: Gengar|Night Shade|p2a: Exeggutor\n|-damage|p2a: Exeggutor|75/100 slp\n|cant|p2a: Exeggutor|slp\n|\n|upkeep\n|turn|5\n|\n|t:|1785091567\n|switch|p2a: Chansey|Chansey|100/100\n|move|p1a: Gengar|Night Shade|p2a: Chansey\n|-damage|p2a: Chansey|86/100\n|\n|upkeep\n|turn|6\n|inactive|LNumbers has 270 seconds left.\n|inactive|LNumbers has 240 seconds left.\n|inactive|squirtlonyourpuffs has 270 seconds left.\n|inactive|LNumbers has 210 seconds left.\n|inactive|LNumbers has 180 seconds left.\n|\n|t:|1785091712\n|switch|p1a: Chansey|Chansey|100/100\n|move|p2a: Chansey|Sing|p1a: Chansey\n|-status|p1a: Chansey|slp|[from] move: Sing\n|\n|upkeep\n|turn|7\n|inactive|squirtlonyourpuffs has 270 seconds left.\n|inactive|LNumbers has 150 seconds left.\n|\n|t:|1785091735\n|switch|p2a: Tauros|Tauros|100/100\n|switch|p1a: Exeggutor|Exeggutor|100/100\n|\n|upkeep\n|turn|8\n|\n|t:|1785091743\n|switch|p2a: Chansey|Chansey|86/100\n|move|p1a: Exeggutor|Stun Spore|p2a: Chansey|[miss]\n|-miss|p1a: Exeggutor\n|\n|upkeep\n|turn|9\n|\n|t:|1785091748\n|move|p1a: Exeggutor|Stun Spore|p2a: Chansey|[miss]\n|-miss|p1a: Exeggutor\n|move|p2a: Chansey|Thunder Wave|p1a: Exeggutor\n|-status|p1a: Exeggutor|par\n|\n|upkeep\n|turn|10\n|\n|t:|1785091757\n|move|p2a: Chansey|Seismic Toss|p1a: Exeggutor\n|-damage|p1a: Exeggutor|75/100 par\n|move|p1a: Exeggutor|Stun Spore|p2a: Chansey\n|-status|p2a: Chansey|par\n|\n|upkeep\n|turn|11\n|\n|t:|1785091771\n|switch|p1a: Chansey|Chansey|100/100 slp\n|cant|p2a: Chansey|par\n|\n|upkeep\n|turn|12\n|\n|t:|1785091777\n|switch|p1a: Snorlax|Snorlax|100/100\n|switch|p2a: Tauros|Tauros|100/100\n|\n|upkeep\n|turn|13\n|\n|t:|1785091782\n|switch|p2a: Cloyster|Cloyster|100/100\n|move|p1a: Snorlax|Body Slam|p2a: Cloyster\n|-damage|p2a: Cloyster|79/100\n|\n|upkeep\n|turn|14\n|\n|t:|1785091794\n|move|p2a: Cloyster|Blizzard|p1a: Snorlax\n|-damage|p1a: Snorlax|66/100\n|move|p1a: Snorlax|Body Slam|p2a: Cloyster\n|-damage|p2a: Cloyster|57/100\n|\n|upkeep\n|turn|15\n|\n|t:|1785091800\n|switch|p1a: Chansey|Chansey|100/100 slp\n|move|p2a: Cloyster|Blizzard|p1a: Chansey\n|-damage|p1a: Chansey|84/100 slp\n|\n|upkeep\n|turn|16\n|\n|t:|1785091804\n|switch|p2a: Tauros|Tauros|100/100\n|switch|p1a: Starmie|Starmie|100/100\n|\n|upkeep\n|turn|17\n|inactive|LNumbers has 210 seconds left.\n|\n|t:|1785091813\n|switch|p2a: Chansey|Chansey|86/100 par\n|move|p1a: Starmie|Psychic|p2a: Chansey\n|-damage|p2a: Chansey|72/100 par\n|\n|upkeep\n|turn|18\n|inactive|LNumbers has 210 seconds left.\n|\n|t:|1785091841\n|switch|p1a: Exeggutor|Exeggutor|75/100 par\n|move|p2a: Chansey|Thunder Wave|p1a: Exeggutor\n|-fail|p1a: Exeggutor|par\n|\n|upkeep\n|turn|19\n|\n|t:|1785091854\n|switch|p1a: Snorlax|Snorlax|66/100\n|move|p2a: Chansey|Soft-Boiled|p2a: Chansey\n|-heal|p2a: Chansey|100/100 par\n|\n|upkeep\n|turn|20\n|\n|t:|1785091859\n|move|p1a: Snorlax|Body Slam|p2a: Chansey\n|-damage|p2a: Chansey|57/100 par\n|move|p2a: Chansey|Thunder Wave|p1a: Snorlax\n|-status|p1a: Snorlax|par\n|\n|upkeep\n|turn|21\n|inactive|LNumbers has 210 seconds left.\n|\n|t:|1785091869\n|switch|p2a: Cloyster|Cloyster|57/100\n|move|p1a: Snorlax|Earthquake|p2a: Cloyster\n|-damage|p2a: Cloyster|39/100\n|\n|upkeep\n|turn|22\n|inactive|LNumbers has 210 seconds left.\n|\n|t:|1785091887\n|move|p2a: Cloyster|Blizzard|p1a: Snorlax\n|-damage|p1a: Snorlax|34/100 par\n|move|p1a: Snorlax|Rest|p1a: Snorlax\n|-status|p1a: Snorlax|slp|[from] move: Rest\n|-heal|p1a: Snorlax|100/100 slp|[silent]\n|\n|upkeep\n|turn|23\n|\n|t:|1785091891\n|move|p2a: Cloyster|Blizzard|p1a: Snorlax\n|-damage|p1a: Snorlax|69/100 slp\n|cant|p1a: Snorlax|slp\n|\n|upkeep\n|turn|24\n|\n|t:|1785091896\n|switch|p1a: Gengar|Gengar|100/100\n|move|p2a: Cloyster|Blizzard|p1a: Gengar\n|-damage|p1a: Gengar|66/100\n|\n|upkeep\n|turn|25\n|inactive|LNumbers has 210 seconds left.\n|\n|t:|1785091925\n|switch|p2a: Alakazam|Alakazam|100/100\n|move|p1a: Gengar|Psychic|p2a: Alakazam\n|-resisted|p2a: Alakazam\n|-damage|p2a: Alakazam|90/100\n|-unboost|p2a: Alakazam|spa|1\n|-unboost|p2a: Alakazam|spd|1\n|\n|upkeep\n|turn|26\n|inactive|LNumbers has 210 seconds left.\n|\n|t:|1785091960\n|switch|p2a: Rhydon|Rhydon|100/100\n|switch|p1a: Exeggutor|Exeggutor|75/100 par\n|\n|upkeep\n|turn|27\n|inactive|squirtlonyourpuffs has 270 seconds left.\n|inactive|LNumbers has 180 seconds left.\n|inactive|LNumbers has 150 seconds left.\n|\n|t:|1785092018\n|move|p2a: Rhydon|Body Slam|p1a: Exeggutor\n|-crit|p1a: Exeggutor\n|-damage|p1a: Exeggutor|29/100 par\n|move|p1a: Exeggutor|Psychic|p2a: Rhydon\n|-damage|p2a: Rhydon|55/100\n|\n|upkeep\n|turn|28\n|inactive|LNumbers has 150 seconds left.\n|inactive|squirtlonyourpuffs has 240 seconds left.\n|\n|t:|1785092043\n|move|p2a: Rhydon|Earthquake|p1a: Exeggutor\n|-resisted|p1a: Exeggutor\n|-damage|p1a: Exeggutor|9/100 par\n|move|p1a: Exeggutor|Mega Drain|p2a: Rhydon\n|-crit|p2a: Rhydon\n|-supereffective|p2a: Rhydon\n|-damage|p2a: Rhydon|0 fnt\n|-heal|p1a: Exeggutor|37/100 par|[from] drain|[of] p2a: Rhydon\n|faint|p2a: Rhydon\n|inactive|squirtlonyourpuffs has 240 seconds left.\n|\n|t:|1785092049\n|switch|p2a: Cloyster|Cloyster|39/100\n|turn|29\n|\n|t:|1785092063\n|switch|p1a: Chansey|Chansey|84/100 slp\n|move|p2a: Cloyster|Blizzard|p1a: Chansey\n|-damage|p1a: Chansey|66/100 slp\n|\n|upkeep\n|turn|30\n|\n|t:|1785092082\n|switch|p2a: Chansey|Chansey|57/100 par\n|switch|p1a: Starmie|Starmie|100/100\n|\n|upkeep\n|turn|31\n|\n|t:|1785092091\n|switch|p1a: Snorlax|Snorlax|69/100 slp\n|cant|p2a: Chansey|par\n|\n|upkeep\n|turn|32\n|\n|t:|1785092094\n|-curestatus|p1a: Snorlax|slp|[msg]\n|cant|p2a: Chansey|par\n|\n|upkeep\n|turn|33\n|inactive|squirtlonyourpuffs has 270 seconds left.\n|\n|t:|1785092108\n|move|p1a: Snorlax|Body Slam|p2a: Chansey\n|-damage|p2a: Chansey|15/100 par\n|cant|p2a: Chansey|par\n|\n|upkeep\n|turn|34\n|inactive|squirtlonyourpuffs has 270 seconds left.\n|\n|t:|1785092113\n|move|p1a: Snorlax|Body Slam|p2a: Chansey\n|-damage|p2a: Chansey|0 fnt\n|faint|p2a: Chansey\n|\n|t:|1785092115\n|switch|p2a: Cloyster|Cloyster|39/100\n|turn|35\n|inactive|LNumbers has 180 seconds left.\n|\n|t:|1785092145\n|switch|p1a: Gengar|Gengar|66/100\n|move|p2a: Cloyster|Blizzard|p1a: Gengar\n|-damage|p1a: Gengar|30/100\n|-status|p1a: Gengar|frz\n|\n|upkeep\n|turn|36\n|inactive|squirtlonyourpuffs has 270 seconds left.\n|\n|t:|1785092161\n|switch|p1a: Starmie|Starmie|100/100\n|move|p2a: Cloyster|Clamp|p1a: Starmie\n|-resisted|p1a: Starmie\n|-damage|p1a: Starmie|95/100\n|\n|upkeep\n|turn|37\n|inactive|squirtlonyourpuffs has 270 seconds left.\n|inactive|LNumbers has 150 seconds left.\n|\n|t:|1785092197\n|move|p2a: Cloyster|Clamp|p1a: Starmie|[from] Clamp\n|-damage|p1a: Starmie|89/100\n|\n|upkeep\n|turn|38\n|inactive|squirtlonyourpuffs has 270 seconds left.\n|inactive|LNumbers has 120 seconds left.\n|\n|t:|1785092237\n|switch|p1a: Gengar|Gengar|30/100 frz\n|switch|p2a: Alakazam|Alakazam|90/100\n|\n|upkeep\n|turn|39\n|inactive|squirtlonyourpuffs has 270 seconds left.\n|\n|t:|1785092262\n|move|p2a: Alakazam|Seismic Toss|p1a: Gengar\n|-damage|p1a: Gengar|0 fnt\n|faint|p1a: Gengar\n|\n|t:|1785092267\n|switch|p1a: Snorlax|Snorlax|69/100\n|turn|40\n|inactive|squirtlonyourpuffs has 270 seconds left.\n|inactive|LNumbers has 90 seconds left.\n|\n|t:|1785092292\n|switch|p2a: Tauros|Tauros|100/100\n|move|p1a: Snorlax|Self-Destruct|p2a: Tauros\n|-damage|p2a: Tauros|11/100\n|faint|p1a: Snorlax\n|\n|t:|1785092306\n|switch|p1a: Tauros|Tauros|100/100\n|turn|41\n|inactive|squirtlonyourpuffs has 270 seconds left.\n|\n|t:|1785092324\n|switch|p2a: Exeggutor|Exeggutor|75/100 slp\n|move|p1a: Tauros|Body Slam|p2a: Exeggutor\n|-crit|p2a: Exeggutor\n|-damage|p2a: Exeggutor|18/100 slp\n|\n|upkeep\n|turn|42\n|inactive|LNumbers has 90 seconds left.\n|\n|t:|1785092337\n|move|p1a: Tauros|Body Slam|p2a: Exeggutor\n|-damage|p2a: Exeggutor|0 fnt\n|faint|p2a: Exeggutor\n|\n|t:|1785092341\n|switch|p2a: Alakazam|Alakazam|90/100\n|turn|43\n|\n|t:|1785092351\n|switch|p1a: Chansey|Chansey|66/100 slp\n|move|p2a: Alakazam|Psychic|p1a: Chansey\n|-damage|p1a: Chansey|50/100 slp\n|-unboost|p1a: Chansey|spa|1\n|-unboost|p1a: Chansey|spd|1\n|\n|upkeep\n|turn|44\n|\n|t:|1785092362\n|switch|p2a: Cloyster|Cloyster|39/100\n|switch|p1a: Starmie|Starmie|89/100\n|\n|upkeep\n|turn|45\n|\n|t:|1785092375\n|move|p1a: Starmie|Psychic|p2a: Cloyster\n|-damage|p2a: Cloyster|0 fnt\n|faint|p2a: Cloyster\n|\n|t:|1785092376\n|switch|p2a: Alakazam|Alakazam|90/100\n|turn|46\n|inactive|LNumbers has 120 seconds left.\n|inactive|LNumbers has 90 seconds left.\n|\n|t:|1785092433\n|switch|p1a: Chansey|Chansey|50/100 slp\n|move|p2a: Alakazam|Thunder Wave|p1a: Chansey\n|-fail|p1a: Chansey\n|\n|upkeep\n|turn|47\n|\n|t:|1785092437\n|move|p2a: Alakazam|Psychic|p1a: Chansey\n|-damage|p1a: Chansey|31/100 slp\n|-unboost|p1a: Chansey|spa|1\n|-unboost|p1a: Chansey|spd|1\n|cant|p1a: Chansey|slp\n|\n|upkeep\n|turn|48\n|\n|t:|1785092444\n|move|p2a: Alakazam|Seismic Toss|p1a: Chansey\n|-damage|p1a: Chansey|16/100 slp\n|cant|p1a: Chansey|slp\n|\n|upkeep\n|turn|49\n|\n|t:|1785092449\n|move|p2a: Alakazam|Seismic Toss|p1a: Chansey\n|-damage|p1a: Chansey|2/100 slp\n|cant|p1a: Chansey|slp\n|\n|upkeep\n|turn|50\n|\n|t:|1785092464\n|move|p2a: Alakazam|Seismic Toss|p1a: Chansey\n|-damage|p1a: Chansey|0 fnt\n|faint|p1a: Chansey\n|inactive|LNumbers has 120 seconds left.\n|\n|t:|1785092471\n|switch|p1a: Exeggutor|Exeggutor|37/100 par\n|turn|51\n|\n|t:|1785092474\n|switch|p2a: Tauros|Tauros|11/100\n|move|p1a: Exeggutor|Explosion|p2a: Tauros\n|-damage|p2a: Tauros|0 fnt\n|faint|p2a: Tauros\n|faint|p1a: Exeggutor\n|\n|t:|1785092480\n|switch|p2a: Alakazam|Alakazam|90/100\n|switch|p1a: Starmie|Starmie|89/100\n|turn|52\n|\n|t:|1785092484\n|move|p2a: Alakazam|Thunder Wave|p1a: Starmie\n|-status|p1a: Starmie|par\n|move|p1a: Starmie|Thunder Wave|p2a: Alakazam\n|-status|p2a: Alakazam|par\n|\n|upkeep\n|turn|53\n|\n|t:|1785092487\n|move|p2a: Alakazam|Psychic|p1a: Starmie\n|-crit|p1a: Starmie\n|-resisted|p1a: Starmie\n|-damage|p1a: Starmie|48/100 par\n|-unboost|p1a: Starmie|spa|1\n|-unboost|p1a: Starmie|spd|1\n|move|p1a: Starmie|Psychic|p2a: Alakazam\n|-crit|p2a: Alakazam\n|-resisted|p2a: Alakazam\n|-damage|p2a: Alakazam|64/100 par\n|-unboost|p2a: Alakazam|spa|1\n|-unboost|p2a: Alakazam|spd|1\n|\n|upkeep\n|turn|54\n|\n|t:|1785092491\n|move|p2a: Alakazam|Psychic|p1a: Starmie\n|-resisted|p1a: Starmie\n|-damage|p1a: Starmie|27/100 par\n|-unboost|p1a: Starmie|spa|1\n|-unboost|p1a: Starmie|spd|1\n|move|p1a: Starmie|Recover|p1a: Starmie\n|-heal|p1a: Starmie|77/100 par\n|\n|upkeep\n|turn|55\n|\n|t:|1785092495\n|cant|p2a: Alakazam|par\n|cant|p1a: Starmie|par\n|\n|upkeep\n|turn|56\n|inactive|LNumbers has 180 seconds left.\n|\n|t:|1785092515\n|move|p2a: Alakazam|Psychic|p1a: Starmie\n|-resisted|p1a: Starmie\n|-damage|p1a: Starmie|51/100 par\n|-unboost|p1a: Starmie|spa|1\n|-unboost|p1a: Starmie|spd|1\n|move|p1a: Starmie|Psychic|p2a: Alakazam\n|-resisted|p2a: Alakazam\n|-damage|p2a: Alakazam|55/100 par\n|\n|upkeep\n|turn|57\n|\n|t:|1785092524\n|switch|p1a: Tauros|Tauros|100/100\n|move|p2a: Alakazam|Recover|p2a: Alakazam\n|-heal|p2a: Alakazam|100/100 par\n|\n|upkeep\n|turn|58\n|\n|t:|1785092531\n|move|p1a: Tauros|Body Slam|p2a: Alakazam\n|-damage|p2a: Alakazam|47/100 par\n|move|p2a: Alakazam|Thunder Wave|p1a: Tauros\n|-status|p1a: Tauros|par\n|\n|upkeep\n|turn|59\n|inactive|LNumbers has 180 seconds left.\n|\n|t:|1785092540\n|move|p1a: Tauros|Body Slam|p2a: Alakazam\n|-damage|p2a: Alakazam|0 fnt\n|faint|p2a: Alakazam\n|\n|win|LNumbers\n|c|☆LNumbers|gg\n|c|☆LNumbers|/log LNumbers made the replay of this battle unlisted.\n","uploadtime":1785092540,"views":"86","formatid":"gen1ou","rating":null,"private":2,"password":null}