{"id":"smogtours-gen1ou-948131","format":"[Gen 1] OU","players":["AJ Duncan","TG2513"],"log":"|inactive|Battle timer is ON: inactive players will automatically lose when time's up.\n|t:|1781906881\n|gametype|singles\n|player|p1|AJ Duncan|#cnpliistardust|\n|player|p2|TG2513|brycenman|\n|gen|1\n|tier|[Gen 1] OU\n|rule|Desync Clause Mod: Desyncs changed to move failure.\n|rule|HP Percentage Mod: HP is shown in percentages\n|rule|Endless Battle Clause: Forcing endless battles is banned\n|rule|Sleep Clause Mod: Limit one foe put to sleep\n|rule|Freeze Clause Mod: Limit one foe frozen\n|rule|Species Clause: Limit one of each Pokémon\n|rule|OHKO Clause: OHKO moves are banned\n|rule|Evasion Moves Clause: Evasion moves are banned\n|\n|t:|1781906881\n|teamsize|p1|6\n|teamsize|p2|6\n|start\n|switch|p1a: Zapdos|Zapdos|100/100\n|switch|p2a: Alakazam|Alakazam|100/100\n|turn|1\n|c|☆AJ Duncan|hf\n|c|☆TG2513|HF\n|\n|t:|1781906899\n|move|p2a: Alakazam|Thunder Wave|p1a: Zapdos\n|-status|p1a: Zapdos|par\n|cant|p1a: Zapdos|par\n|\n|upkeep\n|turn|2\n|\n|t:|1781906905\n|switch|p2a: Chansey|Chansey|100/100\n|move|p1a: Zapdos|Thunder Wave|p2a: Chansey\n|-status|p2a: Chansey|par\n|\n|upkeep\n|turn|3\n|\n|t:|1781906910\n|move|p1a: Zapdos|Drill Peck|p2a: Chansey\n|-damage|p2a: Chansey|66/100 par\n|move|p2a: Chansey|Ice Beam|p1a: Zapdos\n|-supereffective|p1a: Zapdos\n|-damage|p1a: Zapdos|64/100 par\n|\n|upkeep\n|turn|4\n|\n|t:|1781906915\n|switch|p2a: Alakazam|Alakazam|100/100\n|move|p1a: Zapdos|Drill Peck|p2a: Alakazam\n|-crit|p2a: Alakazam\n|-damage|p2a: Alakazam|14/100\n|\n|upkeep\n|turn|5\n|\n|t:|1781906921\n|move|p2a: Alakazam|Recover|p2a: Alakazam\n|-heal|p2a: Alakazam|64/100\n|cant|p1a: Zapdos|par\n|\n|upkeep\n|turn|6\n|\n|t:|1781906924\n|move|p2a: Alakazam|Psychic|p1a: Zapdos\n|-crit|p1a: Zapdos\n|-damage|p1a: Zapdos|8/100 par\n|-unboost|p1a: Zapdos|spa|1\n|-unboost|p1a: Zapdos|spd|1\n|move|p1a: Zapdos|Drill Peck|p2a: Alakazam\n|-crit|p2a: Alakazam\n|-damage|p2a: Alakazam|0 fnt\n|faint|p2a: Alakazam\n|\n|t:|1781906939\n|switch|p2a: Starmie|Starmie|100/100\n|turn|7\n|\n|t:|1781906951\n|switch|p1a: Exeggutor|Exeggutor|100/100\n|move|p2a: Starmie|Thunderbolt|p1a: Exeggutor\n|-resisted|p1a: Exeggutor\n|-damage|p1a: Exeggutor|92/100\n|\n|upkeep\n|turn|8\n|\n|t:|1781906960\n|switch|p2a: Chansey|Chansey|66/100 par\n|switch|p1a: Zapdos|Zapdos|8/100 par\n|\n|upkeep\n|turn|9\n|\n|t:|1781906964\n|move|p1a: Zapdos|Rest|p1a: Zapdos\n|-status|p1a: Zapdos|slp|[from] move: Rest\n|-heal|p1a: Zapdos|100/100 slp|[silent]\n|move|p2a: Chansey|Ice Beam|p1a: Zapdos\n|-supereffective|p1a: Zapdos\n|-damage|p1a: Zapdos|63/100 slp\n|\n|upkeep\n|turn|10\n|\n|t:|1781906974\n|switch|p1a: Snorlax|Snorlax|100/100\n|cant|p2a: Chansey|par\n|\n|upkeep\n|turn|11\n|\n|t:|1781906983\n|move|p1a: Snorlax|Hyper Beam|p2a: Chansey\n|-damage|p2a: Chansey|0 fnt\n|faint|p2a: Chansey\n|\n|t:|1781906987\n|switch|p2a: Exeggutor|Exeggutor|100/100\n|turn|12\n|\n|t:|1781906996\n|switch|p1a: Zapdos|Zapdos|63/100 slp\n|move|p2a: Exeggutor|Sleep Powder|p1a: Zapdos\n|-fail|p1a: Zapdos|slp\n|\n|upkeep\n|turn|13\n|\n|t:|1781907000\n|cant|p1a: Zapdos|slp\n|move|p2a: Exeggutor|Sleep Powder|p1a: Zapdos\n|-fail|p1a: Zapdos|slp\n|\n|upkeep\n|turn|14\n|\n|t:|1781907006\n|-curestatus|p1a: Zapdos|slp|[msg]\n|move|p2a: Exeggutor|Sleep Powder|p1a: Zapdos\n|-status|p1a: Zapdos|slp|[from] move: Sleep Powder\n|\n|upkeep\n|turn|15\n|\n|t:|1781907019\n|switch|p1a: Exeggutor|Exeggutor|92/100\n|move|p2a: Exeggutor|Double-Edge|p1a: Exeggutor\n|-damage|p1a: Exeggutor|69/100\n|-damage|p2a: Exeggutor|95/100|[from] Recoil|[of] p1a: Exeggutor\n|\n|upkeep\n|turn|16\n|\n|t:|1781907041\n|move|p2a: Exeggutor|Explosion|p1a: Exeggutor\n|-damage|p1a: Exeggutor|0 fnt\n|faint|p1a: Exeggutor\n|faint|p2a: Exeggutor\n|\n|t:|1781907048\n|switch|p2a: Snorlax|Snorlax|100/100\n|switch|p1a: Snorlax|Snorlax|100/100\n|turn|17\n|\n|t:|1781907058\n|move|p2a: Snorlax|Reflect|p2a: Snorlax\n|-start|p2a: Snorlax|Reflect\n|move|p1a: Snorlax|Body Slam|p2a: Snorlax\n|-damage|p2a: Snorlax|86/100\n|\n|upkeep\n|turn|18\n|\n|t:|1781907071\n|move|p2a: Snorlax|Body Slam|p1a: Snorlax\n|-damage|p1a: Snorlax|76/100\n|move|p1a: Snorlax|Body Slam|p2a: Snorlax\n|-damage|p2a: Snorlax|73/100\n|\n|upkeep\n|turn|19\n|\n|t:|1781907081\n|switch|p1a: Zapdos|Zapdos|63/100 slp\n|move|p2a: Snorlax|Body Slam|p1a: Zapdos\n|-damage|p1a: Zapdos|33/100 slp\n|\n|upkeep\n|turn|20\n|\n|t:|1781907084\n|cant|p1a: Zapdos|slp\n|move|p2a: Snorlax|Body Slam|p1a: Zapdos\n|-damage|p1a: Zapdos|2/100 slp\n|\n|upkeep\n|turn|21\n|\n|t:|1781907086\n|cant|p1a: Zapdos|slp\n|move|p2a: Snorlax|Body Slam|p1a: Zapdos\n|-damage|p1a: Zapdos|0 fnt\n|faint|p1a: Zapdos\n|\n|t:|1781907088\n|switch|p1a: Starmie|Starmie|100/100\n|turn|22\n|\n|t:|1781907091\n|move|p1a: Starmie|Thunder Wave|p2a: Snorlax\n|-status|p2a: Snorlax|par\n|move|p2a: Snorlax|Body Slam|p1a: Starmie\n|-damage|p1a: Starmie|61/100\n|\n|upkeep\n|turn|23\n|\n|t:|1781907096\n|move|p1a: Starmie|Psychic|p2a: Snorlax\n|-damage|p2a: Snorlax|48/100 par\n|-unboost|p2a: Snorlax|spa|1\n|-unboost|p2a: Snorlax|spd|1\n|move|p2a: Snorlax|Body Slam|p1a: Starmie\n|-damage|p1a: Starmie|27/100\n|-status|p1a: Starmie|par\n|\n|upkeep\n|turn|24\n|\n|t:|1781907104\n|switch|p2a: Starmie|Starmie|100/100\n|move|p1a: Starmie|Recover|p1a: Starmie\n|-heal|p1a: Starmie|77/100 par\n|\n|upkeep\n|turn|25\n|\n|t:|1781907115\n|move|p2a: Starmie|Thunderbolt|p1a: Starmie\n|-supereffective|p1a: Starmie\n|-damage|p1a: Starmie|32/100 par\n|move|p1a: Starmie|Thunder Wave|p2a: Starmie\n|-status|p2a: Starmie|par\n|\n|upkeep\n|turn|26\n|\n|t:|1781907123\n|move|p2a: Starmie|Thunderbolt|p1a: Starmie\n|-crit|p1a: Starmie\n|-supereffective|p1a: Starmie\n|-damage|p1a: Starmie|0 fnt\n|faint|p1a: Starmie\n|\n|t:|1781907126\n|switch|p1a: Snorlax|Snorlax|76/100\n|turn|27\n|\n|t:|1781907130\n|move|p1a: Snorlax|Body Slam|p2a: Starmie\n|-damage|p2a: Starmie|62/100 par\n|cant|p2a: Starmie|par\n|\n|upkeep\n|turn|28\n|\n|t:|1781907138\n|move|p1a: Snorlax|Hyper Beam|p2a: Starmie|[miss]\n|-miss|p1a: Snorlax\n|cant|p2a: Starmie|par\n|\n|upkeep\n|turn|29\n|\n|t:|1781907142\n|switch|p2a: Snorlax|Snorlax|48/100 par\n|move|p1a: Snorlax|Hyper Beam|p2a: Snorlax\n|-damage|p2a: Snorlax|3/100 par\n|-mustrecharge|p1a: Snorlax\n|\n|upkeep\n|turn|30\n|\n|t:|1781907146\n|cant|p1a: Snorlax|recharge\n|move|p2a: Snorlax|Rest|p2a: Snorlax\n|-status|p2a: Snorlax|slp|[from] move: Rest\n|-heal|p2a: Snorlax|100/100 slp|[silent]\n|\n|upkeep\n|turn|31\n|\n|t:|1781907149\n|move|p1a: Snorlax|Body Slam|p2a: Snorlax\n|-damage|p2a: Snorlax|76/100 slp\n|cant|p2a: Snorlax|slp\n|\n|upkeep\n|turn|32\n|\n|t:|1781907152\n|move|p1a: Snorlax|Body Slam|p2a: Snorlax\n|-damage|p2a: Snorlax|51/100 slp\n|-curestatus|p2a: Snorlax|slp|[msg]\n|\n|upkeep\n|turn|33\n|\n|t:|1781907161\n|move|p1a: Snorlax|Body Slam|p2a: Snorlax\n|-damage|p2a: Snorlax|25/100\n|move|p2a: Snorlax|Reflect|p2a: Snorlax\n|-start|p2a: Snorlax|Reflect\n|\n|upkeep\n|turn|34\n|\n|t:|1781907167\n|move|p1a: Snorlax|Hyper Beam|p2a: Snorlax\n|-damage|p2a: Snorlax|0 fnt\n|faint|p2a: Snorlax\n|\n|t:|1781907174\n|switch|p2a: Starmie|Starmie|62/100 par\n|turn|35\n|\n|t:|1781907178\n|move|p1a: Snorlax|Hyper Beam|p2a: Starmie\n|-damage|p2a: Starmie|0 fnt\n|faint|p2a: Starmie\n|\n|t:|1781907181\n|switch|p2a: Tauros|Tauros|100/100\n|turn|36\n|\n|t:|1781907183\n|move|p2a: Tauros|Blizzard|p1a: Snorlax\n|-damage|p1a: Snorlax|59/100\n|-status|p1a: Snorlax|frz\n|cant|p1a: Snorlax|frz\n|\n|upkeep\n|turn|37\n|\n|t:|1781907191\n|move|p2a: Tauros|Body Slam|p1a: Snorlax\n|-damage|p1a: Snorlax|32/100 frz\n|cant|p1a: Snorlax|frz\n|\n|upkeep\n|turn|38\n|\n|t:|1781907193\n|move|p2a: Tauros|Body Slam|p1a: Snorlax\n|-damage|p1a: Snorlax|9/100 frz\n|cant|p1a: Snorlax|frz\n|\n|upkeep\n|turn|39\n|\n|t:|1781907195\n|move|p2a: Tauros|Body Slam|p1a: Snorlax\n|-crit|p1a: Snorlax\n|-damage|p1a: Snorlax|0 fnt\n|faint|p1a: Snorlax\n|\n|t:|1781907197\n|switch|p1a: Alakazam|Alakazam|100/100\n|turn|40\n|\n|t:|1781907200\n|move|p1a: Alakazam|Thunder Wave|p2a: Tauros\n|-status|p2a: Tauros|par\n|move|p2a: Tauros|Blizzard|p1a: Alakazam\n|-crit|p1a: Alakazam\n|-damage|p1a: Alakazam|62/100\n|\n|upkeep\n|turn|41\n|\n|t:|1781907207\n|move|p1a: Alakazam|Psychic|p2a: Tauros\n|-damage|p2a: Tauros|56/100 par\n|-unboost|p2a: Tauros|spa|1\n|-unboost|p2a: Tauros|spd|1\n|cant|p2a: Tauros|par\n|\n|upkeep\n|turn|42\n|c|☆TG2513|GG\n|\n|t:|1781907213\n|move|p1a: Alakazam|Psychic|p2a: Tauros\n|-damage|p2a: Tauros|0 fnt\n|faint|p2a: Tauros\n|\n|win|AJ Duncan\n|c|☆AJ Duncan|gg\n|player|p2|\n|player|p1|\n|player|p2|TG2513|brycenman|\n","uploadtime":1781907213,"views":"29","formatid":"gen1ou","rating":null,"private":0,"password":null}