{"id":"smogtours-gen1ou-913042","format":"[Gen 1] OU","players":["Laroxyl","Sceptross"],"log":"|inactive|Battle timer is ON: inactive players will automatically lose when time's up.\n|t:|1772301771\n|gametype|singles\n|player|p1|Laroxyl|#splxviitigers2|\n|player|p2|Sceptross|#splxviicryonicles2|\n|gen|1\n|tier|[Gen 1] OU\n|rule|Desync Clause Mod: Desyncs changed to move failure.\n|rule|Sleep Clause Mod: Limit one foe put to sleep\n|rule|Freeze Clause Mod: Limit one foe frozen\n|rule|Species Clause: Limit one of each Pokémon\n|rule|OHKO Clause: OHKO moves are banned\n|rule|Evasion Moves Clause: Evasion moves are banned\n|rule|Endless Battle Clause: Forcing endless battles is banned\n|rule|HP Percentage Mod: HP is shown in percentages\n|\n|t:|1772301771\n|teamsize|p1|6\n|teamsize|p2|6\n|start\n|switch|p1a: Jynx|Jynx|100/100\n|switch|p2a: Jynx|Jynx|100/100\n|turn|1\n|c|☆Sceptross|gl hf\n|rated|Smogon Premier League\n|c|☆Laroxyl|gl hf\n|\n|t:|1772301791\n|move|p2a: Jynx|Lovely Kiss|p1a: Jynx\n|-status|p1a: Jynx|slp|[from] move: Lovely Kiss\n|cant|p1a: Jynx|slp\n|\n|upkeep\n|turn|2\n|\n|t:|1772301815\n|switch|p1a: Chansey|Chansey|100/100\n|move|p2a: Jynx|Blizzard|p1a: Chansey\n|-damage|p1a: Chansey|83/100\n|\n|upkeep\n|turn|3\n|inactive|Laroxyl has 270 seconds left.\n|\n|t:|1772301857\n|move|p2a: Jynx|Blizzard|p1a: Chansey\n|-damage|p1a: Chansey|65/100\n|move|p1a: Chansey|Thunder Wave|p2a: Jynx\n|-status|p2a: Jynx|par\n|\n|upkeep\n|turn|4\n|\n|t:|1772301865\n|move|p1a: Chansey|Seismic Toss|p2a: Jynx\n|-damage|p2a: Jynx|70/100 par\n|move|p2a: Jynx|Blizzard|p1a: Chansey\n|-crit|p1a: Chansey\n|-damage|p1a: Chansey|26/100\n|\n|upkeep\n|turn|5\n|\n|t:|1772301872\n|move|p1a: Chansey|Soft-Boiled|p1a: Chansey\n|-heal|p1a: Chansey|76/100\n|move|p2a: Jynx|Rest|p2a: Jynx\n|-status|p2a: Jynx|slp|[from] move: Rest\n|-heal|p2a: Jynx|100/100 slp|[silent]\n|\n|upkeep\n|turn|6\n|\n|t:|1772301877\n|move|p1a: Chansey|Seismic Toss|p2a: Jynx\n|-damage|p2a: Jynx|70/100 slp\n|cant|p2a: Jynx|slp\n|\n|upkeep\n|turn|7\n|\n|t:|1772301880\n|move|p1a: Chansey|Seismic Toss|p2a: Jynx\n|-damage|p2a: Jynx|40/100 slp\n|-curestatus|p2a: Jynx|slp|[msg]\n|\n|upkeep\n|turn|8\n|\n|t:|1772301887\n|move|p1a: Chansey|Soft-Boiled|p1a: Chansey\n|-heal|p1a: Chansey|100/100\n|move|p2a: Jynx|Rest|p2a: Jynx\n|-status|p2a: Jynx|slp|[from] move: Rest\n|-heal|p2a: Jynx|100/100 slp|[silent]\n|\n|upkeep\n|turn|9\n|\n|t:|1772301903\n|move|p1a: Chansey|Seismic Toss|p2a: Jynx\n|-damage|p2a: Jynx|70/100 slp\n|cant|p2a: Jynx|slp\n|\n|upkeep\n|turn|10\n|\n|t:|1772301907\n|move|p1a: Chansey|Seismic Toss|p2a: Jynx\n|-damage|p2a: Jynx|40/100 slp\n|-curestatus|p2a: Jynx|slp|[msg]\n|\n|upkeep\n|turn|11\n|\n|t:|1772301912\n|switch|p1a: Tauros|Tauros|100/100\n|switch|p2a: Chansey|Chansey|100/100\n|\n|upkeep\n|turn|12\n|\n|t:|1772301937\n|switch|p1a: Jynx|Jynx|100/100 slp\n|move|p2a: Chansey|Thunder Wave|p1a: Jynx\n|-fail|p1a: Jynx\n|\n|upkeep\n|turn|13\n|\n|t:|1772301947\n|cant|p1a: Jynx|slp\n|move|p2a: Chansey|Thunder Wave|p1a: Jynx\n|-fail|p1a: Jynx\n|\n|upkeep\n|turn|14\n|\n|t:|1772301960\n|-curestatus|p1a: Jynx|slp|[msg]\n|move|p2a: Chansey|Thunder Wave|p1a: Jynx\n|-status|p1a: Jynx|par\n|\n|upkeep\n|turn|15\n|\n|t:|1772301976\n|switch|p2a: Jynx|Jynx|40/100\n|move|p1a: Jynx|Lovely Kiss|p2a: Jynx\n|-status|p2a: Jynx|slp|[from] move: Lovely Kiss\n|\n|upkeep\n|turn|16\n|\n|t:|1772301988\n|switch|p2a: Chansey|Chansey|100/100\n|cant|p1a: Jynx|par\n|\n|upkeep\n|turn|17\n|\n|t:|1772301993\n|move|p2a: Chansey|Thunderbolt|p1a: Jynx\n|-damage|p1a: Jynx|77/100 par\n|move|p1a: Jynx|Blizzard|p2a: Chansey\n|-damage|p2a: Chansey|81/100\n|\n|upkeep\n|turn|18\n|\n|t:|1772302002\n|move|p2a: Chansey|Thunderbolt|p1a: Jynx\n|-damage|p1a: Jynx|54/100 par\n|move|p1a: Jynx|Blizzard|p2a: Chansey\n|-damage|p2a: Chansey|63/100\n|\n|upkeep\n|turn|19\n|\n|t:|1772302010\n|move|p2a: Chansey|Soft-Boiled|p2a: Chansey\n|-heal|p2a: Chansey|100/100\n|move|p1a: Jynx|Rest|p1a: Jynx\n|-status|p1a: Jynx|slp|[from] move: Rest\n|-heal|p1a: Jynx|100/100 slp|[silent]\n|\n|upkeep\n|turn|20\n|\n|t:|1772302018\n|switch|p1a: Chansey|Chansey|100/100\n|move|p2a: Chansey|Thunderbolt|p1a: Chansey\n|-damage|p1a: Chansey|90/100\n|\n|upkeep\n|turn|21\n|\n|t:|1772302024\n|move|p1a: Chansey|Thunder Wave|p2a: Chansey\n|-status|p2a: Chansey|par\n|move|p2a: Chansey|Thunder Wave|p1a: Chansey\n|-status|p1a: Chansey|par\n|\n|upkeep\n|turn|22\n|\n|t:|1772302037\n|move|p2a: Chansey|Ice Beam|p1a: Chansey\n|-damage|p1a: Chansey|79/100 par\n|cant|p1a: Chansey|par\n|\n|upkeep\n|turn|23\n|\n|t:|1772302057\n|switch|p2a: Snorlax|Snorlax|100/100\n|cant|p1a: Chansey|par\n|\n|upkeep\n|turn|24\n|\n|t:|1772302072\n|switch|p1a: Cloyster|Cloyster|100/100\n|move|p2a: Snorlax|Reflect|p2a: Snorlax\n|-start|p2a: Snorlax|Reflect\n|\n|upkeep\n|turn|25\n|\n|t:|1772302084\n|switch|p2a: Chansey|Chansey|100/100 par\n|move|p1a: Cloyster|Clamp|p2a: Chansey|[miss]\n|-miss|p1a: Cloyster\n|\n|upkeep\n|turn|26\n|\n|t:|1772302097\n|switch|p1a: Chansey|Chansey|79/100 par\n|switch|p2a: Starmie|Starmie|100/100\n|\n|upkeep\n|turn|27\n|\n|t:|1772302105\n|switch|p2a: Chansey|Chansey|100/100 par\n|switch|p1a: Tauros|Tauros|100/100\n|\n|upkeep\n|turn|28\n|\n|t:|1772302113\n|switch|p2a: Snorlax|Snorlax|100/100\n|move|p1a: Tauros|Body Slam|p2a: Snorlax\n|-damage|p2a: Snorlax|74/100\n|\n|upkeep\n|turn|29\n|\n|t:|1772302120\n|move|p1a: Tauros|Body Slam|p2a: Snorlax\n|-damage|p2a: Snorlax|48/100\n|move|p2a: Snorlax|Body Slam|p1a: Tauros\n|-damage|p1a: Tauros|71/100\n|\n|upkeep\n|turn|30\n|\n|t:|1772302131\n|switch|p1a: Rhydon|Rhydon|100/100\n|move|p2a: Snorlax|Body Slam|p1a: Rhydon\n|-crit|p1a: Rhydon\n|-resisted|p1a: Rhydon\n|-damage|p1a: Rhydon|78/100\n|\n|upkeep\n|turn|31\n|\n|t:|1772302144\n|switch|p2a: Starmie|Starmie|100/100\n|move|p1a: Rhydon|Body Slam|p2a: Starmie\n|-damage|p2a: Starmie|72/100\n|\n|upkeep\n|turn|32\n|inactive|Laroxyl has 270 seconds left.\n|\n|t:|1772302196\n|switch|p1a: Chansey|Chansey|79/100 par\n|move|p2a: Starmie|Recover|p2a: Starmie\n|-heal|p2a: Starmie|100/100\n|\n|upkeep\n|turn|33\n|inactive|Laroxyl has 240 seconds left.\n|\n|t:|1772302225\n|switch|p2a: Chansey|Chansey|100/100 par\n|move|p1a: Chansey|Thunder Wave|p2a: Chansey\n|-fail|p2a: Chansey|par\n|\n|upkeep\n|turn|34\n|inactive|Laroxyl has 240 seconds left.\n|\n|t:|1772302238\n|cant|p1a: Chansey|par\n|cant|p2a: Chansey|par\n|\n|upkeep\n|turn|35\n|\n|t:|1772302241\n|move|p2a: Chansey|Ice Beam|p1a: Chansey\n|-damage|p1a: Chansey|67/100 par\n|move|p1a: Chansey|Thunder Wave|p2a: Chansey\n|-fail|p2a: Chansey|par\n|\n|upkeep\n|turn|36\n|\n|t:|1772302245\n|switch|p2a: Rhydon|Rhydon|100/100\n|cant|p1a: Chansey|par\n|\n|upkeep\n|turn|37\n|inactive|Laroxyl has 240 seconds left.\n|\n|t:|1772302297\n|switch|p1a: Starmie|Starmie|100/100\n|move|p2a: Rhydon|Body Slam|p1a: Starmie\n|-damage|p1a: Starmie|73/100\n|\n|upkeep\n|turn|38\n|inactive|Laroxyl has 210 seconds left.\n|\n|t:|1772302315\n|switch|p1a: Tauros|Tauros|71/100\n|switch|p2a: Chansey|Chansey|100/100 par\n|\n|upkeep\n|turn|39\n|inactive|Laroxyl has 210 seconds left.\n|\n|t:|1772302326\n|move|p1a: Tauros|Body Slam|p2a: Chansey\n|-damage|p2a: Chansey|60/100 par\n|cant|p2a: Chansey|par\n|\n|upkeep\n|turn|40\n|inactive|Laroxyl has 210 seconds left.\n|\n|t:|1772302351\n|switch|p2a: Starmie|Starmie|100/100\n|move|p1a: Tauros|Body Slam|p2a: Starmie\n|-crit|p2a: Starmie\n|-damage|p2a: Starmie|32/100\n|-status|p2a: Starmie|par\n|\n|upkeep\n|turn|41\n|\n|t:|1772302377\n|switch|p2a: Jynx|Jynx|40/100 slp\n|move|p1a: Tauros|Body Slam|p2a: Jynx\n|-crit|p2a: Jynx\n|-damage|p2a: Jynx|0 fnt\n|faint|p2a: Jynx\n|\n|t:|1772302383\n|switch|p2a: Tauros|Tauros|100/100\n|turn|42\n|inactive|Laroxyl has 180 seconds left.\n|\n|t:|1772302411\n|move|p1a: Tauros|Body Slam|p2a: Tauros\n|-damage|p2a: Tauros|72/100\n|move|p2a: Tauros|Body Slam|p1a: Tauros\n|-crit|p1a: Tauros\n|-damage|p1a: Tauros|15/100\n|\n|upkeep\n|turn|43\n|inactive|Laroxyl has 180 seconds left.\n|\n|t:|1772302437\n|switch|p1a: Cloyster|Cloyster|100/100\n|move|p2a: Tauros|Body Slam|p1a: Cloyster\n|-damage|p1a: Cloyster|80/100\n|\n|upkeep\n|turn|44\n|\n|t:|1772302458\n|move|p2a: Tauros|Body Slam|p1a: Cloyster\n|-damage|p1a: Cloyster|57/100\n|move|p1a: Cloyster|Blizzard|p2a: Tauros\n|-damage|p2a: Tauros|25/100\n|\n|upkeep\n|turn|45\n|inactive|Sceptross has 270 seconds left.\n|inactive|Sceptross has 240 seconds left.\n|\n|t:|1772302532\n|switch|p2a: Chansey|Chansey|60/100 par\n|move|p1a: Cloyster|Blizzard|p2a: Chansey\n|-damage|p2a: Chansey|41/100 par\n|\n|upkeep\n|turn|46\n|inactive|Laroxyl has 150 seconds left.\n|\n|t:|1772302549\n|move|p1a: Cloyster|Clamp|p2a: Chansey\n|-crit|p2a: Chansey\n|-damage|p2a: Chansey|31/100 par\n|cant|p2a: Chansey|partiallytrapped\n|\n|upkeep\n|turn|47\n|inactive|Laroxyl has 150 seconds left.\n|\n|t:|1772302563\n|switch|p2a: Snorlax|Snorlax|48/100\n|move|p1a: Cloyster|Clamp|p2a: Snorlax|[miss]\n|-miss|p1a: Cloyster\n|\n|upkeep\n|turn|48\n|\n|t:|1772302583\n|move|p1a: Cloyster|Clamp|p2a: Snorlax\n|-damage|p2a: Snorlax|39/100\n|cant|p2a: Snorlax|partiallytrapped\n|\n|upkeep\n|turn|49\n|\n|t:|1772302591\n|switch|p2a: Starmie|Starmie|32/100 par\n|move|p1a: Cloyster|Clamp|p2a: Starmie|[miss]\n|-miss|p1a: Cloyster\n|\n|upkeep\n|turn|50\n|\n|t:|1772302609\n|move|p1a: Cloyster|Clamp|p2a: Starmie\n|-resisted|p2a: Starmie\n|-damage|p2a: Starmie|26/100 par\n|cant|p2a: Starmie|partiallytrapped\n|\n|upkeep\n|turn|51\n|inactive|Sceptross has 240 seconds left.\n|\n|t:|1772302617\n|move|p1a: Cloyster|Clamp|p2a: Starmie|[from] Clamp\n|-damage|p2a: Starmie|19/100 par\n|cant|p2a: Starmie|partiallytrapped\n|\n|upkeep\n|turn|52\n|inactive|Sceptross has 240 seconds left.\n|inactive|Laroxyl has 150 seconds left.\n|\n|t:|1772302657\n|move|p1a: Cloyster|Blizzard|p2a: Starmie|[miss]\n|-miss|p1a: Cloyster\n|cant|p2a: Starmie|par\n|\n|upkeep\n|turn|53\n|inactive|Laroxyl has 150 seconds left.\n|\n|t:|1772302664\n|move|p1a: Cloyster|Blizzard|p2a: Starmie\n|-resisted|p2a: Starmie\n|-damage|p2a: Starmie|0 fnt\n|faint|p2a: Starmie\n|\n|t:|1772302668\n|switch|p2a: Tauros|Tauros|25/100\n|turn|54\n|inactive|Laroxyl has 150 seconds left.\n|\n|t:|1772302701\n|move|p2a: Tauros|Hyper Beam|p1a: Cloyster\n|-damage|p1a: Cloyster|18/100\n|-mustrecharge|p2a: Tauros\n|move|p1a: Cloyster|Blizzard|p2a: Tauros|[miss]\n|-miss|p1a: Cloyster\n|\n|upkeep\n|turn|55\n|\n|t:|1772302725\n|cant|p2a: Tauros|recharge\n|move|p1a: Cloyster|Blizzard|p2a: Tauros\n|-crit|p2a: Tauros\n|-damage|p2a: Tauros|0 fnt\n|faint|p2a: Tauros\n|inactive|Sceptross has 240 seconds left.\n|\n|t:|1772302761\n|switch|p2a: Snorlax|Snorlax|39/100\n|turn|56\n|\n|t:|1772302783\n|move|p1a: Cloyster|Explosion|p2a: Snorlax\n|-damage|p2a: Snorlax|0 fnt\n|faint|p2a: Snorlax\n|faint|p1a: Cloyster\n|inactive|Sceptross has 240 seconds left.\n|inactive|Laroxyl has 120 seconds left.\n|inactive|Laroxyl has 90 seconds left.\n|inactive|Laroxyl has 60 seconds left.\n|\n|t:|1772302863\n|switch|p1a: Rhydon|Rhydon|78/100\n|switch|p2a: Rhydon|Rhydon|100/100\n|turn|57\n|\n|t:|1772302868\n|move|p2a: Rhydon|Earthquake|p1a: Rhydon\n|-supereffective|p1a: Rhydon\n|-damage|p1a: Rhydon|13/100\n|move|p1a: Rhydon|Earthquake|p2a: Rhydon\n|-supereffective|p2a: Rhydon\n|-damage|p2a: Rhydon|37/100\n|\n|upkeep\n|turn|58\n|\n|t:|1772302874\n|move|p1a: Rhydon|Earthquake|p2a: Rhydon\n|-supereffective|p2a: Rhydon\n|-damage|p2a: Rhydon|0 fnt\n|faint|p2a: Rhydon\n|\n|t:|1772302878\n|switch|p2a: Chansey|Chansey|31/100 par\n|turn|59\n|\n|t:|1772302879\n|move|p1a: Rhydon|Earthquake|p2a: Chansey\n|-damage|p2a: Chansey|0 fnt\n|faint|p2a: Chansey\n|\n|win|Laroxyl\n","uploadtime":1772302879,"views":"975","formatid":"gen1ou","rating":null,"private":0,"password":null}