{"id":"smogtours-gen1ou-959302","format":"[Gen 1] OU","players":["Soda Krys","Kaz"],"log":"|inactive|Battle timer is ON: inactive players will automatically lose when time's up.\n|t:|1785091620\n|gametype|singles\n|player|p1|Soda Krys|gwynn|\n|player|p2|Kaz|#kaz|\n|gen|1\n|tier|[Gen 1] OU\n|rule|Desync Clause Mod: Desyncs resolve to link battle behavior from the acting player's perspective.\n|rule|HP Percentage Mod: HP is shown in percentages\n|rule|Endless Battle Clause: Forcing endless battles is banned\n|rule|Sleep Clause Mod: Limit one foe put to sleep\n|rule|Freeze Clause Mod: Limit one foe frozen\n|rule|Species Clause: Limit one of each Pokémon\n|rule|OHKO Clause: OHKO moves are banned\n|rule|Evasion Moves Clause: Evasion moves are banned\n|\n|t:|1785091620\n|teamsize|p1|6\n|teamsize|p2|6\n|start\n|switch|p1a: Tauros|Tauros|100/100\n|switch|p2a: Starmie|Starmie|100/100\n|turn|1\n|\n|t:|1785091626\n|switch|p1a: Chansey|Chansey|100/100\n|move|p2a: Starmie|Blizzard|p1a: Chansey\n|-damage|p1a: Chansey|87/100\n|\n|upkeep\n|turn|2\n|inactive|Kaz has 270 seconds left.\n|\n|t:|1785091670\n|switch|p2a: Exeggutor|Exeggutor|100/100\n|move|p1a: Chansey|Sing|p2a: Exeggutor|[miss]\n|-miss|p1a: Chansey\n|\n|upkeep\n|turn|3\n|\n|t:|1785091674\n|move|p2a: Exeggutor|Sleep Powder|p1a: Chansey|[miss]\n|-miss|p2a: Exeggutor\n|move|p1a: Chansey|Sing|p2a: Exeggutor|[miss]\n|-miss|p1a: Chansey\n|\n|upkeep\n|turn|4\n|\n|t:|1785091680\n|move|p2a: Exeggutor|Sleep Powder|p1a: Chansey\n|-status|p1a: Chansey|slp|[from] move: Sleep Powder\n|cant|p1a: Chansey|slp\n|\n|upkeep\n|turn|5\n|inactive|Kaz has 270 seconds left.\n|inactive|Kaz has 240 seconds left.\n|\n|t:|1785091736\n|switch|p2a: Gengar|Gengar|100/100\n|cant|p1a: Chansey|slp\n|\n|upkeep\n|turn|6\n|\n|t:|1785091740\n|switch|p1a: Snorlax|Snorlax|100/100\n|move|p2a: Gengar|Night Shade|p1a: Snorlax\n|-damage|p1a: Snorlax|81/100\n|\n|upkeep\n|turn|7\n|\n|t:|1785091743\n|switch|p2a: Exeggutor|Exeggutor|100/100\n|move|p1a: Snorlax|Body Slam|p2a: Exeggutor\n|-damage|p2a: Exeggutor|69/100\n|\n|upkeep\n|turn|8\n|\n|t:|1785091746\n|move|p2a: Exeggutor|Psychic|p1a: Snorlax\n|-damage|p1a: Snorlax|48/100\n|move|p1a: Snorlax|Body Slam|p2a: Exeggutor\n|-damage|p2a: Exeggutor|38/100\n|-status|p2a: Exeggutor|par\n|\n|upkeep\n|turn|9\n|inactive|Kaz has 270 seconds left.\n|\n|t:|1785091761\n|switch|p2a: Gengar|Gengar|100/100\n|move|p1a: Snorlax|Body Slam|p2a: Gengar\n|-immune|p2a: Gengar\n|\n|upkeep\n|turn|10\n|\n|t:|1785091764\n|move|p2a: Gengar|Thunderbolt|p1a: Snorlax\n|-damage|p1a: Snorlax|24/100\n|move|p1a: Snorlax|Earthquake|p2a: Gengar|[miss]\n|-miss|p1a: Snorlax\n|-hint|In Gen 1, moves with 100% accuracy can still miss 1/256 of the time.\n|\n|upkeep\n|turn|11\n|inactive|Kaz has 270 seconds left.\n|\n|t:|1785091794\n|move|p2a: Gengar|Thunderbolt|p1a: Snorlax\n|-damage|p1a: Snorlax|3/100\n|move|p1a: Snorlax|Body Slam|p2a: Gengar\n|-immune|p2a: Gengar\n|\n|upkeep\n|turn|12\n|\n|t:|1785091798\n|move|p2a: Gengar|Night Shade|p1a: Snorlax\n|-damage|p1a: Snorlax|0 fnt\n|faint|p1a: Snorlax\n|\n|t:|1785091800\n|switch|p1a: Tauros|Tauros|100/100\n|turn|13\n|\n|t:|1785091807\n|switch|p1a: Golem|Golem|100/100\n|move|p2a: Gengar|Thunderbolt|p1a: Golem\n|-immune|p1a: Golem\n|\n|upkeep\n|turn|14\n|\n|t:|1785091813\n|switch|p2a: Starmie|Starmie|100/100\n|move|p1a: Golem|Body Slam|p2a: Starmie\n|-damage|p2a: Starmie|77/100\n|\n|upkeep\n|turn|15\n|\n|t:|1785091817\n|switch|p1a: Starmie|Starmie|100/100\n|move|p2a: Starmie|Recover|p2a: Starmie\n|-heal|p2a: Starmie|100/100\n|\n|upkeep\n|turn|16\n|\n|t:|1785091844\n|move|p2a: Starmie|Thunder Wave|p1a: Starmie\n|-status|p1a: Starmie|par\n|move|p1a: Starmie|Thunder Wave|p2a: Starmie\n|-status|p2a: Starmie|par\n|\n|upkeep\n|turn|17\n|\n|t:|1785091858\n|move|p1a: Starmie|Thunderbolt|p2a: Starmie\n|-supereffective|p2a: Starmie\n|-damage|p2a: Starmie|55/100 par\n|move|p2a: Starmie|Psychic|p1a: Starmie\n|-resisted|p1a: Starmie\n|-damage|p1a: Starmie|85/100 par\n|-unboost|p1a: Starmie|spa|1\n|-unboost|p1a: Starmie|spd|1\n|\n|upkeep\n|turn|18\n|\n|t:|1785091862\n|switch|p1a: Lapras|Lapras|100/100\n|cant|p2a: Starmie|par\n|\n|upkeep\n|turn|19\n|\n|t:|1785091866\n|move|p1a: Lapras|Confuse Ray|p2a: Starmie\n|-start|p2a: Starmie|confusion\n|-activate|p2a: Starmie|confusion\n|move|p2a: Starmie|Thunder Wave|p1a: Lapras\n|-status|p1a: Lapras|par\n|\n|upkeep\n|turn|20\n|\n|t:|1785091876\n|switch|p2a: Gengar|Gengar|100/100\n|move|p1a: Lapras|Blizzard|p2a: Gengar\n|-damage|p2a: Gengar|63/100\n|\n|upkeep\n|turn|21\n|\n|t:|1785091880\n|switch|p1a: Golem|Golem|100/100\n|move|p2a: Gengar|Night Shade|p1a: Golem\n|-damage|p1a: Golem|73/100\n|\n|upkeep\n|turn|22\n|inactive|Kaz has 270 seconds left.\n|\n|t:|1785091924\n|switch|p2a: Exeggutor|Exeggutor|38/100 par\n|move|p1a: Golem|Earthquake|p2a: Exeggutor\n|-resisted|p2a: Exeggutor\n|-damage|p2a: Exeggutor|21/100 par\n|\n|upkeep\n|turn|23\n|\n|t:|1785091949\n|switch|p2a: Tauros|Tauros|100/100\n|move|p1a: Golem|Rock Slide|p2a: Tauros\n|-damage|p2a: Tauros|72/100\n|\n|upkeep\n|turn|24\n|\n|t:|1785091956\n|switch|p1a: Tauros|Tauros|100/100\n|move|p2a: Tauros|Body Slam|p1a: Tauros\n|-crit|p1a: Tauros\n|-damage|p1a: Tauros|40/100\n|\n|upkeep\n|turn|25\n|\n|t:|1785091970\n|move|p2a: Tauros|Body Slam|p1a: Tauros\n|-damage|p1a: Tauros|11/100\n|move|p1a: Tauros|Body Slam|p2a: Tauros\n|-damage|p2a: Tauros|42/100\n|\n|upkeep\n|turn|26\n|inactive|Kaz has 240 seconds left.\n|\n|t:|1785092001\n|move|p2a: Tauros|Body Slam|p1a: Tauros\n|-damage|p1a: Tauros|0 fnt\n|faint|p1a: Tauros\n|\n|t:|1785092004\n|switch|p1a: Lapras|Lapras|100/100 par\n|turn|27\n|inactive|Kaz has 240 seconds left.\n|\n|t:|1785092023\n|switch|p2a: Starmie|Starmie|55/100 par\n|move|p1a: Lapras|Confuse Ray|p2a: Starmie\n|-start|p2a: Starmie|confusion\n|\n|upkeep\n|turn|28\n|inactive|Kaz has 240 seconds left.\n|\n|t:|1785092030\n|-activate|p2a: Starmie|confusion\n|-damage|p2a: Starmie|45/100 par|[from] confusion\n|move|p1a: Lapras|Thunderbolt|p2a: Starmie\n|-supereffective|p2a: Starmie\n|-damage|p2a: Starmie|3/100 par\n|\n|upkeep\n|turn|29\n|\n|t:|1785092035\n|-activate|p2a: Starmie|confusion\n|move|p2a: Starmie|Psychic|p1a: Lapras\n|-damage|p1a: Lapras|75/100 par\n|-unboost|p1a: Lapras|spa|1\n|-unboost|p1a: Lapras|spd|1\n|move|p1a: Lapras|Thunderbolt|p2a: Starmie\n|-supereffective|p2a: Starmie\n|-damage|p2a: Starmie|0 fnt\n|faint|p2a: Starmie\n|inactive|Kaz has 240 seconds left.\n|\n|t:|1785092057\n|switch|p2a: Alakazam|Alakazam|100/100\n|turn|30\n|\n|t:|1785092061\n|switch|p1a: Starmie|Starmie|85/100 par\n|move|p2a: Alakazam|Psychic|p1a: Starmie\n|-resisted|p1a: Starmie\n|-damage|p1a: Starmie|65/100 par\n|-unboost|p1a: Starmie|spa|1\n|-unboost|p1a: Starmie|spd|1\n|\n|upkeep\n|turn|31\n|\n|t:|1785092065\n|switch|p2a: Exeggutor|Exeggutor|21/100 par\n|move|p1a: Starmie|Thunder Wave|p2a: Exeggutor\n|-fail|p2a: Exeggutor|par\n|\n|upkeep\n|turn|32\n|\n|t:|1785092068\n|switch|p1a: Chansey|Chansey|87/100 slp\n|move|p2a: Exeggutor|Explosion|p1a: Chansey\n|-damage|p1a: Chansey|0 fnt\n|faint|p1a: Chansey\n|faint|p2a: Exeggutor\n|\n|t:|1785092092\n|switch|p1a: Golem|Golem|73/100\n|switch|p2a: Snorlax|Snorlax|100/100\n|turn|33\n|\n|t:|1785092096\n|move|p1a: Golem|Earthquake|p2a: Snorlax\n|-damage|p2a: Snorlax|70/100\n|move|p2a: Snorlax|Earthquake|p1a: Golem\n|-supereffective|p1a: Golem\n|-damage|p1a: Golem|34/100\n|\n|upkeep\n|turn|34\n|\n|t:|1785092102\n|switch|p1a: Lapras|Lapras|75/100 par\n|move|p2a: Snorlax|Earthquake|p1a: Lapras\n|-damage|p1a: Lapras|53/100 par\n|\n|upkeep\n|turn|35\n|inactive|Kaz has 270 seconds left.\n|inactive|Kaz has 240 seconds left.\n|\n|t:|1785092147\n|switch|p2a: Alakazam|Alakazam|100/100\n|cant|p1a: Lapras|par\n|\n|upkeep\n|turn|36\n|\n|t:|1785092151\n|move|p2a: Alakazam|Psychic|p1a: Lapras\n|-damage|p1a: Lapras|24/100 par\n|move|p1a: Lapras|Confuse Ray|p2a: Alakazam\n|-start|p2a: Alakazam|confusion\n|\n|upkeep\n|turn|37\n|\n|t:|1785092165\n|switch|p2a: Gengar|Gengar|63/100\n|move|p1a: Lapras|Blizzard|p2a: Gengar\n|-crit|p2a: Gengar\n|-damage|p2a: Gengar|0 fnt\n|faint|p2a: Gengar\n|inactive|Kaz has 240 seconds left.\n|\n|t:|1785092190\n|switch|p2a: Tauros|Tauros|42/100\n|turn|38\n|\n|t:|1785092192\n|move|p2a: Tauros|Body Slam|p1a: Lapras\n|-damage|p1a: Lapras|0 fnt\n|faint|p1a: Lapras\n|\n|t:|1785092194\n|switch|p1a: Starmie|Starmie|65/100 par\n|turn|39\n|inactive|Kaz has 240 seconds left.\n|\n|t:|1785092213\n|move|p2a: Tauros|Body Slam|p1a: Starmie\n|-damage|p1a: Starmie|32/100 par\n|move|p1a: Starmie|Thunder Wave|p2a: Tauros\n|-status|p2a: Tauros|par\n|\n|upkeep\n|turn|40\n|\n|t:|1785092216\n|move|p1a: Starmie|Recover|p1a: Starmie\n|-heal|p1a: Starmie|82/100 par\n|move|p2a: Tauros|Body Slam|p1a: Starmie\n|-crit|p1a: Starmie\n|-damage|p1a: Starmie|11/100 par\n|\n|upkeep\n|turn|41\n|\n|t:|1785092221\n|switch|p2a: Snorlax|Snorlax|70/100\n|move|p1a: Starmie|Recover|p1a: Starmie\n|-heal|p1a: Starmie|61/100 par\n|\n|upkeep\n|turn|42\n|inactive|Kaz has 240 seconds left.\n|\n|t:|1785092256\n|switch|p1a: Golem|Golem|34/100\n|move|p2a: Snorlax|Self-Destruct|p1a: Golem\n|-resisted|p1a: Golem\n|-damage|p1a: Golem|0 fnt\n|faint|p1a: Golem\n|faint|p2a: Snorlax\n|\n|t:|1785092260\n|switch|p1a: Starmie|Starmie|61/100 par\n|switch|p2a: Alakazam|Alakazam|100/100\n|turn|43\n|\n|t:|1785092263\n|move|p2a: Alakazam|Psychic|p1a: Starmie\n|-resisted|p1a: Starmie\n|-damage|p1a: Starmie|40/100 par\n|-unboost|p1a: Starmie|spa|1\n|-unboost|p1a: Starmie|spd|1\n|cant|p1a: Starmie|par\n|\n|upkeep\n|turn|44\n|\n|t:|1785092266\n|move|p2a: Alakazam|Psychic|p1a: Starmie\n|-resisted|p1a: Starmie\n|-damage|p1a: Starmie|8/100 par\n|move|p1a: Starmie|Thunder Wave|p2a: Alakazam\n|-status|p2a: Alakazam|par\n|\n|upkeep\n|turn|45\n|\n|t:|1785092268\n|move|p2a: Alakazam|Psychic|p1a: Starmie\n|-resisted|p1a: Starmie\n|-damage|p1a: Starmie|0 fnt\n|faint|p1a: Starmie\n|\n|win|Kaz\n|player|p1|\n","uploadtime":1785092268,"views":"73","formatid":"gen1ou","rating":null,"private":0,"password":null}