{"id":"smogtours-gen1ou-947843","format":"[Gen 1] OU","players":["AsmiRedx","Charmflash"],"log":"|inactive|Battle timer is ON: inactive players will automatically lose when time's up.\n|t:|1781824665\n|gametype|singles\n|player|p1|AsmiRedx|#wcop2026mexico2|\n|player|p2|Charmflash|#splxviiraiders|\n|gen|1\n|tier|[Gen 1] OU\n|rule|Desync Clause Mod: Desyncs changed to move failure.\n|rule|HP Percentage Mod: HP is shown in percentages\n|rule|Endless Battle Clause: Forcing endless battles is banned\n|rule|Sleep Clause Mod: Limit one foe put to sleep\n|rule|Freeze Clause Mod: Limit one foe frozen\n|rule|Species Clause: Limit one of each Pokémon\n|rule|OHKO Clause: OHKO moves are banned\n|rule|Evasion Moves Clause: Evasion moves are banned\n|\n|t:|1781824665\n|teamsize|p1|6\n|teamsize|p2|6\n|start\n|switch|p1a: Jynx|Jynx|100/100\n|switch|p2a: Tauros|Tauros|100/100\n|turn|1\n|c|☆Charmflash|hf\n|c|☆AsmiRedx|hf\n|\n|t:|1781824682\n|move|p2a: Tauros|Body Slam|p1a: Jynx\n|-crit|p1a: Jynx\n|-damage|p1a: Jynx|6/100\n|move|p1a: Jynx|Lovely Kiss|p2a: Tauros|[miss]\n|-miss|p1a: Jynx\n|\n|upkeep\n|turn|2\n|c|+Elian|al chile que bueno\n|\n|t:|1781824701\n|switch|p1a: Starmie|Starmie|100/100\n|move|p2a: Tauros|Body Slam|p1a: Starmie\n|-damage|p1a: Starmie|65/100\n|\n|upkeep\n|turn|3\n|c|☆AsmiRedx|xd\n|inactive|Charmflash has 270 seconds left.\n|\n|t:|1781824731\n|switch|p2a: Jolteon|Jolteon|100/100\n|move|p1a: Starmie|Recover|p1a: Starmie\n|-heal|p1a: Starmie|100/100\n|\n|upkeep\n|turn|4\n|\n|t:|1781824738\n|switch|p2a: Exeggutor|Exeggutor|100/100\n|switch|p1a: Rhydon|Rhydon|100/100\n|\n|upkeep\n|turn|5\n|\n|t:|1781824748\n|switch|p1a: Exeggutor|Exeggutor|100/100\n|move|p2a: Exeggutor|Stun Spore|p1a: Exeggutor|[miss]\n|-miss|p2a: Exeggutor\n|\n|upkeep\n|turn|6\n|inactive|Charmflash has 270 seconds left.\n|\n|t:|1781824768\n|move|p2a: Exeggutor|Sleep Powder|p1a: Exeggutor\n|-status|p1a: Exeggutor|slp|[from] move: Sleep Powder\n|cant|p1a: Exeggutor|slp\n|\n|upkeep\n|turn|7\n|inactive|Charmflash has 270 seconds left.\n|c|☆AsmiRedx|pera\n|c|☆AsmiRedx|se me peto discord\n|c|☆AsmiRedx|acaban de raidear un server\n|inactive|AsmiRedx has 270 seconds left.\n|\n|t:|1781824804\n|switch|p2a: Tauros|Tauros|100/100\n|-curestatus|p1a: Exeggutor|slp|[msg]\n|\n|upkeep\n|turn|8\n|\n|t:|1781824811\n|switch|p2a: Jolteon|Jolteon|100/100\n|move|p1a: Exeggutor|Stun Spore|p2a: Jolteon\n|-status|p2a: Jolteon|par\n|\n|upkeep\n|turn|9\n|\n|t:|1781824816\n|move|p1a: Exeggutor|Psychic|p2a: Jolteon\n|-damage|p2a: Jolteon|64/100 par\n|-unboost|p2a: Jolteon|spa|1\n|-unboost|p2a: Jolteon|spd|1\n|cant|p2a: Jolteon|par\n|\n|upkeep\n|turn|10\n|\n|t:|1781824824\n|move|p1a: Exeggutor|Stun Spore|p2a: Jolteon\n|-fail|p2a: Jolteon|par\n|move|p2a: Jolteon|Pin Missile|p1a: Exeggutor\n|-supereffective|p1a: Exeggutor\n|-damage|p1a: Exeggutor|90/100\n|-damage|p1a: Exeggutor|79/100\n|-hitcount|p1a: Exeggutor|2\n|\n|upkeep\n|turn|11\n|\n|t:|1781824831\n|switch|p2a: Exeggutor|Exeggutor|100/100\n|move|p1a: Exeggutor|Psychic|p2a: Exeggutor\n|-resisted|p2a: Exeggutor\n|-damage|p2a: Exeggutor|88/100\n|-unboost|p2a: Exeggutor|spa|1\n|-unboost|p2a: Exeggutor|spd|1\n|\n|upkeep\n|turn|12\n|\n|t:|1781824835\n|move|p2a: Exeggutor|Sleep Powder|p1a: Exeggutor\n|-status|p1a: Exeggutor|slp|[from] move: Sleep Powder\n|cant|p1a: Exeggutor|slp\n|\n|upkeep\n|turn|13\n|\n|t:|1781824845\n|switch|p2a: Tauros|Tauros|100/100\n|cant|p1a: Exeggutor|slp\n|\n|upkeep\n|turn|14\n|\n|t:|1781824849\n|switch|p1a: Jynx|Jynx|6/100\n|move|p2a: Tauros|Body Slam|p1a: Jynx\n|-damage|p1a: Jynx|0 fnt\n|faint|p1a: Jynx\n|\n|t:|1781824857\n|switch|p1a: Tauros|Tauros|100/100\n|turn|15\n|\n|t:|1781824881\n|move|p2a: Tauros|Blizzard|p1a: Tauros\n|-damage|p1a: Tauros|72/100\n|move|p1a: Tauros|Body Slam|p2a: Tauros\n|-damage|p2a: Tauros|69/100\n|\n|upkeep\n|turn|16\n|\n|t:|1781824889\n|move|p2a: Tauros|Blizzard|p1a: Tauros\n|-damage|p1a: Tauros|46/100\n|move|p1a: Tauros|Body Slam|p2a: Tauros\n|-crit|p2a: Tauros\n|-damage|p2a: Tauros|16/100\n|\n|upkeep\n|turn|17\n|\n|t:|1781824901\n|switch|p2a: Starmie|Starmie|100/100\n|move|p1a: Tauros|Body Slam|p2a: Starmie\n|-damage|p2a: Starmie|65/100\n|\n|upkeep\n|turn|18\n|\n|t:|1781824918\n|switch|p1a: Exeggutor|Exeggutor|79/100 slp\n|move|p2a: Starmie|Blizzard|p1a: Exeggutor\n|-crit|p1a: Exeggutor\n|-supereffective|p1a: Exeggutor\n|-damage|p1a: Exeggutor|0 fnt\n|faint|p1a: Exeggutor\n|c|☆AsmiRedx|dilo elian\n|\n|t:|1781824937\n|switch|p1a: Snorlax|Snorlax|100/100\n|turn|19\n|\n|t:|1781824951\n|move|p2a: Starmie|Thunder Wave|p1a: Snorlax\n|-status|p1a: Snorlax|par\n|cant|p1a: Snorlax|par\n|\n|upkeep\n|turn|20\n|\n|t:|1781824957\n|move|p2a: Starmie|Psychic|p1a: Snorlax\n|-damage|p1a: Snorlax|72/100 par\n|-unboost|p1a: Snorlax|spa|1\n|-unboost|p1a: Snorlax|spd|1\n|cant|p1a: Snorlax|par\n|\n|upkeep\n|turn|21\n|inactive|Charmflash has 270 seconds left.\n|\n|t:|1781825010\n|move|p2a: Starmie|Recover|p2a: Starmie\n|-heal|p2a: Starmie|100/100\n|move|p1a: Snorlax|Body Slam|p2a: Starmie\n|-damage|p2a: Starmie|66/100\n|-status|p2a: Starmie|par\n|\n|upkeep\n|turn|22\n|\n|t:|1781825018\n|move|p2a: Starmie|Psychic|p1a: Snorlax\n|-crit|p1a: Snorlax\n|-damage|p1a: Snorlax|23/100 par\n|move|p1a: Snorlax|Body Slam|p2a: Starmie\n|-damage|p2a: Starmie|27/100 par\n|\n|upkeep\n|turn|23\n|\n|t:|1781825023\n|move|p2a: Starmie|Recover|p2a: Starmie\n|-heal|p2a: Starmie|77/100 par\n|move|p1a: Snorlax|Hyper Beam|p2a: Starmie\n|-damage|p2a: Starmie|16/100 par\n|-mustrecharge|p1a: Snorlax\n|\n|upkeep\n|turn|24\n|\n|t:|1781825028\n|cant|p2a: Starmie|par\n|cant|p1a: Snorlax|recharge\n|\n|upkeep\n|turn|25\n|\n|t:|1781825036\n|move|p2a: Starmie|Recover|p2a: Starmie\n|-heal|p2a: Starmie|66/100 par\n|move|p1a: Snorlax|Hyper Beam|p2a: Starmie\n|-damage|p2a: Starmie|0 fnt\n|faint|p2a: Starmie\n|inactive|Charmflash has 270 seconds left.\n|\n|t:|1781825048\n|switch|p2a: Exeggutor|Exeggutor|88/100\n|turn|26\n|\n|t:|1781825057\n|move|p2a: Exeggutor|Psychic|p1a: Snorlax\n|-damage|p1a: Snorlax|0 fnt\n|faint|p1a: Snorlax\n|\n|t:|1781825059\n|switch|p1a: Starmie|Starmie|100/100\n|turn|27\n|\n|t:|1781825068\n|switch|p2a: Chansey|Chansey|100/100\n|move|p1a: Starmie|Blizzard|p2a: Chansey\n|-damage|p2a: Chansey|88/100\n|\n|upkeep\n|turn|28\n|\n|t:|1781825076\n|move|p1a: Starmie|Blizzard|p2a: Chansey\n|-damage|p2a: Chansey|76/100\n|-status|p2a: Chansey|frz\n|cant|p2a: Chansey|frz\n|\n|upkeep\n|turn|29\n|\n|t:|1781825085\n|move|p1a: Starmie|Blizzard|p2a: Chansey|[miss]\n|-miss|p1a: Starmie\n|cant|p2a: Chansey|frz\n|\n|upkeep\n|turn|30\n|c|☆AsmiRedx|pobre chansey\n|\n|t:|1781825110\n|switch|p2a: Snorlax|Snorlax|100/100\n|move|p1a: Starmie|Blizzard|p2a: Snorlax\n|-crit|p2a: Snorlax\n|-damage|p2a: Snorlax|55/100\n|\n|upkeep\n|turn|31\n|inactive|Charmflash has 270 seconds left.\n|\n|t:|1781825135\n|switch|p1a: Rhydon|Rhydon|100/100\n|move|p2a: Snorlax|Body Slam|p1a: Rhydon\n|-crit|p1a: Rhydon\n|-resisted|p1a: Rhydon\n|-damage|p1a: Rhydon|77/100\n|\n|upkeep\n|turn|32\n|inactive|Charmflash has 270 seconds left.\n|c|+Elian|al chile\n|\n|t:|1781825159\n|move|p1a: Rhydon|Rock Slide|p2a: Snorlax|[miss]\n|-miss|p1a: Rhydon\n|move|p2a: Snorlax|Ice Beam|p1a: Rhydon\n|-supereffective|p1a: Rhydon\n|-damage|p1a: Rhydon|37/100\n|\n|upkeep\n|turn|33\n|c|+Elian|que bueno\n|\n|t:|1781825164\n|switch|p2a: Exeggutor|Exeggutor|88/100\n|move|p1a: Rhydon|Rock Slide|p2a: Exeggutor\n|-damage|p2a: Exeggutor|60/100\n|\n|upkeep\n|turn|34\n|inactive|Charmflash has 270 seconds left.\n|\n|t:|1781825175\n|move|p2a: Exeggutor|Sleep Powder|p1a: Rhydon\n|-status|p1a: Rhydon|slp|[from] move: Sleep Powder\n|-curestatus|p1a: Rhydon|slp|[msg]\n|\n|upkeep\n|turn|35\n|c|☆AsmiRedx|no we\n|\n|t:|1781825189\n|move|p2a: Exeggutor|Sleep Powder|p1a: Rhydon\n|-status|p1a: Rhydon|slp|[from] move: Sleep Powder\n|cant|p1a: Rhydon|slp\n|\n|upkeep\n|turn|36\n|\n|t:|1781825197\n|switch|p1a: Starmie|Starmie|100/100\n|move|p2a: Exeggutor|Stun Spore|p1a: Starmie|[miss]\n|-miss|p2a: Exeggutor\n|\n|upkeep\n|turn|37\n|\n|t:|1781825215\n|switch|p2a: Chansey|Chansey|76/100 frz\n|move|p1a: Starmie|Blizzard|p2a: Chansey\n|-damage|p2a: Chansey|63/100 frz\n|\n|upkeep\n|turn|38\n|inactive|Charmflash has 270 seconds left.\n|\n|t:|1781825231\n|switch|p2a: Jolteon|Jolteon|64/100 par\n|move|p1a: Starmie|Surf|p2a: Jolteon\n|-damage|p2a: Jolteon|34/100 par\n|\n|upkeep\n|turn|39\n|\n|t:|1781825243\n|switch|p1a: Rhydon|Rhydon|37/100 slp\n|move|p2a: Jolteon|Rest|p2a: Jolteon\n|-status|p2a: Jolteon|slp|[from] move: Rest\n|-heal|p2a: Jolteon|100/100 slp|[silent]\n|\n|upkeep\n|turn|40\n|\n|t:|1781825247\n|switch|p1a: Tauros|Tauros|46/100\n|cant|p2a: Jolteon|slp\n|\n|upkeep\n|turn|41\n|\n|t:|1781825253\n|switch|p2a: Chansey|Chansey|63/100 frz\n|move|p1a: Tauros|Body Slam|p2a: Chansey\n|-damage|p2a: Chansey|26/100 frz\n|\n|upkeep\n|turn|42\n|\n|t:|1781825257\n|move|p1a: Tauros|Body Slam|p2a: Chansey\n|-damage|p2a: Chansey|0 fnt\n|faint|p2a: Chansey\n|\n|t:|1781825274\n|switch|p2a: Exeggutor|Exeggutor|60/100\n|turn|43\n|\n|t:|1781825278\n|move|p1a: Tauros|Blizzard|p2a: Exeggutor\n|-supereffective|p2a: Exeggutor\n|-damage|p2a: Exeggutor|25/100\n|move|p2a: Exeggutor|Stun Spore|p1a: Tauros|[miss]\n|-miss|p2a: Exeggutor\n|\n|upkeep\n|turn|44\n|\n|t:|1781825288\n|move|p1a: Tauros|Body Slam|p2a: Exeggutor\n|-damage|p2a: Exeggutor|0 fnt\n|faint|p2a: Exeggutor\n|\n|t:|1781825291\n|switch|p2a: Snorlax|Snorlax|55/100\n|turn|45\n|\n|t:|1781825305\n|move|p1a: Tauros|Hyper Beam|p2a: Snorlax\n|-damage|p2a: Snorlax|9/100\n|-mustrecharge|p1a: Tauros\n|move|p2a: Snorlax|Body Slam|p1a: Tauros\n|-damage|p1a: Tauros|13/100\n|\n|upkeep\n|turn|46\n|\n|t:|1781825312\n|cant|p1a: Tauros|recharge\n|move|p2a: Snorlax|Body Slam|p1a: Tauros\n|-damage|p1a: Tauros|0 fnt\n|faint|p1a: Tauros\n|\n|t:|1781825315\n|switch|p1a: Starmie|Starmie|100/100\n|turn|47\n|\n|t:|1781825320\n|move|p1a: Starmie|Surf|p2a: Snorlax\n|-damage|p2a: Snorlax|0 fnt\n|faint|p2a: Snorlax\n|\n|t:|1781825321\n|switch|p2a: Jolteon|Jolteon|100/100 slp\n|turn|48\n|\n|t:|1781825329\n|-curestatus|p2a: Jolteon|slp|[msg]\n|move|p1a: Starmie|Thunder Wave|p2a: Jolteon\n|-status|p2a: Jolteon|par\n|\n|upkeep\n|turn|49\n|\n|t:|1781825342\n|switch|p1a: Rhydon|Rhydon|37/100 slp\n|cant|p2a: Jolteon|par\n|\n|upkeep\n|turn|50\n|\n|t:|1781825351\n|switch|p2a: Tauros|Tauros|16/100\n|cant|p1a: Rhydon|slp\n|\n|upkeep\n|turn|51\n|\n|t:|1781825355\n|switch|p1a: Starmie|Starmie|100/100\n|move|p2a: Tauros|Body Slam|p1a: Starmie\n|-damage|p1a: Starmie|66/100\n|\n|upkeep\n|turn|52\n|\n|t:|1781825360\n|switch|p2a: Jolteon|Jolteon|100/100 par\n|move|p1a: Starmie|Surf|p2a: Jolteon\n|-crit|p2a: Jolteon\n|-damage|p2a: Jolteon|38/100 par\n|\n|upkeep\n|turn|53\n|\n|t:|1781825380\n|switch|p1a: Rhydon|Rhydon|37/100 slp\n|cant|p2a: Jolteon|par\n|\n|upkeep\n|turn|54\n|\n|t:|1781825392\n|switch|p2a: Tauros|Tauros|16/100\n|cant|p1a: Rhydon|slp\n|\n|upkeep\n|turn|55\n|\n|t:|1781825397\n|move|p2a: Tauros|Body Slam|p1a: Rhydon\n|-resisted|p1a: Rhydon\n|-damage|p1a: Rhydon|26/100 slp\n|cant|p1a: Rhydon|slp\n|\n|upkeep\n|turn|56\n|\n|t:|1781825403\n|move|p2a: Tauros|Body Slam|p1a: Rhydon\n|-resisted|p1a: Rhydon\n|-damage|p1a: Rhydon|16/100 slp\n|-curestatus|p1a: Rhydon|slp|[msg]\n|\n|upkeep\n|turn|57\n|\n|t:|1781825418\n|switch|p2a: Jolteon|Jolteon|38/100 par\n|move|p1a: Rhydon|Earthquake|p2a: Jolteon\n|-supereffective|p2a: Jolteon\n|-damage|p2a: Jolteon|0 fnt\n|faint|p2a: Jolteon\n|c|☆Charmflash|idgi\n|\n|t:|1781825432\n|switch|p2a: Tauros|Tauros|16/100\n|turn|58\n|\n|t:|1781825436\n|move|p2a: Tauros|Earthquake|p1a: Rhydon\n|-supereffective|p1a: Rhydon\n|-damage|p1a: Rhydon|0 fnt\n|faint|p1a: Rhydon\n|\n|t:|1781825439\n|switch|p1a: Starmie|Starmie|66/100\n|turn|59\n|\n|t:|1781825441\n|move|p1a: Starmie|Surf|p2a: Tauros\n|-crit|p2a: Tauros\n|-damage|p2a: Tauros|0 fnt\n|faint|p2a: Tauros\n|\n|win|AsmiRedx\n|player|p2|\n|c|☆AsmiRedx|gg\n|c|☆AsmiRedx|/log AsmiRedx made the replay of this battle unlisted.\n|player|p2|Charmflash|#splxviiraiders|\n","uploadtime":1781825441,"views":"42","formatid":"gen1ou","rating":null,"private":2,"password":null}