{"id":"smogtours-gen1ou-958795","format":"[Gen 1] OU","players":["Amaranth","shiloh"],"log":"|inactive|Battle timer is ON: inactive players will automatically lose when time's up.\n|t:|1784996680\n|gametype|singles\n|player|p1|Amaranth|#amaranth|\n|player|p2|shiloh|#wcop2019uswest|\n|gen|1\n|tier|[Gen 1] OU\n|rule|Desync Clause Mod: Desyncs resolve to link battle behavior from the acting player's perspective.\n|rule|HP Percentage Mod: HP is shown in percentages\n|rule|Endless Battle Clause: Forcing endless battles is banned\n|rule|Sleep Clause Mod: Limit one foe put to sleep\n|rule|Freeze Clause Mod: Limit one foe frozen\n|rule|Species Clause: Limit one of each Pokémon\n|rule|OHKO Clause: OHKO moves are banned\n|rule|Evasion Moves Clause: Evasion moves are banned\n|\n|t:|1784996680\n|teamsize|p1|6\n|teamsize|p2|6\n|start\n|switch|p1a: Tauros|Tauros|100/100\n|switch|p2a: Alakazam|Alakazam|100/100\n|turn|1\n|inactive|shiloh also wants the timer to be on.\n|c|☆Amaranth|glhf\n|\n|t:|1784996706\n|switch|p2a: Snorlax|Snorlax|100/100\n|switch|p1a: Chansey|Chansey|100/100\n|\n|upkeep\n|turn|2\n|\n|t:|1784996710\n|move|p1a: Chansey|Sing|p2a: Snorlax\n|-status|p2a: Snorlax|slp|[from] move: Sing\n|cant|p2a: Snorlax|slp\n|\n|upkeep\n|turn|3\n|\n|t:|1784996715\n|move|p1a: Chansey|Ice Beam|p2a: Snorlax\n|-damage|p2a: Snorlax|80/100 slp\n|cant|p2a: Snorlax|slp\n|\n|upkeep\n|turn|4\n|\n|t:|1784996717\n|move|p1a: Chansey|Ice Beam|p2a: Snorlax\n|-damage|p2a: Snorlax|60/100 slp\n|cant|p2a: Snorlax|slp\n|\n|upkeep\n|turn|5\n|\n|t:|1784996719\n|switch|p2a: Jynx|Jynx|100/100\n|move|p1a: Chansey|Ice Beam|p2a: Jynx\n|-resisted|p2a: Jynx\n|-damage|p2a: Jynx|89/100\n|\n|upkeep\n|turn|6\n|\n|t:|1784996728\n|switch|p1a: Exeggutor|Exeggutor|100/100\n|move|p2a: Jynx|Lovely Kiss|p1a: Exeggutor\n|-status|p1a: Exeggutor|slp|[from] move: Lovely Kiss\n|\n|upkeep\n|turn|7\n|\n|t:|1784996734\n|switch|p1a: Starmie|Starmie|100/100\n|move|p2a: Jynx|Ice Beam|p1a: Starmie\n|-resisted|p1a: Starmie\n|-damage|p1a: Starmie|84/100\n|\n|upkeep\n|turn|8\n|\n|t:|1784996744\n|switch|p2a: Alakazam|Alakazam|100/100\n|move|p1a: Starmie|Thunder Wave|p2a: Alakazam\n|-status|p2a: Alakazam|par\n|\n|upkeep\n|turn|9\n|\n|t:|1784996763\n|move|p1a: Starmie|Surf|p2a: Alakazam\n|-damage|p2a: Alakazam|70/100 par\n|cant|p2a: Alakazam|par\n|\n|upkeep\n|turn|10\n|\n|t:|1784996773\n|switch|p1a: Rhydon|Rhydon|100/100\n|cant|p2a: Alakazam|par\n|\n|upkeep\n|turn|11\n|\n|t:|1784996783\n|switch|p2a: Starmie|Starmie|100/100\n|move|p1a: Rhydon|Body Slam|p2a: Starmie\n|-damage|p2a: Starmie|75/100\n|\n|upkeep\n|turn|12\n|\n|t:|1784996791\n|switch|p1a: Chansey|Chansey|100/100\n|move|p2a: Starmie|Thunder Wave|p1a: Chansey\n|-status|p1a: Chansey|par\n|\n|upkeep\n|turn|13\n|\n|t:|1784996797\n|switch|p2a: Alakazam|Alakazam|70/100 par\n|move|p1a: Chansey|Ice Beam|p2a: Alakazam\n|-damage|p2a: Alakazam|52/100 par\n|\n|upkeep\n|turn|14\n|\n|t:|1784996806\n|switch|p1a: Rhydon|Rhydon|100/100\n|move|p2a: Alakazam|Recover|p2a: Alakazam\n|-heal|p2a: Alakazam|100/100 par\n|\n|upkeep\n|turn|15\n|\n|t:|1784996811\n|switch|p2a: Starmie|Starmie|75/100\n|move|p1a: Rhydon|Earthquake|p2a: Starmie\n|-damage|p2a: Starmie|30/100\n|\n|upkeep\n|turn|16\n|\n|t:|1784996827\n|switch|p1a: Chansey|Chansey|100/100 par\n|move|p2a: Starmie|Recover|p2a: Starmie\n|-heal|p2a: Starmie|80/100\n|\n|upkeep\n|turn|17\n|\n|t:|1784996831\n|switch|p2a: Snorlax|Snorlax|60/100 slp\n|switch|p1a: Rhydon|Rhydon|100/100\n|\n|upkeep\n|turn|18\n|\n|t:|1784996837\n|switch|p2a: Starmie|Starmie|80/100\n|move|p1a: Rhydon|Body Slam|p2a: Starmie\n|-damage|p2a: Starmie|52/100\n|\n|upkeep\n|turn|19\n|\n|t:|1784996841\n|move|p2a: Starmie|Recover|p2a: Starmie\n|-heal|p2a: Starmie|100/100\n|move|p1a: Rhydon|Body Slam|p2a: Starmie\n|-damage|p2a: Starmie|73/100\n|\n|upkeep\n|turn|20\n|\n|t:|1784996843\n|switch|p1a: Chansey|Chansey|100/100 par\n|move|p2a: Starmie|Recover|p2a: Starmie\n|-heal|p2a: Starmie|100/100\n|\n|upkeep\n|turn|21\n|\n|t:|1784996846\n|switch|p2a: Snorlax|Snorlax|60/100 slp\n|move|p1a: Chansey|Ice Beam|p2a: Snorlax\n|-damage|p2a: Snorlax|40/100 slp\n|\n|upkeep\n|turn|22\n|\n|t:|1784996849\n|switch|p1a: Tauros|Tauros|100/100\n|cant|p2a: Snorlax|slp\n|\n|upkeep\n|turn|23\n|\n|t:|1784996853\n|switch|p2a: Starmie|Starmie|100/100\n|move|p1a: Tauros|Body Slam|p2a: Starmie\n|-damage|p2a: Starmie|67/100\n|\n|upkeep\n|turn|24\n|\n|t:|1784996858\n|switch|p1a: Chansey|Chansey|100/100 par\n|move|p2a: Starmie|Thunder Wave|p1a: Chansey\n|-fail|p1a: Chansey|par\n|\n|upkeep\n|turn|25\n|\n|t:|1784996859\n|move|p2a: Starmie|Surf|p1a: Chansey\n|-damage|p1a: Chansey|85/100 par\n|move|p1a: Chansey|Ice Beam|p2a: Starmie\n|-resisted|p2a: Starmie\n|-damage|p2a: Starmie|55/100\n|\n|upkeep\n|turn|26\n|\n|t:|1784996863\n|move|p2a: Starmie|Recover|p2a: Starmie\n|-heal|p2a: Starmie|100/100\n|move|p1a: Chansey|Thunder Wave|p2a: Starmie\n|-status|p2a: Starmie|par\n|\n|upkeep\n|turn|27\n|\n|t:|1784996870\n|switch|p2a: Snorlax|Snorlax|40/100 slp\n|move|p1a: Chansey|Soft-Boiled|p1a: Chansey\n|-heal|p1a: Chansey|100/100 par\n|\n|upkeep\n|turn|28\n|\n|t:|1784996872\n|switch|p1a: Tauros|Tauros|100/100\n|cant|p2a: Snorlax|slp\n|\n|upkeep\n|turn|29\n|\n|t:|1784996876\n|switch|p2a: Starmie|Starmie|100/100 par\n|move|p1a: Tauros|Body Slam|p2a: Starmie\n|-damage|p2a: Starmie|68/100 par\n|\n|upkeep\n|turn|30\n|\n|t:|1784996881\n|move|p1a: Tauros|Body Slam|p2a: Starmie\n|-damage|p2a: Starmie|33/100 par\n|move|p2a: Starmie|Recover|p2a: Starmie\n|-heal|p2a: Starmie|83/100 par\n|\n|upkeep\n|turn|31\n|\n|t:|1784996903\n|move|p1a: Tauros|Body Slam|p2a: Starmie\n|-crit|p2a: Starmie\n|-damage|p2a: Starmie|17/100 par\n|move|p2a: Starmie|Thunder Wave|p1a: Tauros\n|-status|p1a: Tauros|par\n|\n|upkeep\n|turn|32\n|\n|t:|1784996907\n|move|p2a: Starmie|Recover|p2a: Starmie\n|-heal|p2a: Starmie|67/100 par\n|move|p1a: Tauros|Body Slam|p2a: Starmie\n|-damage|p2a: Starmie|32/100 par\n|\n|upkeep\n|turn|33\n|\n|t:|1784996910\n|cant|p2a: Starmie|par\n|move|p1a: Tauros|Body Slam|p2a: Starmie\n|-crit|p2a: Starmie\n|-damage|p2a: Starmie|0 fnt\n|faint|p2a: Starmie\n|\n|t:|1784996913\n|switch|p2a: STORMBLESSED|Tauros|100/100\n|turn|34\n|\n|t:|1784996919\n|move|p2a: STORMBLESSED|Body Slam|p1a: Tauros\n|-damage|p1a: Tauros|72/100 par\n|move|p1a: Tauros|Body Slam|p2a: STORMBLESSED\n|-damage|p2a: STORMBLESSED|73/100\n|\n|upkeep\n|turn|35\n|\n|t:|1784996935\n|move|p2a: STORMBLESSED|Body Slam|p1a: Tauros\n|-crit|p1a: Tauros\n|-damage|p1a: Tauros|18/100 par\n|move|p1a: Tauros|Hyper Beam|p2a: STORMBLESSED\n|-damage|p2a: STORMBLESSED|25/100\n|-mustrecharge|p1a: Tauros\n|\n|upkeep\n|turn|36\n|\n|t:|1784996939\n|move|p2a: STORMBLESSED|Body Slam|p1a: Tauros\n|-crit|p1a: Tauros\n|-damage|p1a: Tauros|0 fnt\n|faint|p1a: Tauros\n|\n|t:|1784996941\n|switch|p1a: Starmie|Starmie|84/100\n|turn|37\n|\n|t:|1784996945\n|switch|p2a: Alakazam|Alakazam|100/100 par\n|move|p1a: Starmie|Surf|p2a: Alakazam\n|-damage|p2a: Alakazam|71/100 par\n|\n|upkeep\n|turn|38\n|\n|t:|1784996951\n|switch|p1a: Rhydon|Rhydon|100/100\n|move|p2a: Alakazam|Recover|p2a: Alakazam\n|-heal|p2a: Alakazam|100/100 par\n|\n|upkeep\n|turn|39\n|\n|t:|1784996958\n|move|p1a: Rhydon|Earthquake|p2a: Alakazam\n|-damage|p2a: Alakazam|33/100 par\n|move|p2a: Alakazam|Psychic|p1a: Rhydon\n|-crit|p1a: Rhydon\n|-damage|p1a: Rhydon|6/100\n|\n|upkeep\n|turn|40\n|\n|t:|1784996963\n|switch|p2a: Snorlax|Snorlax|40/100 slp\n|move|p1a: Rhydon|Earthquake|p2a: Snorlax\n|-damage|p2a: Snorlax|4/100 slp\n|\n|upkeep\n|turn|41\n|\n|t:|1784996970\n|move|p1a: Rhydon|Earthquake|p2a: Snorlax\n|-damage|p2a: Snorlax|0 fnt\n|faint|p2a: Snorlax\n|\n|t:|1784996972\n|switch|p2a: Jynx|Jynx|89/100\n|turn|42\n|\n|t:|1784997001\n|switch|p1a: Starmie|Starmie|84/100\n|move|p2a: Jynx|Ice Beam|p1a: Starmie\n|-resisted|p1a: Starmie\n|-damage|p1a: Starmie|67/100\n|\n|upkeep\n|turn|43\n|\n|t:|1784997005\n|move|p1a: Starmie|Surf|p2a: Jynx\n|-damage|p2a: Jynx|54/100\n|move|p2a: Jynx|Ice Beam|p1a: Starmie\n|-resisted|p1a: Starmie\n|-damage|p1a: Starmie|50/100\n|\n|upkeep\n|turn|44\n|\n|t:|1784997008\n|move|p1a: Starmie|Surf|p2a: Jynx\n|-crit|p2a: Jynx\n|-damage|p2a: Jynx|0 fnt\n|faint|p2a: Jynx\n|\n|t:|1784997024\n|switch|p2a: Alakazam|Alakazam|33/100 par\n|turn|45\n|\n|t:|1784997037\n|move|p1a: Starmie|Surf|p2a: Alakazam\n|-damage|p2a: Alakazam|5/100 par\n|move|p2a: Alakazam|Recover|p2a: Alakazam\n|-heal|p2a: Alakazam|54/100 par\n|\n|upkeep\n|turn|46\n|\n|t:|1784997048\n|move|p1a: Starmie|Surf|p2a: Alakazam\n|-crit|p2a: Alakazam\n|-damage|p2a: Alakazam|0 fnt\n|faint|p2a: Alakazam\n|-message|shiloh forfeited.\n|\n|win|Amaranth\n|c|☆shiloh|gg\n|c|☆Amaranth|gg\n|player|p2|\n|player|p1|\n","uploadtime":1784997055,"views":"97","formatid":"gen1ou","rating":null,"private":0,"password":null}