{"id":"smogtours-gen1ou-917812","format":"[Gen 1] OU","players":["Laroxyl","Serpi n_n"],"log":"|inactive|Battle timer is ON: inactive players will automatically lose when time's up.\n|t:|1773611374\n|gametype|singles\n|player|p1|Laroxyl|#splxviitigers2|\n|player|p2|Serpi n_n|#splxviibigs2|\n|gen|1\n|tier|[Gen 1] OU\n|rule|Desync Clause Mod: Desyncs changed to move failure.\n|rule|HP Percentage Mod: HP is shown in percentages\n|rule|Endless Battle Clause: Forcing endless battles is banned\n|rule|Sleep Clause Mod: Limit one foe put to sleep\n|rule|Freeze Clause Mod: Limit one foe frozen\n|rule|Species Clause: Limit one of each Pokémon\n|rule|OHKO Clause: OHKO moves are banned\n|rule|Evasion Moves Clause: Evasion moves are banned\n|\n|t:|1773611374\n|teamsize|p1|6\n|teamsize|p2|6\n|start\n|switch|p1a: Alakazam|Alakazam|100/100\n|switch|p2a: Jynx|Jynx|100/100\n|turn|1\n|c|☆Serpi n_n|hf\n|rated|Smogon Premier League\n|\n|t:|1773611404\n|switch|p1a: Gengar|Gengar|100/100\n|move|p2a: Jynx|Lovely Kiss|p1a: Gengar\n|-status|p1a: Gengar|slp|[from] move: Lovely Kiss\n|\n|upkeep\n|turn|2\n|c|☆Laroxyl|hf\n|inactive|Laroxyl has 270 seconds left.\n|\n|t:|1773611435\n|switch|p1a: Chansey|Chansey|100/100\n|move|p2a: Jynx|Blizzard|p1a: Chansey\n|-damage|p1a: Chansey|82/100\n|\n|upkeep\n|turn|3\n|inactive|Laroxyl has 270 seconds left.\n|\n|t:|1773611460\n|move|p2a: Jynx|Blizzard|p1a: Chansey\n|-damage|p1a: Chansey|64/100\n|move|p1a: Chansey|Thunder Wave|p2a: Jynx\n|-status|p2a: Jynx|par\n|\n|upkeep\n|turn|4\n|\n|t:|1773611470\n|move|p1a: Chansey|Thunderbolt|p2a: Jynx\n|-damage|p2a: Jynx|78/100 par\n|cant|p2a: Jynx|par\n|\n|upkeep\n|turn|5\n|\n|t:|1773611473\n|move|p1a: Chansey|Thunderbolt|p2a: Jynx\n|-damage|p2a: Jynx|53/100 par\n|move|p2a: Jynx|Blizzard|p1a: Chansey\n|-damage|p1a: Chansey|44/100\n|\n|upkeep\n|turn|6\n|\n|t:|1773611476\n|move|p1a: Chansey|Soft-Boiled|p1a: Chansey\n|-heal|p1a: Chansey|94/100\n|cant|p2a: Jynx|par\n|\n|upkeep\n|turn|7\n|\n|t:|1773611482\n|move|p1a: Chansey|Thunderbolt|p2a: Jynx\n|-damage|p2a: Jynx|30/100 par\n|move|p2a: Jynx|Rest|p2a: Jynx\n|-status|p2a: Jynx|slp|[from] move: Rest\n|-heal|p2a: Jynx|100/100 slp|[silent]\n|\n|upkeep\n|turn|8\n|inactive|Laroxyl has 270 seconds left.\n|inactive|Serpi n_n has 270 seconds left.\n|inactive|Laroxyl has 240 seconds left.\n|\n|t:|1773611576\n|switch|p1a: Tauros|Tauros|100/100\n|cant|p2a: Jynx|slp\n|\n|upkeep\n|turn|9\n|inactive|Serpi n_n has 270 seconds left.\n|\n|t:|1773611589\n|switch|p2a: Snorlax|Snorlax|100/100\n|move|p1a: Tauros|Body Slam|p2a: Snorlax\n|-damage|p2a: Snorlax|76/100\n|\n|upkeep\n|turn|10\n|inactive|Serpi n_n has 270 seconds left.\n|\n|t:|1773611599\n|switch|p1a: Gengar|Gengar|100/100 slp\n|move|p2a: Snorlax|Body Slam|p1a: Gengar\n|-immune|p1a: Gengar\n|\n|upkeep\n|turn|11\n|inactive|Serpi n_n has 270 seconds left.\n|\n|t:|1773611611\n|switch|p2a: Tauros|Tauros|100/100\n|cant|p1a: Gengar|slp\n|\n|upkeep\n|turn|12\n|inactive|Laroxyl has 210 seconds left.\n|\n|t:|1773611632\n|switch|p1a: Snorlax|Snorlax|100/100\n|move|p2a: Tauros|Body Slam|p1a: Snorlax\n|-damage|p1a: Snorlax|75/100\n|\n|upkeep\n|turn|13\n|\n|t:|1773611640\n|move|p2a: Tauros|Body Slam|p1a: Snorlax\n|-damage|p1a: Snorlax|49/100\n|move|p1a: Snorlax|Body Slam|p2a: Tauros\n|-damage|p2a: Tauros|71/100\n|\n|upkeep\n|turn|14\n|inactive|Laroxyl has 210 seconds left.\n|inactive|Serpi n_n has 270 seconds left.\n|\n|t:|1773611687\n|switch|p2a: Cloyster|Cloyster|100/100\n|move|p1a: Snorlax|Body Slam|p2a: Cloyster\n|-damage|p2a: Cloyster|76/100\n|-status|p2a: Cloyster|par\n|\n|upkeep\n|turn|15\n|\n|t:|1773611711\n|switch|p1a: Chansey|Chansey|94/100\n|move|p2a: Cloyster|Blizzard|p1a: Chansey\n|-damage|p1a: Chansey|76/100\n|\n|upkeep\n|turn|16\n|inactive|Laroxyl has 180 seconds left.\n|\n|t:|1773611731\n|switch|p2a: Chansey|Chansey|100/100\n|move|p1a: Chansey|Thunderbolt|p2a: Chansey\n|-damage|p2a: Chansey|91/100\n|\n|upkeep\n|turn|17\n|inactive|Laroxyl has 180 seconds left.\n|\n|t:|1773611764\n|move|p2a: Chansey|Thunder Wave|p1a: Chansey\n|-status|p1a: Chansey|par\n|cant|p1a: Chansey|par\n|\n|upkeep\n|turn|18\n|\n|t:|1773611778\n|switch|p2a: Jynx|Jynx|100/100 slp\n|switch|p1a: Exeggutor|Exeggutor|100/100\n|\n|upkeep\n|turn|19\n|\n|t:|1773611795\n|-curestatus|p2a: Jynx|slp|[msg]\n|move|p1a: Exeggutor|Sleep Powder|p2a: Jynx\n|-status|p2a: Jynx|slp|[from] move: Sleep Powder\n|\n|upkeep\n|turn|20\n|inactive|Laroxyl has 150 seconds left.\n|\n|t:|1773611825\n|switch|p2a: Chansey|Chansey|91/100\n|move|p1a: Exeggutor|Psychic|p2a: Chansey\n|-damage|p2a: Chansey|75/100\n|\n|upkeep\n|turn|21\n|inactive|Laroxyl has 150 seconds left.\n|inactive|Serpi n_n has 240 seconds left.\n|\n|t:|1773611842\n|switch|p1a: Chansey|Chansey|76/100 par\n|move|p2a: Chansey|Thunder Wave|p1a: Chansey\n|-fail|p1a: Chansey|par\n|\n|upkeep\n|turn|22\n|inactive|Laroxyl has 150 seconds left.\n|inactive|Serpi n_n has 240 seconds left.\n|\n|t:|1773611859\n|switch|p2a: Jynx|Jynx|100/100 slp\n|move|p1a: Chansey|Thunder Wave|p2a: Jynx\n|-fail|p2a: Jynx\n|\n|upkeep\n|turn|23\n|inactive|Laroxyl has 150 seconds left.\n|inactive|Serpi n_n has 240 seconds left.\n|\n|t:|1773611868\n|cant|p2a: Jynx|slp\n|move|p1a: Chansey|Thunder Wave|p2a: Jynx\n|-fail|p2a: Jynx\n|\n|upkeep\n|turn|24\n|inactive|Laroxyl has 150 seconds left.\n|\n|t:|1773611880\n|cant|p2a: Jynx|slp\n|cant|p1a: Chansey|par\n|\n|upkeep\n|turn|25\n|inactive|Laroxyl has 150 seconds left.\n|\n|t:|1773611896\n|switch|p2a: Snorlax|Snorlax|76/100\n|move|p1a: Chansey|Thunder Wave|p2a: Snorlax\n|-status|p2a: Snorlax|par\n|\n|upkeep\n|turn|26\n|inactive|Laroxyl has 150 seconds left.\n|\n|t:|1773611924\n|switch|p1a: Snorlax|Snorlax|49/100\n|switch|p2a: Tauros|Tauros|71/100\n|\n|upkeep\n|turn|27\n|\n|t:|1773611940\n|move|p2a: Tauros|Body Slam|p1a: Snorlax\n|-damage|p1a: Snorlax|26/100\n|move|p1a: Snorlax|Body Slam|p2a: Tauros\n|-crit|p2a: Tauros\n|-damage|p2a: Tauros|12/100\n|\n|upkeep\n|turn|28\n|inactive|Laroxyl has 120 seconds left.\n|inactive|Laroxyl has 90 seconds left.\n|\n|t:|1773612004\n|move|p2a: Tauros|Body Slam|p1a: Snorlax\n|-damage|p1a: Snorlax|1/100\n|move|p1a: Snorlax|Body Slam|p2a: Tauros\n|-damage|p2a: Tauros|0 fnt\n|faint|p2a: Tauros\n|\n|t:|1773612020\n|switch|p2a: Cloyster|Cloyster|76/100 par\n|turn|29\n|\n|t:|1773612039\n|move|p1a: Snorlax|Rest|p1a: Snorlax\n|-status|p1a: Snorlax|slp|[from] move: Rest\n|-heal|p1a: Snorlax|100/100 slp|[silent]\n|move|p2a: Cloyster|Blizzard|p1a: Snorlax\n|-damage|p1a: Snorlax|68/100 slp\n|\n|upkeep\n|turn|30\n|\n|t:|1773612041\n|cant|p1a: Snorlax|slp\n|move|p2a: Cloyster|Blizzard|p1a: Snorlax\n|-damage|p1a: Snorlax|35/100 slp\n|\n|upkeep\n|turn|31\n|inactive|Laroxyl has 90 seconds left.\n|\n|t:|1773612054\n|switch|p1a: Chansey|Chansey|76/100 par\n|move|p2a: Cloyster|Blizzard|p1a: Chansey\n|-damage|p1a: Chansey|60/100 par\n|\n|upkeep\n|turn|32\n|inactive|Laroxyl has 90 seconds left.\n|inactive|Serpi n_n has 270 seconds left.\n|inactive|Serpi n_n has 240 seconds left.\n|\n|t:|1773612103\n|switch|p2a: Jynx|Jynx|100/100 slp\n|cant|p1a: Chansey|par\n|\n|upkeep\n|turn|33\n|\n|t:|1773612113\n|-curestatus|p2a: Jynx|slp|[msg]\n|cant|p1a: Chansey|par\n|\n|upkeep\n|turn|34\n|\n|t:|1773612123\n|switch|p2a: Snorlax|Snorlax|76/100 par\n|move|p1a: Chansey|Soft-Boiled|p1a: Chansey\n|-heal|p1a: Chansey|100/100 par\n|\n|upkeep\n|turn|35\n|\n|t:|1773612135\n|switch|p1a: Gengar|Gengar|100/100 slp\n|switch|p2a: Jynx|Jynx|100/100\n|\n|upkeep\n|turn|36\n|\n|t:|1773612145\n|switch|p1a: Chansey|Chansey|100/100 par\n|move|p2a: Jynx|Psychic|p1a: Chansey\n|-crit|p1a: Chansey\n|-damage|p1a: Chansey|73/100 par\n|\n|upkeep\n|turn|37\n|\n|t:|1773612153\n|switch|p2a: Snorlax|Snorlax|76/100 par\n|move|p1a: Chansey|Soft-Boiled|p1a: Chansey\n|-heal|p1a: Chansey|100/100 par\n|\n|upkeep\n|turn|38\n|\n|t:|1773612168\n|switch|p1a: Gengar|Gengar|100/100 slp\n|switch|p2a: Jynx|Jynx|100/100\n|\n|upkeep\n|turn|39\n|\n|t:|1773612181\n|switch|p1a: Chansey|Chansey|100/100 par\n|move|p2a: Jynx|Psychic|p1a: Chansey\n|-damage|p1a: Chansey|86/100 par\n|\n|upkeep\n|turn|40\n|inactive|Serpi n_n has 270 seconds left.\n|inactive|Serpi n_n has 240 seconds left.\n|\n|t:|1773612242\n|move|p2a: Jynx|Psychic|p1a: Chansey\n|-damage|p1a: Chansey|73/100 par\n|move|p1a: Chansey|Thunderbolt|p2a: Jynx\n|-damage|p2a: Jynx|76/100\n|\n|upkeep\n|turn|41\n|\n|t:|1773612245\n|move|p2a: Jynx|Psychic|p1a: Chansey\n|-damage|p1a: Chansey|59/100 par\n|move|p1a: Chansey|Soft-Boiled|p1a: Chansey\n|-heal|p1a: Chansey|100/100 par\n|\n|upkeep\n|turn|42\n|\n|t:|1773612255\n|switch|p2a: Snorlax|Snorlax|76/100 par\n|move|p1a: Chansey|Thunderbolt|p2a: Snorlax\n|-damage|p2a: Snorlax|57/100 par\n|\n|upkeep\n|turn|43\n|\n|t:|1773612268\n|switch|p1a: Gengar|Gengar|100/100 slp\n|switch|p2a: Jynx|Jynx|76/100\n|\n|upkeep\n|turn|44\n|\n|t:|1773612275\n|switch|p1a: Chansey|Chansey|100/100 par\n|move|p2a: Jynx|Psychic|p1a: Chansey\n|-crit|p1a: Chansey\n|-damage|p1a: Chansey|75/100 par\n|-unboost|p1a: Chansey|spa|1\n|-unboost|p1a: Chansey|spd|1\n|\n|upkeep\n|turn|45\n|\n|t:|1773612281\n|move|p2a: Jynx|Psychic|p1a: Chansey\n|-damage|p1a: Chansey|52/100 par\n|move|p1a: Chansey|Soft-Boiled|p1a: Chansey\n|-heal|p1a: Chansey|100/100 par\n|\n|upkeep\n|turn|46\n|inactive|Laroxyl has 150 seconds left.\n|\n|t:|1773612294\n|switch|p1a: Alakazam|Alakazam|100/100\n|move|p2a: Jynx|Psychic|p1a: Alakazam\n|-resisted|p1a: Alakazam\n|-damage|p1a: Alakazam|88/100\n|\n|upkeep\n|turn|47\n|inactive|Laroxyl has 150 seconds left.\n|inactive|Serpi n_n has 270 seconds left.\n|\n|t:|1773612315\n|switch|p1a: Chansey|Chansey|100/100 par\n|switch|p2a: Cloyster|Cloyster|76/100 par\n|\n|upkeep\n|turn|48\n|inactive|Serpi n_n has 270 seconds left.\n|inactive|Laroxyl has 150 seconds left.\n|\n|t:|1773612333\n|cant|p2a: Cloyster|par\n|move|p1a: Chansey|Thunderbolt|p2a: Cloyster\n|-supereffective|p2a: Cloyster\n|-damage|p2a: Cloyster|18/100 par\n|\n|upkeep\n|turn|49\n|inactive|Laroxyl has 150 seconds left.\n|inactive|Laroxyl has 120 seconds left.\n|inactive|Laroxyl has 90 seconds left.\n|inactive|Laroxyl has 60 seconds left.\n|\n|t:|1773612451\n|switch|p1a: Gengar|Gengar|100/100 slp\n|move|p2a: Cloyster|Rest|p2a: Cloyster\n|-status|p2a: Cloyster|slp|[from] move: Rest\n|-heal|p2a: Cloyster|100/100 slp|[silent]\n|\n|upkeep\n|turn|50\n|\n|t:|1773612466\n|switch|p1a: Exeggutor|Exeggutor|100/100\n|cant|p2a: Cloyster|slp\n|\n|upkeep\n|turn|51\n|inactive|Serpi n_n has 270 seconds left.\n|\n|t:|1773612487\n|move|p1a: Exeggutor|Psychic|p2a: Cloyster\n|-damage|p2a: Cloyster|52/100 slp\n|-unboost|p2a: Cloyster|spa|1\n|-unboost|p2a: Cloyster|spd|1\n|-curestatus|p2a: Cloyster|slp|[msg]\n|\n|upkeep\n|turn|52\n|inactive|Serpi n_n has 270 seconds left.\n|\n|t:|1773612508\n|switch|p2a: Snorlax|Snorlax|57/100 par\n|move|p1a: Exeggutor|Sleep Powder|p2a: Snorlax\n|-fail|p2a: Snorlax\n|\n|upkeep\n|turn|53\n|\n|t:|1773612523\n|switch|p2a: Jynx|Jynx|76/100\n|move|p1a: Exeggutor|Psychic|p2a: Jynx\n|-resisted|p2a: Jynx\n|-damage|p2a: Jynx|56/100\n|\n|upkeep\n|turn|54\n|\n|t:|1773612531\n|switch|p1a: Chansey|Chansey|100/100 par\n|move|p2a: Jynx|Psychic|p1a: Chansey\n|-damage|p1a: Chansey|85/100 par\n|\n|upkeep\n|turn|55\n|\n|t:|1773612558\n|move|p2a: Jynx|Psychic|p1a: Chansey\n|-damage|p1a: Chansey|72/100 par\n|cant|p1a: Chansey|par\n|\n|upkeep\n|turn|56\n|\n|t:|1773612562\n|move|p2a: Jynx|Psychic|p1a: Chansey\n|-crit|p1a: Chansey\n|-damage|p1a: Chansey|43/100 par\n|cant|p1a: Chansey|par\n|\n|upkeep\n|turn|57\n|\n|t:|1773612565\n|move|p2a: Jynx|Psychic|p1a: Chansey\n|-damage|p1a: Chansey|29/100 par\n|move|p1a: Chansey|Soft-Boiled|p1a: Chansey\n|-heal|p1a: Chansey|79/100 par\n|\n|upkeep\n|turn|58\n|inactive|Serpi n_n has 270 seconds left.\n|\n|t:|1773612580\n|switch|p2a: Snorlax|Snorlax|57/100 par\n|move|p1a: Chansey|Soft-Boiled|p1a: Chansey\n|-heal|p1a: Chansey|100/100 par\n|\n|upkeep\n|turn|59\n|inactive|Serpi n_n has 270 seconds left.\n|\n|t:|1773612596\n|switch|p1a: Gengar|Gengar|100/100 slp\n|switch|p2a: Jynx|Jynx|56/100\n|\n|upkeep\n|turn|60\n|\n|t:|1773612603\n|switch|p1a: Chansey|Chansey|100/100 par\n|move|p2a: Jynx|Psychic|p1a: Chansey\n|-damage|p1a: Chansey|87/100 par\n|-unboost|p1a: Chansey|spa|1\n|-unboost|p1a: Chansey|spd|1\n|\n|upkeep\n|turn|61\n|inactive|Serpi n_n has 270 seconds left.\n|\n|t:|1773612612\n|move|p2a: Jynx|Blizzard|p1a: Chansey\n|-crit|p1a: Chansey\n|-damage|p1a: Chansey|49/100 par\n|move|p1a: Chansey|Soft-Boiled|p1a: Chansey\n|-heal|p1a: Chansey|99/100 par\n|\n|upkeep\n|turn|62\n|inactive|Laroxyl has 90 seconds left.\n|\n|t:|1773612621\n|move|p2a: Jynx|Blizzard|p1a: Chansey\n|-crit|p1a: Chansey\n|-damage|p1a: Chansey|61/100 par\n|cant|p1a: Chansey|par\n|\n|upkeep\n|turn|63\n|\n|t:|1773612626\n|move|p2a: Jynx|Psychic|p1a: Chansey\n|-damage|p1a: Chansey|39/100 par\n|move|p1a: Chansey|Soft-Boiled|p1a: Chansey\n|-heal|p1a: Chansey|89/100 par\n|\n|upkeep\n|turn|64\n|\n|t:|1773612640\n|move|p2a: Jynx|Psychic|p1a: Chansey\n|-crit|p1a: Chansey\n|-damage|p1a: Chansey|62/100 par\n|move|p1a: Chansey|Soft-Boiled|p1a: Chansey\n|-heal|p1a: Chansey|100/100 par\n|\n|upkeep\n|turn|65\n|\n|t:|1773612654\n|move|p2a: Jynx|Psychic|p1a: Chansey\n|-damage|p1a: Chansey|79/100 par\n|move|p1a: Chansey|Thunderbolt|p2a: Jynx\n|-crit|p2a: Jynx\n|-damage|p2a: Jynx|10/100\n|\n|upkeep\n|turn|66\n|\n|t:|1773612682\n|move|p2a: Jynx|Rest|p2a: Jynx\n|-status|p2a: Jynx|slp|[from] move: Rest\n|-heal|p2a: Jynx|100/100 slp|[silent]\n|cant|p1a: Chansey|par\n|\n|upkeep\n|turn|67\n|inactive|Serpi n_n has 270 seconds left.\n|inactive|Laroxyl has 90 seconds left.\n|\n|t:|1773612712\n|switch|p2a: Starmie|Starmie|100/100\n|switch|p1a: Tauros|Tauros|100/100\n|\n|upkeep\n|turn|68\n|\n|t:|1773612720\n|switch|p1a: Chansey|Chansey|79/100 par\n|move|p2a: Starmie|Surf|p1a: Chansey\n|-damage|p1a: Chansey|65/100 par\n|\n|upkeep\n|turn|69\n|inactive|Laroxyl has 90 seconds left.\n|inactive|Serpi n_n has 270 seconds left.\n|\n|t:|1773612730\n|switch|p2a: Snorlax|Snorlax|57/100 par\n|move|p1a: Chansey|Soft-Boiled|p1a: Chansey\n|-heal|p1a: Chansey|100/100 par\n|\n|upkeep\n|turn|70\n|inactive|Serpi n_n has 270 seconds left.\n|inactive|Serpi n_n has 240 seconds left.\n|inactive|Serpi n_n has 210 seconds left.\n|inactive|Serpi n_n has 180 seconds left.\n|\n|t:|1773612835\n|switch|p1a: Gengar|Gengar|100/100 slp\n|switch|p2a: Chansey|Chansey|75/100\n|\n|upkeep\n|turn|71\n|\n|t:|1773612842\n|switch|p1a: Chansey|Chansey|100/100 par\n|move|p2a: Chansey|Seismic Toss|p1a: Chansey\n|-damage|p1a: Chansey|86/100 par\n|\n|upkeep\n|turn|72\n|\n|t:|1773612859\n|switch|p2a: Jynx|Jynx|100/100 slp\n|move|p1a: Chansey|Ice Beam|p2a: Jynx\n|-resisted|p2a: Jynx\n|-damage|p2a: Jynx|88/100 slp\n|\n|upkeep\n|turn|73\n|\n|t:|1773612884\n|switch|p1a: Tauros|Tauros|100/100\n|cant|p2a: Jynx|slp\n|\n|upkeep\n|turn|74\n|\n|t:|1773612887\n|switch|p2a: Starmie|Starmie|100/100\n|move|p1a: Tauros|Body Slam|p2a: Starmie\n|-crit|p2a: Starmie\n|-damage|p2a: Starmie|39/100\n|\n|upkeep\n|turn|75\n|\n|t:|1773612905\n|switch|p1a: Chansey|Chansey|86/100 par\n|move|p2a: Starmie|Recover|p2a: Starmie\n|-heal|p2a: Starmie|89/100\n|\n|upkeep\n|turn|76\n|\n|t:|1773612917\n|switch|p2a: Jynx|Jynx|88/100 slp\n|move|p1a: Chansey|Thunderbolt|p2a: Jynx\n|-damage|p2a: Jynx|63/100 slp\n|\n|upkeep\n|turn|77\n|\n|t:|1773612937\n|-curestatus|p2a: Jynx|slp|[msg]\n|move|p1a: Chansey|Thunderbolt|p2a: Jynx\n|-damage|p2a: Jynx|40/100\n|\n|upkeep\n|turn|78\n|\n|t:|1773612948\n|switch|p2a: Chansey|Chansey|75/100\n|move|p1a: Chansey|Thunderbolt|p2a: Chansey\n|-crit|p2a: Chansey\n|-damage|p2a: Chansey|52/100\n|-status|p2a: Chansey|par\n|\n|upkeep\n|turn|79\n|inactive|Laroxyl has 90 seconds left.\n|inactive|Serpi n_n has 180 seconds left.\n|\n|t:|1773613002\n|switch|p1a: Exeggutor|Exeggutor|100/100\n|move|p2a: Chansey|Seismic Toss|p1a: Exeggutor\n|-damage|p1a: Exeggutor|75/100\n|\n|upkeep\n|turn|80\n|inactive|Serpi n_n has 180 seconds left.\n|\n|t:|1773613014\n|move|p1a: Exeggutor|Double-Edge|p2a: Chansey\n|-damage|p2a: Chansey|20/100 par\n|-damage|p1a: Exeggutor|61/100|[from] Recoil|[of] p2a: Chansey\n|move|p2a: Chansey|Soft-Boiled|p2a: Chansey\n|-heal|p2a: Chansey|70/100 par\n|\n|upkeep\n|turn|81\n|inactive|Serpi n_n has 180 seconds left.\n|inactive|Laroxyl has 60 seconds left.\n|inactive|Serpi n_n has 150 seconds left.\n|\n|t:|1773613075\n|switch|p1a: Snorlax|Snorlax|35/100 slp\n|cant|p2a: Chansey|par\n|\n|upkeep\n|turn|82\n|\n|t:|1773613090\n|-curestatus|p1a: Snorlax|slp|[msg]\n|cant|p2a: Chansey|par\n|\n|upkeep\n|turn|83\n|\n|t:|1773613100\n|switch|p2a: Cloyster|Cloyster|52/100\n|move|p1a: Snorlax|Rest|p1a: Snorlax\n|-status|p1a: Snorlax|slp|[from] move: Rest\n|-heal|p1a: Snorlax|100/100 slp|[silent]\n|\n|upkeep\n|turn|84\n|inactive|Laroxyl has 60 seconds left.\n|inactive|Serpi n_n has 120 seconds left.\n|\n|t:|1773613127\n|move|p2a: Cloyster|Blizzard|p1a: Snorlax\n|-damage|p1a: Snorlax|68/100 slp\n|cant|p1a: Snorlax|slp\n|\n|upkeep\n|turn|85\n|inactive|Serpi n_n has 120 seconds left.\n|\n|t:|1773613140\n|switch|p1a: Chansey|Chansey|86/100 par\n|move|p2a: Cloyster|Blizzard|p1a: Chansey\n|-damage|p1a: Chansey|67/100 par\n|\n|upkeep\n|turn|86\n|inactive|Laroxyl has 60 seconds left.\n|inactive|Serpi n_n has 120 seconds left.\n|\n|t:|1773613171\n|switch|p2a: Chansey|Chansey|70/100 par\n|move|p1a: Chansey|Thunderbolt|p2a: Chansey\n|-damage|p2a: Chansey|59/100 par\n|\n|upkeep\n|turn|87\n|\n|t:|1773613178\n|switch|p1a: Snorlax|Snorlax|68/100 slp\n|move|p2a: Chansey|Soft-Boiled|p2a: Chansey\n|-heal|p2a: Chansey|100/100 par\n|\n|upkeep\n|turn|88\n|inactive|Serpi n_n has 90 seconds left.\n|\n|t:|1773613213\n|-curestatus|p1a: Snorlax|slp|[msg]\n|move|p2a: Chansey|Thunder Wave|p1a: Snorlax\n|-status|p1a: Snorlax|par\n|\n|upkeep\n|turn|89\n|\n|t:|1773613225\n|switch|p2a: Cloyster|Cloyster|52/100\n|move|p1a: Snorlax|Rest|p1a: Snorlax\n|-status|p1a: Snorlax|slp|[from] move: Rest\n|-heal|p1a: Snorlax|100/100 slp|[silent]\n|\n|upkeep\n|turn|90\n|\n|t:|1773613247\n|switch|p1a: Chansey|Chansey|67/100 par\n|move|p2a: Cloyster|Explosion|p1a: Chansey\n|-damage|p1a: Chansey|0 fnt\n|faint|p1a: Chansey\n|faint|p2a: Cloyster\n|inactive|Serpi n_n has 90 seconds left.\n|inactive|Laroxyl has 30 seconds left.\n|inactive|Laroxyl has 20 seconds left.\n|inactive|Serpi n_n has 60 seconds left.\n|\n|t:|1773613297\n|switch|p2a: Jynx|Jynx|40/100\n|switch|p1a: Alakazam|Alakazam|88/100\n|turn|91\n|inactive|Laroxyl has 30 seconds left this turn.\n|inactive|Serpi n_n has 60 seconds left.\n|inactive|Laroxyl has 20 seconds left.\n|\n|t:|1773613318\n|switch|p2a: Chansey|Chansey|100/100 par\n|move|p1a: Alakazam|Psychic|p2a: Chansey\n|-damage|p2a: Chansey|83/100 par\n|\n|upkeep\n|turn|92\n|inactive|Laroxyl has 30 seconds left this turn.\n|inactive|Laroxyl has 20 seconds left.\n|inactive|Laroxyl has 15 seconds left.\n|inactive|Serpi n_n has 30 seconds left.\n|inactive|Serpi n_n has 20 seconds left.\n|\n|t:|1773613353\n|switch|p1a: Snorlax|Snorlax|100/100 slp\n|switch|p2a: Starmie|Starmie|89/100\n|\n|upkeep\n|turn|93\n|inactive|Laroxyl has 25 seconds left this turn.\n|inactive|Serpi n_n has 30 seconds left this turn.\n|inactive|Laroxyl has 20 seconds left.\n|inactive|Laroxyl has 15 seconds left.\n|inactive|Serpi n_n has 20 seconds left.\n|inactive|Serpi n_n has 15 seconds left.\n|inactive|Serpi n_n has 10 seconds left.\n|\n|t:|1773613375\n|switch|p1a: Alakazam|Alakazam|88/100\n|move|p2a: Starmie|Surf|p1a: Alakazam\n|-crit|p1a: Alakazam\n|-damage|p1a: Alakazam|34/100\n|\n|upkeep\n|turn|94\n|inactive|Laroxyl has 25 seconds left this turn.\n|inactive|Serpi n_n has 20 seconds left this turn.\n|inactive|Serpi n_n has 15 seconds left.\n|\n|t:|1773613383\n|move|p1a: Alakazam|Recover|p1a: Alakazam\n|-heal|p1a: Alakazam|84/100\n|move|p2a: Starmie|Thunder Wave|p1a: Alakazam\n|-status|p1a: Alakazam|par\n|\n|upkeep\n|turn|95\n|inactive|Serpi n_n has 25 seconds left this turn.\n|inactive|Laroxyl has 30 seconds left.\n|\n|t:|1773613395\n|switch|p2a: Chansey|Chansey|83/100 par\n|move|p1a: Alakazam|Thunder Wave|p2a: Chansey\n|-fail|p2a: Chansey|par\n|\n|upkeep\n|turn|96\n|inactive|Serpi n_n has 30 seconds left.\n|\n|t:|1773613401\n|move|p1a: Alakazam|Recover|p1a: Alakazam\n|-heal|p1a: Alakazam|100/100 par\n|cant|p2a: Chansey|par\n|\n|upkeep\n|turn|97\n|inactive|Serpi n_n has 30 seconds left.\n|\n|t:|1773613418\n|switch|p1a: Snorlax|Snorlax|100/100 slp\n|cant|p2a: Chansey|par\n|\n|upkeep\n|turn|98\n|inactive|Serpi n_n has 30 seconds left.\n|\n|t:|1773613430\n|switch|p2a: Starmie|Starmie|89/100\n|cant|p1a: Snorlax|slp\n|\n|upkeep\n|turn|99\n|inactive|Laroxyl has 60 seconds left.\n|\n|t:|1773613435\n|move|p2a: Starmie|Surf|p1a: Snorlax\n|-damage|p1a: Snorlax|72/100 slp\n|-curestatus|p1a: Snorlax|slp|[msg]\n|\n|upkeep\n|turn|100\n|\n|t:|1773613445\n|move|p2a: Starmie|Surf|p1a: Snorlax\n|-crit|p1a: Snorlax\n|-damage|p1a: Snorlax|17/100\n|move|p1a: Snorlax|Body Slam|p2a: Starmie\n|-damage|p2a: Starmie|55/100\n|\n|upkeep\n|turn|101\n|inactive|Laroxyl has 60 seconds left.\n|\n|t:|1773613461\n|switch|p1a: Exeggutor|Exeggutor|61/100\n|move|p2a: Starmie|Recover|p2a: Starmie\n|-heal|p2a: Starmie|100/100\n|\n|upkeep\n|turn|102\n|inactive|Laroxyl has 60 seconds left.\n|inactive|Serpi n_n has 30 seconds left.\n|\n|t:|1773613490\n|switch|p2a: Chansey|Chansey|83/100 par\n|move|p1a: Exeggutor|Double-Edge|p2a: Chansey\n|-damage|p2a: Chansey|53/100 par\n|-damage|p1a: Exeggutor|48/100|[from] Recoil|[of] p2a: Chansey\n|\n|upkeep\n|turn|103\n|inactive|Serpi n_n has 30 seconds left.\n|inactive|Serpi n_n has 20 seconds left.\n|inactive|Serpi n_n has 15 seconds left.\n|\n|t:|1773613519\n|move|p1a: Exeggutor|Double-Edge|p2a: Chansey\n|-damage|p2a: Chansey|22/100 par\n|-damage|p1a: Exeggutor|34/100|[from] Recoil|[of] p2a: Chansey\n|cant|p2a: Chansey|par\n|\n|upkeep\n|turn|104\n|inactive|Serpi n_n has 25 seconds left this turn.\n|inactive|Serpi n_n has 20 seconds left.\n|inactive|Serpi n_n has 15 seconds left.\n|\n|t:|1773613531\n|switch|p2a: Snorlax|Snorlax|57/100 par\n|move|p1a: Exeggutor|Double-Edge|p2a: Snorlax\n|-damage|p2a: Snorlax|39/100 par\n|-damage|p1a: Exeggutor|28/100|[from] Recoil|[of] p2a: Snorlax\n|\n|upkeep\n|turn|105\n|inactive|Serpi n_n has 25 seconds left this turn.\n|inactive|Serpi n_n has 20 seconds left.\n|inactive|Serpi n_n has 15 seconds left.\n|inactive|Serpi n_n has 10 seconds left.\n|\n|t:|1773613549\n|move|p1a: Exeggutor|Psychic|p2a: Snorlax\n|-damage|p2a: Snorlax|6/100 par\n|cant|p2a: Snorlax|par\n|\n|upkeep\n|turn|106\n|inactive|Serpi n_n has 20 seconds left this turn.\n|inactive|Serpi n_n has 15 seconds left.\n|\n|t:|1773613559\n|move|p1a: Exeggutor|Double-Edge|p2a: Snorlax\n|-crit|p2a: Snorlax\n|-damage|p2a: Snorlax|0 fnt\n|-damage|p1a: Exeggutor|26/100|[from] Recoil|[of] p2a: Snorlax\n|faint|p2a: Snorlax\n|inactive|Serpi n_n has 20 seconds left this turn.\n|\n|t:|1773613562\n|switch|p2a: Jynx|Jynx|40/100\n|turn|107\n|inactive|Serpi n_n has 30 seconds left this turn.\n|inactive|Serpi n_n has 20 seconds left.\n|\n|t:|1773613579\n|switch|p1a: Snorlax|Snorlax|17/100\n|move|p2a: Jynx|Blizzard|p1a: Snorlax|[miss]\n|-miss|p2a: Jynx\n|\n|upkeep\n|turn|108\n|inactive|Serpi n_n has 30 seconds left this turn.\n|\n|t:|1773613590\n|move|p2a: Jynx|Psychic|p1a: Snorlax\n|-damage|p1a: Snorlax|0 fnt\n|faint|p1a: Snorlax\n|\n|t:|1773613594\n|switch|p1a: Tauros|Tauros|100/100\n|turn|109\n|inactive|Serpi n_n has 30 seconds left.\n|\n|t:|1773613605\n|move|p1a: Tauros|Body Slam|p2a: Jynx\n|-damage|p2a: Jynx|0 fnt\n|faint|p2a: Jynx\n|\n|t:|1773613606\n|switch|p2a: Starmie|Starmie|100/100\n|turn|110\n|inactive|Laroxyl has 60 seconds left.\n|inactive|Laroxyl has 30 seconds left.\n|\n|t:|1773613650\n|move|p2a: Starmie|Surf|p1a: Tauros\n|-damage|p1a: Tauros|59/100\n|move|p1a: Tauros|Body Slam|p2a: Starmie\n|-damage|p2a: Starmie|67/100\n|\n|upkeep\n|turn|111\n|inactive|Laroxyl has 30 seconds left.\n|inactive|Laroxyl has 20 seconds left.\n|\n|t:|1773613673\n|switch|p1a: Gengar|Gengar|100/100 slp\n|move|p2a: Starmie|Surf|p1a: Gengar\n|-damage|p1a: Gengar|71/100 slp\n|\n|upkeep\n|turn|112\n|inactive|Laroxyl has 30 seconds left this turn.\n|\n|t:|1773613700\n|move|p2a: Starmie|Recover|p2a: Starmie\n|-heal|p2a: Starmie|100/100\n|cant|p1a: Gengar|slp\n|\n|upkeep\n|turn|113\n|inactive|Serpi n_n has 30 seconds left.\n|inactive|Serpi n_n has 20 seconds left.\n|\n|t:|1773613730\n|move|p2a: Starmie|Surf|p1a: Gengar\n|-damage|p1a: Gengar|42/100 slp\n|-curestatus|p1a: Gengar|slp|[msg]\n|\n|upkeep\n|turn|114\n|inactive|Serpi n_n has 30 seconds left this turn.\n|inactive|Laroxyl has 30 seconds left.\n|inactive|Laroxyl has 20 seconds left.\n|inactive|Laroxyl has 15 seconds left.\n|inactive|Laroxyl has 10 seconds left.\n|\n|t:|1773613765\n|move|p2a: Starmie|Surf|p1a: Gengar\n|-damage|p1a: Gengar|13/100\n|move|p1a: Gengar|Explosion|p2a: Starmie\n|-crit|p2a: Starmie\n|-damage|p2a: Starmie|0 fnt\n|faint|p2a: Starmie\n|faint|p1a: Gengar\n|inactive|Laroxyl has 15 seconds left this turn.\n|inactive|Serpi n_n has 30 seconds left this turn.\n|inactive|Laroxyl has 10 seconds left.\n|\n|t:|1773613770\n|switch|p2a: Chansey|Chansey|22/100 par\n|switch|p1a: Tauros|Tauros|59/100\n|turn|115\n|inactive|Laroxyl has 20 seconds left this turn.\n|c|☆Serpi n_n|ggs\n|\n|t:|1773613774\n|move|p1a: Tauros|Body Slam|p2a: Chansey\n|-damage|p2a: Chansey|0 fnt\n|faint|p2a: Chansey\n|\n|win|Laroxyl\n|c|☆Laroxyl|ggs sorry\n|player|p2|\n|player|p1|\n","uploadtime":1773613775,"views":"835","formatid":"gen1ou","rating":null,"private":0,"password":null}