{"id":"smogtours-gen1ou-971948","format":"[Gen 1] OU","players":["wooooo rby","LNumbers"],"log":"|inactive|Battle timer is ON: inactive players will automatically lose when time's up.\n|t:|1789503497\n|gametype|singles\n|player|p1|wooooo rby|lucas|\n|player|p2|LNumbers|#rbywc2026|\n|gen|1\n|tier|[Gen 1] OU\n|rule|Desync Clause Mod: Desyncs resolve to link battle behavior from the acting player's perspective.\n|rule|HP Percentage Mod: HP is shown in percentages\n|rule|Endless Battle Clause: Forcing endless battles is banned\n|rule|Sleep Clause Mod: Limit one foe put to sleep\n|rule|Freeze Clause Mod: Limit one foe frozen\n|rule|Species Clause: Limit one of each Pokémon\n|rule|OHKO Clause: OHKO moves are banned\n|rule|Evasion Moves Clause: Evasion moves are banned\n|\n|t:|1789503497\n|teamsize|p1|6\n|teamsize|p2|6\n|start\n|switch|p1a: Jynx|Jynx|100/100\n|switch|p2a: Jynx|Jynx|100/100\n|turn|1\n|c|☆LNumbers|hf\n|inactive|wooooo rby has 270 seconds left.\n|c|☆wooooo rby|hf\n|\n|t:|1789503537\n|move|p2a: Jynx|Lovely Kiss|p1a: Jynx\n|-status|p1a: Jynx|slp|[from] move: Lovely Kiss\n|cant|p1a: Jynx|slp\n|\n|upkeep\n|turn|2\n|\n|t:|1789503563\n|switch|p2a: Tauros|Tauros|100/100\n|cant|p1a: Jynx|slp\n|\n|upkeep\n|turn|3\n|inactive|LNumbers has 270 seconds left.\n|\n|t:|1789503579\n|switch|p1a: Snorlax|Snorlax|100/100\n|move|p2a: Tauros|Body Slam|p1a: Snorlax\n|-damage|p1a: Snorlax|77/100\n|\n|upkeep\n|turn|4\n|\n|t:|1789503583\n|switch|p2a: Chansey|Chansey|100/100\n|move|p1a: Snorlax|Body Slam|p2a: Chansey\n|-damage|p2a: Chansey|60/100\n|\n|upkeep\n|turn|5\n|\n|t:|1789503592\n|move|p2a: Chansey|Reflect|p2a: Chansey\n|-start|p2a: Chansey|Reflect\n|move|p1a: Snorlax|Self-Destruct|p2a: Chansey\n|-damage|p2a: Chansey|0 fnt\n|faint|p2a: Chansey\n|faint|p1a: Snorlax\n|inactive|LNumbers has 270 seconds left.\n|\n|t:|1789503625\n|switch|p2a: Exeggutor|Exeggutor|100/100\n|switch|p1a: Starmie|Starmie|100/100\n|turn|6\n|\n|t:|1789503631\n|move|p1a: Starmie|Blizzard|p2a: Exeggutor\n|-supereffective|p2a: Exeggutor\n|-damage|p2a: Exeggutor|57/100\n|move|p2a: Exeggutor|Stun Spore|p1a: Starmie|[miss]\n|-miss|p2a: Exeggutor\n|\n|upkeep\n|turn|7\n|\n|t:|1789503639\n|switch|p2a: Jynx|Jynx|100/100\n|move|p1a: Starmie|Blizzard|p2a: Jynx\n|-resisted|p2a: Jynx\n|-damage|p2a: Jynx|87/100\n|\n|upkeep\n|turn|8\n|\n|t:|1789503643\n|move|p1a: Starmie|Thunder Wave|p2a: Jynx\n|-status|p2a: Jynx|par\n|move|p2a: Jynx|Blizzard|p1a: Starmie\n|-resisted|p1a: Starmie\n|-damage|p1a: Starmie|79/100\n|\n|upkeep\n|turn|9\n|\n|t:|1789503646\n|move|p1a: Starmie|Thunderbolt|p2a: Jynx\n|-damage|p2a: Jynx|64/100 par\n|move|p2a: Jynx|Blizzard|p1a: Starmie|[miss]\n|-miss|p2a: Jynx\n|\n|upkeep\n|turn|10\n|\n|t:|1789503650\n|switch|p2a: Snorlax|Snorlax|100/100\n|move|p1a: Starmie|Thunderbolt|p2a: Snorlax\n|-damage|p2a: Snorlax|83/100\n|\n|upkeep\n|turn|11\n|\n|t:|1789503660\n|move|p1a: Starmie|Thunder Wave|p2a: Snorlax\n|-status|p2a: Snorlax|par\n|cant|p2a: Snorlax|par\n|\n|upkeep\n|turn|12\n|\n|t:|1789503663\n|switch|p1a: Cloyster|Cloyster|100/100\n|move|p2a: Snorlax|Body Slam|p1a: Cloyster\n|-damage|p1a: Cloyster|78/100\n|-status|p1a: Cloyster|par\n|\n|upkeep\n|turn|13\n|\n|t:|1789503679\n|switch|p2a: Jynx|Jynx|64/100 par\n|cant|p1a: Cloyster|par\n|\n|upkeep\n|turn|14\n|\n|t:|1789503683\n|switch|p2a: Snorlax|Snorlax|83/100 par\n|switch|p1a: Starmie|Starmie|79/100\n|\n|upkeep\n|turn|15\n|\n|t:|1789503687\n|switch|p1a: Cloyster|Cloyster|78/100 par\n|move|p2a: Snorlax|Body Slam|p1a: Cloyster\n|-damage|p1a: Cloyster|55/100 par\n|\n|upkeep\n|turn|16\n|\n|t:|1789503690\n|switch|p2a: Lapras|Lapras|100/100\n|move|p1a: Cloyster|Blizzard|p2a: Lapras\n|-resisted|p2a: Lapras\n|-damage|p2a: Lapras|94/100\n|\n|upkeep\n|turn|17\n|\n|t:|1789503705\n|switch|p1a: Alakazam|Alakazam|100/100\n|move|p2a: Lapras|Thunderbolt|p1a: Alakazam\n|-damage|p1a: Alakazam|81/100\n|\n|upkeep\n|turn|18\n|\n|t:|1789503721\n|switch|p2a: Jynx|Jynx|64/100 par\n|move|p1a: Alakazam|Psychic|p2a: Jynx\n|-resisted|p2a: Jynx\n|-damage|p2a: Jynx|43/100 par\n|\n|upkeep\n|turn|19\n|\n|t:|1789503726\n|move|p1a: Alakazam|Psychic|p2a: Jynx\n|-resisted|p2a: Jynx\n|-damage|p2a: Jynx|23/100 par\n|-unboost|p2a: Jynx|spa|1\n|-unboost|p2a: Jynx|spd|1\n|move|p2a: Jynx|Blizzard|p1a: Alakazam\n|-damage|p1a: Alakazam|58/100\n|\n|upkeep\n|turn|20\n|\n|t:|1789503742\n|move|p1a: Alakazam|Recover|p1a: Alakazam\n|-heal|p1a: Alakazam|100/100\n|move|p2a: Jynx|Blizzard|p1a: Alakazam\n|-damage|p1a: Alakazam|79/100\n|\n|upkeep\n|turn|21\n|\n|t:|1789503747\n|move|p1a: Alakazam|Seismic Toss|p2a: Jynx\n|-damage|p2a: Jynx|0 fnt\n|faint|p2a: Jynx\n|\n|t:|1789503750\n|switch|p2a: Snorlax|Snorlax|83/100 par\n|turn|22\n|inactive|LNumbers has 270 seconds left.\n|inactive|LNumbers has 240 seconds left.\n|\n|t:|1789503812\n|switch|p1a: Cloyster|Cloyster|55/100 par\n|switch|p2a: Exeggutor|Exeggutor|57/100\n|\n|upkeep\n|turn|23\n|inactive|LNumbers has 240 seconds left.\n|\n|t:|1789503844\n|move|p2a: Exeggutor|Mega Drain|p1a: Cloyster\n|-crit|p1a: Cloyster\n|-supereffective|p1a: Cloyster\n|-damage|p1a: Cloyster|0 fnt\n|-heal|p2a: Exeggutor|78/100|[from] drain|[of] p1a: Cloyster\n|faint|p1a: Cloyster\n|\n|t:|1789503858\n|switch|p1a: Starmie|Starmie|79/100\n|turn|24\n|\n|t:|1789503868\n|switch|p2a: Lapras|Lapras|94/100\n|move|p1a: Starmie|Blizzard|p2a: Lapras\n|-resisted|p2a: Lapras\n|-damage|p2a: Lapras|89/100\n|\n|upkeep\n|turn|25\n|\n|t:|1789503873\n|switch|p2a: Snorlax|Snorlax|83/100 par\n|move|p1a: Starmie|Thunderbolt|p2a: Snorlax\n|-damage|p2a: Snorlax|66/100 par\n|\n|upkeep\n|turn|26\n|\n|t:|1789503878\n|switch|p1a: Tauros|Tauros|100/100\n|cant|p2a: Snorlax|par\n|\n|upkeep\n|turn|27\n|\n|t:|1789503888\n|move|p1a: Tauros|Body Slam|p2a: Snorlax\n|-damage|p2a: Snorlax|43/100 par\n|move|p2a: Snorlax|Hyper Beam|p1a: Tauros\n|-damage|p1a: Tauros|46/100\n|-mustrecharge|p2a: Snorlax\n|\n|upkeep\n|turn|28\n|\n|t:|1789503904\n|move|p1a: Tauros|Body Slam|p2a: Snorlax\n|-damage|p2a: Snorlax|18/100 par\n|cant|p2a: Snorlax|recharge\n|\n|upkeep\n|turn|29\n|\n|t:|1789503908\n|move|p1a: Tauros|Body Slam|p2a: Snorlax\n|-damage|p2a: Snorlax|0 fnt\n|faint|p2a: Snorlax\n|inactive|LNumbers has 270 seconds left.\n|\n|t:|1789503943\n|switch|p2a: Lapras|Lapras|89/100\n|turn|30\n|\n|t:|1789503971\n|switch|p1a: Starmie|Starmie|79/100\n|move|p2a: Lapras|Blizzard|p1a: Starmie\n|-resisted|p1a: Starmie\n|-damage|p1a: Starmie|58/100\n|\n|upkeep\n|turn|31\n|\n|t:|1789503978\n|move|p1a: Starmie|Thunder Wave|p2a: Lapras\n|-status|p2a: Lapras|par\n|move|p2a: Lapras|Thunderbolt|p1a: Starmie\n|-supereffective|p1a: Starmie\n|-damage|p1a: Starmie|13/100\n|-status|p1a: Starmie|par\n|\n|upkeep\n|turn|32\n|\n|t:|1789503995\n|move|p1a: Starmie|Recover|p1a: Starmie\n|-heal|p1a: Starmie|63/100 par\n|move|p2a: Lapras|Thunderbolt|p1a: Starmie\n|-supereffective|p1a: Starmie\n|-damage|p1a: Starmie|19/100 par\n|\n|upkeep\n|turn|33\n|\n|t:|1789504008\n|move|p1a: Starmie|Recover|p1a: Starmie\n|-heal|p1a: Starmie|69/100 par\n|move|p2a: Lapras|Thunderbolt|p1a: Starmie\n|-supereffective|p1a: Starmie\n|-damage|p1a: Starmie|23/100 par\n|\n|upkeep\n|turn|34\n|\n|t:|1789504013\n|move|p1a: Starmie|Recover|p1a: Starmie\n|-heal|p1a: Starmie|73/100 par\n|move|p2a: Lapras|Thunderbolt|p1a: Starmie\n|-supereffective|p1a: Starmie\n|-damage|p1a: Starmie|26/100 par\n|\n|upkeep\n|turn|35\n|\n|t:|1789504016\n|move|p1a: Starmie|Recover|p1a: Starmie\n|-heal|p1a: Starmie|76/100 par\n|move|p2a: Lapras|Thunderbolt|p1a: Starmie\n|-supereffective|p1a: Starmie\n|-damage|p1a: Starmie|32/100 par\n|\n|upkeep\n|turn|36\n|\n|t:|1789504020\n|move|p1a: Starmie|Recover|p1a: Starmie\n|-heal|p1a: Starmie|82/100 par\n|move|p2a: Lapras|Thunderbolt|p1a: Starmie\n|-crit|p1a: Starmie\n|-supereffective|p1a: Starmie\n|-damage|p1a: Starmie|0 fnt\n|faint|p1a: Starmie\n|\n|t:|1789504027\n|switch|p1a: Alakazam|Alakazam|79/100\n|turn|37\n|inactive|LNumbers has 270 seconds left.\n|\n|t:|1789504075\n|switch|p2a: Exeggutor|Exeggutor|78/100\n|move|p1a: Alakazam|Psychic|p2a: Exeggutor\n|-resisted|p2a: Exeggutor\n|-damage|p2a: Exeggutor|63/100\n|\n|upkeep\n|turn|38\n|inactive|LNumbers has 240 seconds left.\n|\n|t:|1789504125\n|switch|p1a: Jynx|Jynx|100/100 slp\n|move|p2a: Exeggutor|Stun Spore|p1a: Jynx\n|-fail|p1a: Jynx\n|\n|upkeep\n|turn|39\n|inactive|LNumbers has 210 seconds left.\n|inactive|LNumbers has 180 seconds left.\n|\n|t:|1789504184\n|switch|p2a: Tauros|Tauros|100/100\n|cant|p1a: Jynx|slp\n|\n|upkeep\n|turn|40\n|inactive|LNumbers has 180 seconds left.\n|inactive|wooooo rby has 270 seconds left.\n|inactive|LNumbers has 150 seconds left.\n|\n|t:|1789504226\n|switch|p1a: Alakazam|Alakazam|79/100\n|move|p2a: Tauros|Body Slam|p1a: Alakazam\n|-crit|p1a: Alakazam\n|-damage|p1a: Alakazam|0 fnt\n|faint|p1a: Alakazam\n|inactive|wooooo rby has 270 seconds left.\n|\n|t:|1789504232\n|switch|p1a: Tauros|Tauros|46/100\n|turn|41\n|\n|t:|1789504235\n|move|p2a: Tauros|Hyper Beam|p1a: Tauros\n|-damage|p1a: Tauros|0 fnt\n|faint|p1a: Tauros\n|c|☆wooooo rby|gg\n|\n|t:|1789504239\n|switch|p1a: Jynx|Jynx|100/100 slp\n|turn|42\n|\n|t:|1789504240\n|move|p2a: Tauros|Body Slam|p1a: Jynx\n|-damage|p1a: Jynx|47/100 slp\n|cant|p1a: Jynx|slp\n|\n|upkeep\n|turn|43\n|\n|t:|1789504245\n|move|p2a: Tauros|Body Slam|p1a: Jynx\n|-damage|p1a: Jynx|0 fnt\n|faint|p1a: Jynx\n|\n|win|LNumbers\n|c|☆LNumbers|gg\n|c|☆LNumbers|/log LNumbers made the replay of this battle unlisted.\n","uploadtime":1789504245,"views":"99","formatid":"gen1ou","rating":null,"private":2,"password":null}