{"id":"smogtours-gen1ou-958650","format":"[Gen 1] OU","players":["TheStupe","RoboKyII"],"log":"|inactive|Battle timer is ON: inactive players will automatically lose when time's up.\n|t:|1784937770\n|gametype|singles\n|player|p1|TheStupe|psychicf-gen4|\n|player|p2|RoboKyII|#advplvi|\n|gen|1\n|tier|[Gen 1] OU\n|rule|Desync Clause Mod: Desyncs resolve to link battle behavior from the acting player's perspective.\n|rule|HP Percentage Mod: HP is shown in percentages\n|rule|Endless Battle Clause: Forcing endless battles is banned\n|rule|Sleep Clause Mod: Limit one foe put to sleep\n|rule|Freeze Clause Mod: Limit one foe frozen\n|rule|Species Clause: Limit one of each Pokémon\n|rule|OHKO Clause: OHKO moves are banned\n|rule|Evasion Moves Clause: Evasion moves are banned\n|\n|t:|1784937770\n|teamsize|p1|6\n|teamsize|p2|6\n|start\n|switch|p1a: Jynx|Jynx|100/100\n|switch|p2a: Gengar|Gengar|100/100\n|turn|1\n|c|☆TheStupe|glfh\n|\n|t:|1784937779\n|move|p2a: Gengar|Hypnosis|p1a: Jynx|[miss]\n|-miss|p2a: Gengar\n|move|p1a: Jynx|Lovely Kiss|p2a: Gengar\n|-status|p2a: Gengar|slp|[from] move: Lovely Kiss\n|\n|upkeep\n|turn|2\n|\n|t:|1784937785\n|switch|p2a: Chansey|Chansey|100/100\n|move|p1a: Jynx|Blizzard|p2a: Chansey\n|-crit|p2a: Chansey\n|-damage|p2a: Chansey|63/100\n|\n|upkeep\n|turn|3\n|\n|t:|1784937798\n|move|p1a: Jynx|Blizzard|p2a: Chansey\n|-damage|p2a: Chansey|43/100\n|move|p2a: Chansey|Thunder Wave|p1a: Jynx\n|-status|p1a: Jynx|par\n|\n|upkeep\n|turn|4\n|\n|t:|1784937804\n|move|p2a: Chansey|Soft-Boiled|p2a: Chansey\n|-heal|p2a: Chansey|93/100\n|move|p1a: Jynx|Blizzard|p2a: Chansey\n|-damage|p2a: Chansey|75/100\n|\n|upkeep\n|turn|5\n|\n|t:|1784937811\n|move|p2a: Chansey|Thunderbolt|p1a: Jynx\n|-damage|p1a: Jynx|75/100 par\n|move|p1a: Jynx|Blizzard|p2a: Chansey\n|-damage|p2a: Chansey|55/100\n|\n|upkeep\n|turn|6\n|\n|t:|1784937817\n|move|p2a: Chansey|Thunderbolt|p1a: Jynx\n|-damage|p1a: Jynx|52/100 par\n|cant|p1a: Jynx|par\n|\n|upkeep\n|turn|7\n|\n|t:|1784937822\n|move|p2a: Chansey|Soft-Boiled|p2a: Chansey\n|-heal|p2a: Chansey|100/100\n|cant|p1a: Jynx|par\n|\n|upkeep\n|turn|8\n|\n|t:|1784937828\n|move|p2a: Chansey|Thunderbolt|p1a: Jynx\n|-crit|p1a: Jynx\n|-damage|p1a: Jynx|7/100 par\n|cant|p1a: Jynx|par\n|\n|upkeep\n|turn|9\n|\n|t:|1784937834\n|switch|p1a: Alakazam|Alakazam|100/100\n|move|p2a: Chansey|Ice Beam|p1a: Alakazam\n|-damage|p1a: Alakazam|82/100\n|\n|upkeep\n|turn|10\n|\n|t:|1784937840\n|move|p1a: Alakazam|Thunder Wave|p2a: Chansey\n|-status|p2a: Chansey|par\n|move|p2a: Chansey|Ice Beam|p1a: Alakazam\n|-damage|p1a: Alakazam|63/100\n|\n|upkeep\n|turn|11\n|\n|t:|1784937846\n|move|p1a: Alakazam|Psychic|p2a: Chansey\n|-damage|p2a: Chansey|82/100 par\n|move|p2a: Chansey|Ice Beam|p1a: Alakazam\n|-damage|p1a: Alakazam|44/100\n|\n|upkeep\n|turn|12\n|\n|t:|1784937852\n|move|p1a: Alakazam|Psychic|p2a: Chansey\n|-damage|p2a: Chansey|64/100 par\n|move|p2a: Chansey|Ice Beam|p1a: Alakazam\n|-damage|p1a: Alakazam|25/100\n|\n|upkeep\n|turn|13\n|\n|t:|1784937858\n|switch|p2a: Exeggutor|Exeggutor|100/100\n|move|p1a: Alakazam|Recover|p1a: Alakazam\n|-heal|p1a: Alakazam|75/100\n|\n|upkeep\n|turn|14\n|\n|t:|1784937872\n|move|p1a: Alakazam|Thunder Wave|p2a: Exeggutor\n|-status|p2a: Exeggutor|par\n|move|p2a: Exeggutor|Sleep Powder|p1a: Alakazam\n|-status|p1a: Alakazam|slp|[from] move: Sleep Powder\n|\n|upkeep\n|turn|15\n|\n|t:|1784937882\n|switch|p2a: Tauros|Tauros|100/100\n|cant|p1a: Alakazam|slp\n|\n|upkeep\n|turn|16\n|\n|t:|1784937888\n|switch|p1a: Jynx|Jynx|7/100 par\n|move|p2a: Tauros|Body Slam|p1a: Jynx\n|-crit|p1a: Jynx\n|-damage|p1a: Jynx|0 fnt\n|faint|p1a: Jynx\n|\n|t:|1784937893\n|switch|p1a: Snorlax|Snorlax|100/100\n|turn|17\n|\n|t:|1784937900\n|switch|p2a: Gengar|Gengar|100/100 slp\n|move|p1a: Snorlax|Body Slam|p2a: Gengar\n|-immune|p2a: Gengar\n|\n|upkeep\n|turn|18\n|\n|t:|1784937906\n|switch|p2a: Snorlax|Snorlax|100/100\n|move|p1a: Snorlax|Earthquake|p2a: Snorlax\n|-damage|p2a: Snorlax|80/100\n|\n|upkeep\n|turn|19\n|\n|t:|1784937911\n|move|p2a: Snorlax|Reflect|p2a: Snorlax\n|-start|p2a: Snorlax|Reflect\n|move|p1a: Snorlax|Body Slam|p2a: Snorlax\n|-damage|p2a: Snorlax|66/100\n|\n|upkeep\n|turn|20\n|\n|t:|1784937917\n|move|p2a: Snorlax|Earthquake|p1a: Snorlax\n|-damage|p1a: Snorlax|79/100\n|move|p1a: Snorlax|Counter|p2a: Snorlax\n|-fail|p1a: Snorlax\n|\n|upkeep\n|turn|21\n|\n|t:|1784937923\n|switch|p1a: Exeggutor|Exeggutor|100/100\n|move|p2a: Snorlax|Earthquake|p1a: Exeggutor\n|-resisted|p1a: Exeggutor\n|-damage|p1a: Exeggutor|89/100\n|\n|upkeep\n|turn|22\n|\n|t:|1784937930\n|move|p1a: Exeggutor|Psychic|p2a: Snorlax\n|-damage|p2a: Snorlax|35/100\n|move|p2a: Snorlax|Body Slam|p1a: Exeggutor\n|-damage|p1a: Exeggutor|61/100\n|\n|upkeep\n|turn|23\n|\n|t:|1784937937\n|switch|p2a: Exeggutor|Exeggutor|100/100 par\n|move|p1a: Exeggutor|Psychic|p2a: Exeggutor\n|-resisted|p2a: Exeggutor\n|-damage|p2a: Exeggutor|87/100 par\n|-unboost|p2a: Exeggutor|spa|1\n|-unboost|p2a: Exeggutor|spd|1\n|\n|upkeep\n|turn|24\n|\n|t:|1784937950\n|move|p1a: Exeggutor|Psychic|p2a: Exeggutor\n|-resisted|p2a: Exeggutor\n|-damage|p2a: Exeggutor|66/100 par\n|move|p2a: Exeggutor|Stun Spore|p1a: Exeggutor|[miss]\n|-miss|p2a: Exeggutor\n|\n|upkeep\n|turn|25\n|\n|t:|1784937957\n|move|p1a: Exeggutor|Psychic|p2a: Exeggutor\n|-resisted|p2a: Exeggutor\n|-damage|p2a: Exeggutor|47/100 par\n|-unboost|p2a: Exeggutor|spa|1\n|-unboost|p2a: Exeggutor|spd|1\n|move|p2a: Exeggutor|Stun Spore|p1a: Exeggutor|[miss]\n|-miss|p2a: Exeggutor\n|\n|upkeep\n|turn|26\n|\n|t:|1784937964\n|switch|p1a: Alakazam|Alakazam|75/100 slp\n|move|p2a: Exeggutor|Explosion|p1a: Alakazam\n|-damage|p1a: Alakazam|0 fnt\n|faint|p1a: Alakazam\n|faint|p2a: Exeggutor\n|\n|t:|1784937981\n|switch|p1a: Starmie|Starmie|100/100\n|switch|p2a: Snorlax|Snorlax|35/100\n|turn|27\n|\n|t:|1784937988\n|switch|p2a: Chansey|Chansey|64/100 par\n|move|p1a: Starmie|Surf|p2a: Chansey\n|-damage|p2a: Chansey|49/100 par\n|\n|upkeep\n|turn|28\n|\n|t:|1784938008\n|switch|p1a: Snorlax|Snorlax|79/100\n|cant|p2a: Chansey|par\n|\n|upkeep\n|turn|29\n|\n|t:|1784938022\n|switch|p2a: Gengar|Gengar|100/100 slp\n|move|p1a: Snorlax|Earthquake|p2a: Gengar\n|-supereffective|p2a: Gengar\n|-damage|p2a: Gengar|35/100 slp\n|\n|upkeep\n|turn|30\n|\n|t:|1784938028\n|switch|p2a: Starmie|Starmie|100/100\n|move|p1a: Snorlax|Earthquake|p2a: Starmie\n|-damage|p2a: Starmie|70/100\n|\n|upkeep\n|turn|31\n|\n|t:|1784938035\n|move|p2a: Starmie|Thunder Wave|p1a: Snorlax\n|-status|p1a: Snorlax|par\n|move|p1a: Snorlax|Body Slam|p2a: Starmie\n|-crit|p2a: Starmie\n|-damage|p2a: Starmie|0 fnt\n|faint|p2a: Starmie\n|c|☆RoboKyII|bro\n|c|☆TheStupe|mb\n|\n|t:|1784938044\n|switch|p2a: Snorlax|Snorlax|35/100\n|turn|32\n|\n|t:|1784938053\n|switch|p2a: Gengar|Gengar|35/100 slp\n|switch|p1a: Exeggutor|Exeggutor|61/100\n|\n|upkeep\n|turn|33\n|\n|t:|1784938059\n|cant|p2a: Gengar|slp\n|move|p1a: Exeggutor|Psychic|p2a: Gengar\n|-supereffective|p2a: Gengar\n|-damage|p2a: Gengar|0 fnt\n|faint|p2a: Gengar\n|\n|t:|1784938060\n|switch|p2a: Chansey|Chansey|49/100 par\n|turn|34\n|-message|RoboKyII forfeited.\n|\n|win|TheStupe\n|player|p2|\n","uploadtime":1784938066,"views":"53","formatid":"gen1ou","rating":null,"private":0,"password":null}