{"id":"smogtours-gen1ou-947019","format":"[Gen 1] OU","players":["TG2513","virae"],"log":"|inactive|Battle timer is ON: inactive players will automatically lose when time's up.\n|t:|1781464192\n|gametype|singles\n|player|p1|TG2513|brycenman|\n|player|p2|virae|#rbyplvmightymagmars|\n|gen|1\n|tier|[Gen 1] OU\n|rule|Desync Clause Mod: Desyncs changed to move failure.\n|rule|HP Percentage Mod: HP is shown in percentages\n|rule|Endless Battle Clause: Forcing endless battles is banned\n|rule|Sleep Clause Mod: Limit one foe put to sleep\n|rule|Freeze Clause Mod: Limit one foe frozen\n|rule|Species Clause: Limit one of each Pokémon\n|rule|OHKO Clause: OHKO moves are banned\n|rule|Evasion Moves Clause: Evasion moves are banned\n|\n|t:|1781464192\n|teamsize|p1|6\n|teamsize|p2|6\n|start\n|switch|p1a: Alakazam|Alakazam|100/100\n|switch|p2a: Jynx|Jynx|100/100\n|turn|1\n|c|☆virae|gl hf!\n|c|☆TG2513|HF\n|\n|t:|1781464205\n|move|p1a: Alakazam|Thunder Wave|p2a: Jynx\n|-status|p2a: Jynx|par\n|move|p2a: Jynx|Lovely Kiss|p1a: Alakazam\n|-status|p1a: Alakazam|slp|[from] move: Lovely Kiss\n|\n|upkeep\n|turn|2\n|\n|t:|1781464232\n|switch|p1a: Snorlax|Snorlax|100/100\n|move|p2a: Jynx|Blizzard|p1a: Snorlax\n|-damage|p1a: Snorlax|67/100\n|\n|upkeep\n|turn|3\n|inactive|virae has 270 seconds left.\n|\n|t:|1781464254\n|switch|p2a: Gengar|Gengar|100/100\n|move|p1a: Snorlax|Body Slam|p2a: Gengar\n|-immune|p2a: Gengar\n|\n|upkeep\n|turn|4\n|\n|t:|1781464261\n|switch|p2a: Snorlax|Snorlax|100/100\n|switch|p1a: Exeggutor|Exeggutor|100/100\n|\n|upkeep\n|turn|5\n|\n|t:|1781464266\n|switch|p2a: Jynx|Jynx|100/100 par\n|move|p1a: Exeggutor|Sleep Powder|p2a: Jynx|[miss]\n|-miss|p1a: Exeggutor\n|\n|upkeep\n|turn|6\n|\n|t:|1781464271\n|move|p1a: Exeggutor|Double-Edge|p2a: Jynx\n|-damage|p2a: Jynx|58/100 par\n|-damage|p1a: Exeggutor|92/100|[from] Recoil|[of] p2a: Jynx\n|move|p2a: Jynx|Blizzard|p1a: Exeggutor\n|-supereffective|p1a: Exeggutor\n|-damage|p1a: Exeggutor|32/100\n|\n|upkeep\n|turn|7\n|inactive|virae has 270 seconds left.\n|\n|t:|1781464314\n|switch|p1a: Snorlax|Snorlax|67/100\n|move|p2a: Jynx|Blizzard|p1a: Snorlax\n|-damage|p1a: Snorlax|32/100\n|-status|p1a: Snorlax|frz\n|\n|upkeep\n|turn|8\n|\n|t:|1781464328\n|switch|p1a: Chansey|Chansey|100/100\n|move|p2a: Jynx|Blizzard|p1a: Chansey\n|-crit|p1a: Chansey\n|-damage|p1a: Chansey|63/100\n|\n|upkeep\n|turn|9\n|\n|t:|1781464351\n|move|p1a: Chansey|Soft-Boiled|p1a: Chansey\n|-heal|p1a: Chansey|100/100\n|move|p2a: Jynx|Rest|p2a: Jynx\n|-status|p2a: Jynx|slp|[from] move: Rest\n|-heal|p2a: Jynx|100/100 slp|[silent]\n|\n|upkeep\n|turn|10\n|\n|t:|1781464360\n|switch|p1a: Exeggutor|Exeggutor|32/100\n|cant|p2a: Jynx|slp\n|\n|upkeep\n|turn|11\n|\n|t:|1781464367\n|move|p1a: Exeggutor|Sleep Powder|p2a: Jynx\n|-fail|p2a: Jynx|slp\n|-curestatus|p2a: Jynx|slp|[msg]\n|\n|upkeep\n|turn|12\n|\n|t:|1781464384\n|move|p1a: Exeggutor|Sleep Powder|p2a: Jynx|[miss]\n|-miss|p1a: Exeggutor\n|move|p2a: Jynx|Blizzard|p1a: Exeggutor\n|-crit|p1a: Exeggutor\n|-supereffective|p1a: Exeggutor\n|-damage|p1a: Exeggutor|0 fnt\n|faint|p1a: Exeggutor\n|\n|t:|1781464395\n|switch|p1a: Tauros|Tauros|100/100\n|turn|13\n|\n|t:|1781464403\n|switch|p2a: Snorlax|Snorlax|100/100\n|move|p1a: Tauros|Body Slam|p2a: Snorlax\n|-damage|p2a: Snorlax|75/100\n|\n|upkeep\n|turn|14\n|\n|t:|1781464407\n|switch|p1a: Chansey|Chansey|100/100\n|move|p2a: Snorlax|Counter|p1a: Chansey\n|-damage|p1a: Chansey|62/100\n|\n|upkeep\n|turn|15\n|inactive|virae has 270 seconds left.\n|\n|t:|1781464443\n|switch|p2a: Jynx|Jynx|100/100\n|move|p1a: Chansey|Sing|p2a: Jynx\n|-status|p2a: Jynx|slp|[from] move: Sing\n|\n|upkeep\n|turn|16\n|c|☆TG2513|90% of gamblers stop before they land a sleep\n|\n|t:|1781464460\n|switch|p2a: Zapdos|Zapdos|100/100\n|switch|p1a: Tauros|Tauros|100/100\n|\n|upkeep\n|turn|17\n|\n|t:|1781464465\n|move|p1a: Tauros|Body Slam|p2a: Zapdos\n|-damage|p2a: Zapdos|73/100\n|move|p2a: Zapdos|Thunder Wave|p1a: Tauros\n|-status|p1a: Tauros|par\n|\n|upkeep\n|turn|18\n|inactive|virae has 270 seconds left.\n|\n|t:|1781464475\n|move|p2a: Zapdos|Thunderbolt|p1a: Tauros\n|-damage|p1a: Tauros|55/100 par\n|move|p1a: Tauros|Body Slam|p2a: Zapdos\n|-crit|p2a: Zapdos\n|-damage|p2a: Zapdos|16/100\n|\n|upkeep\n|turn|19\n|inactive|virae has 270 seconds left.\n|\n|t:|1781464481\n|move|p2a: Zapdos|Thunderbolt|p1a: Tauros\n|-damage|p1a: Tauros|10/100 par\n|move|p1a: Tauros|Body Slam|p2a: Zapdos\n|-damage|p2a: Zapdos|0 fnt\n|faint|p2a: Zapdos\n|inactive|virae has 270 seconds left.\n|\n|t:|1781464490\n|switch|p2a: Tauros|Tauros|100/100\n|turn|20\n|\n|t:|1781464495\n|move|p2a: Tauros|Body Slam|p1a: Tauros\n|-damage|p1a: Tauros|0 fnt\n|faint|p1a: Tauros\n|\n|t:|1781464496\n|switch|p1a: Zapdos|Zapdos|100/100\n|turn|21\n|\n|t:|1781464503\n|move|p2a: Tauros|Body Slam|p1a: Zapdos\n|-damage|p1a: Zapdos|73/100\n|move|p1a: Zapdos|Thunder Wave|p2a: Tauros\n|-status|p2a: Tauros|par\n|\n|upkeep\n|turn|22\n|\n|t:|1781464507\n|switch|p1a: Chansey|Chansey|62/100\n|move|p2a: Tauros|Body Slam|p1a: Chansey\n|-damage|p1a: Chansey|21/100\n|\n|upkeep\n|turn|23\n|\n|t:|1781464523\n|switch|p2a: Starmie|Starmie|100/100\n|move|p1a: Chansey|Soft-Boiled|p1a: Chansey\n|-heal|p1a: Chansey|71/100\n|\n|upkeep\n|turn|24\n|\n|t:|1781464527\n|move|p2a: Starmie|Thunder Wave|p1a: Chansey\n|-status|p1a: Chansey|par\n|move|p1a: Chansey|Thunder Wave|p2a: Starmie\n|-status|p2a: Starmie|par\n|\n|upkeep\n|turn|25\n|\n|t:|1781464538\n|switch|p2a: Jynx|Jynx|100/100 slp\n|move|p1a: Chansey|Soft-Boiled|p1a: Chansey\n|-heal|p1a: Chansey|100/100 par\n|\n|upkeep\n|turn|26\n|\n|t:|1781464543\n|switch|p2a: Tauros|Tauros|100/100 par\n|switch|p1a: Zapdos|Zapdos|73/100\n|\n|upkeep\n|turn|27\n|\n|t:|1781464549\n|move|p1a: Zapdos|Thunderbolt|p2a: Tauros\n|-damage|p2a: Tauros|52/100 par\n|cant|p2a: Tauros|par\n|\n|upkeep\n|turn|28\n|\n|t:|1781464559\n|move|p1a: Zapdos|Thunderbolt|p2a: Tauros\n|-damage|p2a: Tauros|8/100 par\n|cant|p2a: Tauros|par\n|\n|upkeep\n|turn|29\n|\n|t:|1781464577\n|move|p1a: Zapdos|Drill Peck|p2a: Tauros\n|-damage|p2a: Tauros|0 fnt\n|faint|p2a: Tauros\n|inactive|virae has 270 seconds left.\n|\n|t:|1781464605\n|switch|p2a: Gengar|Gengar|100/100\n|turn|30\n|\n|t:|1781464608\n|switch|p1a: Chansey|Chansey|100/100 par\n|move|p2a: Gengar|Night Shade|p1a: Chansey\n|-damage|p1a: Chansey|86/100 par\n|\n|upkeep\n|turn|31\n|\n|t:|1781464612\n|move|p2a: Gengar|Night Shade|p1a: Chansey\n|-damage|p1a: Chansey|72/100 par\n|move|p1a: Chansey|Thunder Wave|p2a: Gengar\n|-status|p2a: Gengar|par\n|\n|upkeep\n|turn|32\n|\n|t:|1781464614\n|move|p2a: Gengar|Night Shade|p1a: Chansey\n|-damage|p1a: Chansey|58/100 par\n|move|p1a: Chansey|Ice Beam|p2a: Gengar\n|-damage|p2a: Gengar|80/100 par\n|\n|upkeep\n|turn|33\n|\n|t:|1781464616\n|move|p2a: Gengar|Night Shade|p1a: Chansey\n|-damage|p1a: Chansey|44/100 par\n|move|p1a: Chansey|Soft-Boiled|p1a: Chansey\n|-heal|p1a: Chansey|94/100 par\n|\n|upkeep\n|turn|34\n|\n|t:|1781464620\n|switch|p1a: Snorlax|Snorlax|32/100 frz\n|move|p2a: Gengar|Night Shade|p1a: Snorlax\n|-damage|p1a: Snorlax|13/100 frz\n|\n|upkeep\n|turn|35\n|\n|t:|1781464624\n|switch|p1a: Alakazam|Alakazam|100/100 slp\n|cant|p2a: Gengar|par\n|\n|upkeep\n|turn|36\n|\n|t:|1781464627\n|switch|p2a: Snorlax|Snorlax|75/100\n|cant|p1a: Alakazam|slp\n|\n|upkeep\n|turn|37\n|\n|t:|1781464632\n|switch|p1a: Snorlax|Snorlax|13/100 frz\n|move|p2a: Snorlax|Body Slam|p1a: Snorlax\n|-crit|p1a: Snorlax\n|-damage|p1a: Snorlax|0 fnt\n|faint|p1a: Snorlax\n|\n|t:|1781464636\n|switch|p1a: Chansey|Chansey|94/100 par\n|turn|38\n|\n|t:|1781464642\n|switch|p2a: Gengar|Gengar|80/100 par\n|move|p1a: Chansey|Thunder Wave|p2a: Gengar\n|-fail|p2a: Gengar|par\n|\n|upkeep\n|turn|39\n|\n|t:|1781464646\n|move|p2a: Gengar|Night Shade|p1a: Chansey\n|-damage|p1a: Chansey|79/100 par\n|move|p1a: Chansey|Ice Beam|p2a: Gengar\n|-damage|p2a: Gengar|60/100 par\n|\n|upkeep\n|turn|40\n|\n|t:|1781464648\n|cant|p2a: Gengar|par\n|move|p1a: Chansey|Ice Beam|p2a: Gengar\n|-damage|p2a: Gengar|41/100 par\n|\n|upkeep\n|turn|41\n|\n|t:|1781464651\n|move|p2a: Gengar|Explosion|p1a: Chansey\n|-damage|p1a: Chansey|0 fnt\n|faint|p1a: Chansey\n|faint|p2a: Gengar\n|\n|t:|1781464663\n|switch|p2a: Starmie|Starmie|100/100 par\n|switch|p1a: Zapdos|Zapdos|73/100\n|turn|42\n|\n|t:|1781464667\n|move|p1a: Zapdos|Thunderbolt|p2a: Starmie\n|-crit|p2a: Starmie\n|-supereffective|p2a: Starmie\n|-damage|p2a: Starmie|0 fnt\n|faint|p2a: Starmie\n|\n|t:|1781464670\n|switch|p2a: Snorlax|Snorlax|75/100\n|turn|43\n|\n|t:|1781464680\n|move|p1a: Zapdos|Thunder Wave|p2a: Snorlax\n|-status|p2a: Snorlax|par\n|move|p2a: Snorlax|Body Slam|p1a: Zapdos\n|-damage|p1a: Zapdos|43/100\n|\n|upkeep\n|turn|44\n|\n|t:|1781464684\n|move|p1a: Zapdos|Thunderbolt|p2a: Snorlax\n|-damage|p2a: Snorlax|44/100 par\n|cant|p2a: Snorlax|par\n|\n|upkeep\n|turn|45\n|\n|t:|1781464688\n|move|p1a: Zapdos|Thunderbolt|p2a: Snorlax\n|-damage|p2a: Snorlax|13/100 par\n|move|p2a: Snorlax|Self-Destruct|p1a: Zapdos|[miss]\n|-miss|p2a: Snorlax\n|-hint|In Gen 1, moves with 100% accuracy can still miss 1/256 of the time.\n|faint|p2a: Snorlax\n|c|☆TG2513|oh my god\n|\n|t:|1781464700\n|switch|p2a: Jynx|Jynx|100/100 slp\n|turn|46\n|\n|t:|1781464705\n|move|p1a: Zapdos|Drill Peck|p2a: Jynx\n|-damage|p2a: Jynx|54/100 slp\n|cant|p2a: Jynx|slp\n|\n|upkeep\n|turn|47\n|c|☆TG2513|GG. Im sorry about that\n|c|☆virae|Good think we bo5\n|\n|t:|1781464714\n|move|p1a: Zapdos|Drill Peck|p2a: Jynx\n|-damage|p2a: Jynx|5/100 slp\n|cant|p2a: Jynx|slp\n|\n|upkeep\n|turn|48\n|c|☆virae|gg\n|\n|t:|1781464719\n|move|p1a: Zapdos|Drill Peck|p2a: Jynx\n|-damage|p2a: Jynx|0 fnt\n|faint|p2a: Jynx\n|\n|win|TG2513\n|player|p1|\n","uploadtime":1781464719,"views":"71","formatid":"gen1ou","rating":null,"private":0,"password":null}