{"id":"smogtours-gen1ou-959412","format":"[Gen 1] OU","players":["BeeOrSomething","oligen1"],"log":"|inactive|Battle timer is ON: inactive players will automatically lose when time's up.\n|t:|1785094731\n|gametype|singles\n|player|p1|BeeOrSomething|#beeorsomething|\n|player|p2|oligen1|blue-gen1rbtwo|\n|gen|1\n|tier|[Gen 1] OU\n|rule|Desync Clause Mod: Desyncs resolve to link battle behavior from the acting player's perspective.\n|rule|HP Percentage Mod: HP is shown in percentages\n|rule|Endless Battle Clause: Forcing endless battles is banned\n|rule|Sleep Clause Mod: Limit one foe put to sleep\n|rule|Freeze Clause Mod: Limit one foe frozen\n|rule|Species Clause: Limit one of each Pokémon\n|rule|OHKO Clause: OHKO moves are banned\n|rule|Evasion Moves Clause: Evasion moves are banned\n|\n|t:|1785094731\n|teamsize|p1|6\n|teamsize|p2|6\n|start\n|switch|p1a: Inevitable|Gengar|100/100\n|switch|p2a: Starmie|Starmie|100/100\n|turn|1\n|inactive|oligen1 also wants the timer to be on.\n|c|☆BeeOrSomething|glhf\n|c|☆oligen1|Enjoy :-)\n|\n|t:|1785094747\n|move|p2a: Starmie|Psychic|p1a: Inevitable\n|-supereffective|p1a: Inevitable\n|-damage|p1a: Inevitable|42/100\n|move|p1a: Inevitable|Hypnosis|p2a: Starmie\n|-status|p2a: Starmie|slp|[from] move: Hypnosis\n|\n|upkeep\n|turn|2\n|\n|t:|1785094755\n|switch|p2a: Exeggutor|Exeggutor|100/100\n|move|p1a: Inevitable|Night Shade|p2a: Exeggutor\n|-damage|p2a: Exeggutor|75/100\n|\n|upkeep\n|turn|3\n|\n|t:|1785094763\n|switch|p1a: Eggy|Exeggutor|100/100\n|move|p2a: Exeggutor|Psychic|p1a: Eggy\n|-resisted|p1a: Eggy\n|-damage|p1a: Eggy|87/100\n|\n|upkeep\n|turn|4\n|\n|t:|1785094769\n|switch|p1a: Inevitable|Gengar|42/100\n|move|p2a: Exeggutor|Sleep Powder|p1a: Inevitable\n|-status|p1a: Inevitable|slp|[from] move: Sleep Powder\n|\n|upkeep\n|turn|5\n|\n|t:|1785094775\n|switch|p1a: Eggy|Exeggutor|87/100\n|move|p2a: Exeggutor|Psychic|p1a: Eggy\n|-resisted|p1a: Eggy\n|-damage|p1a: Eggy|75/100\n|\n|upkeep\n|turn|6\n|\n|t:|1785094781\n|move|p1a: Eggy|Stun Spore|p2a: Exeggutor\n|-status|p2a: Exeggutor|par\n|move|p2a: Exeggutor|Psychic|p1a: Eggy\n|-resisted|p1a: Eggy\n|-damage|p1a: Eggy|63/100\n|\n|upkeep\n|turn|7\n|\n|t:|1785094788\n|move|p1a: Eggy|Psychic|p2a: Exeggutor\n|-resisted|p2a: Exeggutor\n|-damage|p2a: Exeggutor|61/100 par\n|move|p2a: Exeggutor|Psychic|p1a: Eggy\n|-resisted|p1a: Eggy\n|-damage|p1a: Eggy|50/100\n|\n|upkeep\n|turn|8\n|\n|t:|1785094796\n|move|p1a: Eggy|Psychic|p2a: Exeggutor\n|-resisted|p2a: Exeggutor\n|-damage|p2a: Exeggutor|47/100 par\n|move|p2a: Exeggutor|Rest|p2a: Exeggutor\n|-status|p2a: Exeggutor|slp|[from] move: Rest\n|-heal|p2a: Exeggutor|100/100 slp|[silent]\n|\n|upkeep\n|turn|9\n|\n|t:|1785094808\n|move|p1a: Eggy|Explosion|p2a: Exeggutor\n|-damage|p2a: Exeggutor|26/100 slp\n|faint|p1a: Eggy\n|\n|t:|1785094810\n|switch|p1a: Raging Bull|Tauros|100/100\n|turn|10\n|\n|t:|1785094816\n|move|p1a: Raging Bull|Body Slam|p2a: Exeggutor\n|-crit|p2a: Exeggutor\n|-damage|p2a: Exeggutor|0 fnt\n|faint|p2a: Exeggutor\n|\n|t:|1785094821\n|switch|p2a: Snorlax|Snorlax|100/100\n|turn|11\n|\n|t:|1785094831\n|move|p1a: Raging Bull|Body Slam|p2a: Snorlax\n|-damage|p2a: Snorlax|76/100\n|move|p2a: Snorlax|Earthquake|p1a: Raging Bull\n|-damage|p1a: Raging Bull|75/100\n|\n|upkeep\n|turn|12\n|\n|t:|1785094839\n|move|p1a: Raging Bull|Body Slam|p2a: Snorlax\n|-damage|p2a: Snorlax|52/100\n|move|p2a: Snorlax|Reflect|p2a: Snorlax\n|-start|p2a: Snorlax|Reflect\n|\n|upkeep\n|turn|13\n|\n|t:|1785094847\n|switch|p1a: Patrick|Starmie|100/100\n|move|p2a: Snorlax|Body Slam|p1a: Patrick\n|-damage|p1a: Patrick|62/100\n|\n|upkeep\n|turn|14\n|\n|t:|1785094855\n|switch|p2a: Chansey|Chansey|100/100\n|move|p1a: Patrick|Recover|p1a: Patrick\n|-heal|p1a: Patrick|100/100\n|\n|upkeep\n|turn|15\n|\n|t:|1785094863\n|move|p1a: Patrick|Thunder Wave|p2a: Chansey\n|-status|p2a: Chansey|par\n|move|p2a: Chansey|Thunderbolt|p1a: Patrick\n|-supereffective|p1a: Patrick\n|-damage|p1a: Patrick|54/100\n|\n|upkeep\n|turn|16\n|\n|t:|1785094869\n|switch|p1a: Me On Weekends|Snorlax|100/100\n|move|p2a: Chansey|Thunder Wave|p1a: Me On Weekends\n|-status|p1a: Me On Weekends|par\n|\n|upkeep\n|turn|17\n|\n|t:|1785094875\n|switch|p2a: Snorlax|Snorlax|52/100\n|move|p1a: Me On Weekends|Body Slam|p2a: Snorlax\n|-damage|p2a: Snorlax|24/100\n|\n|upkeep\n|turn|18\n|\n|t:|1785094893\n|switch|p1a: Raging Bull|Tauros|75/100\n|move|p2a: Snorlax|Rest|p2a: Snorlax\n|-status|p2a: Snorlax|slp|[from] move: Rest\n|-heal|p2a: Snorlax|100/100 slp|[silent]\n|\n|upkeep\n|turn|19\n|\n|t:|1785094899\n|move|p1a: Raging Bull|Body Slam|p2a: Snorlax\n|-damage|p2a: Snorlax|75/100 slp\n|cant|p2a: Snorlax|slp\n|\n|upkeep\n|turn|20\n|\n|t:|1785094904\n|move|p1a: Raging Bull|Body Slam|p2a: Snorlax\n|-damage|p2a: Snorlax|51/100 slp\n|-curestatus|p2a: Snorlax|slp|[msg]\n|\n|upkeep\n|turn|21\n|\n|t:|1785094910\n|move|p1a: Raging Bull|Body Slam|p2a: Snorlax\n|-damage|p2a: Snorlax|25/100\n|move|p2a: Snorlax|Body Slam|p1a: Raging Bull\n|-damage|p1a: Raging Bull|44/100\n|\n|upkeep\n|turn|22\n|\n|t:|1785094918\n|switch|p2a: Starmie|Starmie|100/100 slp\n|move|p1a: Raging Bull|Body Slam|p2a: Starmie\n|-damage|p2a: Starmie|69/100 slp\n|\n|upkeep\n|turn|23\n|\n|t:|1785094923\n|cant|p2a: Starmie|slp\n|move|p1a: Raging Bull|Body Slam|p2a: Starmie\n|-damage|p2a: Starmie|35/100 slp\n|\n|upkeep\n|turn|24\n|\n|t:|1785094928\n|cant|p2a: Starmie|slp\n|move|p1a: Raging Bull|Hyper Beam|p2a: Starmie|[miss]\n|-miss|p1a: Raging Bull\n|\n|upkeep\n|turn|25\n|\n|t:|1785094932\n|-curestatus|p2a: Starmie|slp|[msg]\n|move|p1a: Raging Bull|Body Slam|p2a: Starmie\n|-damage|p2a: Starmie|0 fnt\n|faint|p2a: Starmie\n|\n|t:|1785094942\n|switch|p2a: Tauros|Tauros|100/100\n|turn|26\n|\n|t:|1785094951\n|switch|p1a: Inevitable|Gengar|42/100 slp\n|move|p2a: Tauros|Body Slam|p1a: Inevitable\n|-immune|p1a: Inevitable\n|\n|upkeep\n|turn|27\n|\n|t:|1785094959\n|cant|p1a: Inevitable|slp\n|move|p2a: Tauros|Blizzard|p1a: Inevitable\n|-damage|p1a: Inevitable|23/100 slp\n|\n|upkeep\n|turn|28\n|\n|t:|1785094973\n|-curestatus|p1a: Inevitable|slp|[msg]\n|move|p2a: Tauros|Earthquake|p1a: Inevitable\n|-supereffective|p1a: Inevitable\n|-damage|p1a: Inevitable|0 fnt\n|faint|p1a: Inevitable\n|\n|t:|1785094994\n|switch|p1a: Me On Weekends|Snorlax|100/100 par\n|turn|29\n|\n|t:|1785095011\n|move|p2a: Tauros|Body Slam|p1a: Me On Weekends\n|-damage|p1a: Me On Weekends|76/100 par\n|move|p1a: Me On Weekends|Body Slam|p2a: Tauros\n|-damage|p2a: Tauros|71/100\n|\n|upkeep\n|turn|30\n|\n|t:|1785095028\n|move|p2a: Tauros|Blizzard|p1a: Me On Weekends\n|-damage|p1a: Me On Weekends|57/100 par\n|move|p1a: Me On Weekends|Self-Destruct|p2a: Tauros\n|-damage|p2a: Tauros|0 fnt\n|faint|p2a: Tauros\n|faint|p1a: Me On Weekends\n|\n|t:|1785095040\n|switch|p2a: Zapdos|Zapdos|100/100\n|switch|p1a: Raging Bull|Tauros|44/100\n|turn|31\n|\n|t:|1785095052\n|move|p1a: Raging Bull|Hyper Beam|p2a: Zapdos\n|-damage|p2a: Zapdos|49/100\n|-mustrecharge|p1a: Raging Bull\n|move|p2a: Zapdos|Thunderbolt|p1a: Raging Bull\n|-damage|p1a: Raging Bull|0 fnt\n|faint|p1a: Raging Bull\n|\n|t:|1785095056\n|switch|p1a: Mozilla|Zapdos|100/100\n|turn|32\n|\n|t:|1785095063\n|move|p2a: Zapdos|Thunder Wave|p1a: Mozilla\n|-status|p1a: Mozilla|par\n|cant|p1a: Mozilla|par\n|\n|upkeep\n|turn|33\n|\n|t:|1785095071\n|move|p2a: Zapdos|Thunderbolt|p1a: Mozilla\n|-damage|p1a: Mozilla|72/100 par\n|move|p1a: Mozilla|Agility|p1a: Mozilla\n|-boost|p1a: Mozilla|spe|2\n|\n|upkeep\n|turn|34\n|\n|t:|1785095078\n|cant|p1a: Mozilla|par\n|move|p2a: Zapdos|Thunderbolt|p1a: Mozilla\n|-damage|p1a: Mozilla|44/100 par\n|\n|upkeep\n|turn|35\n|\n|t:|1785095084\n|move|p1a: Mozilla|Thunderbolt|p2a: Zapdos\n|-damage|p2a: Zapdos|18/100\n|move|p2a: Zapdos|Thunderbolt|p1a: Mozilla\n|-damage|p1a: Mozilla|15/100 par\n|\n|upkeep\n|turn|36\n|\n|t:|1785095089\n|move|p1a: Mozilla|Thunderbolt|p2a: Zapdos\n|-crit|p2a: Zapdos\n|-damage|p2a: Zapdos|0 fnt\n|faint|p2a: Zapdos\n|\n|t:|1785095094\n|switch|p2a: Chansey|Chansey|100/100 par\n|turn|37\n|\n|t:|1785095097\n|move|p1a: Mozilla|Drill Peck|p2a: Chansey\n|-crit|p2a: Chansey\n|-damage|p2a: Chansey|30/100 par\n|cant|p2a: Chansey|par\n|\n|upkeep\n|turn|38\n|\n|t:|1785095103\n|move|p1a: Mozilla|Drill Peck|p2a: Chansey\n|-damage|p2a: Chansey|0 fnt\n|faint|p2a: Chansey\n|\n|t:|1785095108\n|switch|p2a: Snorlax|Snorlax|25/100\n|turn|39\n|\n|t:|1785095112\n|move|p1a: Mozilla|Thunderbolt|p2a: Snorlax\n|-crit|p2a: Snorlax\n|-damage|p2a: Snorlax|0 fnt\n|faint|p2a: Snorlax\n|\n|win|BeeOrSomething\n|c|☆BeeOrSomething|gg\n|c|☆oligen1|gg wp\n|player|p1|\n","uploadtime":1785095112,"views":"87","formatid":"gen1ou","rating":null,"private":0,"password":null}