{"id":"smogtours-gen1ou-957131","format":"[Gen 1] OU","players":["1000papercranes","Ct0wn"],"log":"|inactive|Battle timer is ON: inactive players will automatically lose when time's up.\n|t:|1784412624\n|gametype|singles\n|player|p1|1000papercranes|psychic-gen1rb|\n|player|p2|Ct0wn|battlegirl-gen4|\n|gen|1\n|tier|[Gen 1] OU\n|rule|Desync Clause Mod: Desyncs resolve to link battle behavior from the acting player's perspective.\n|rule|HP Percentage Mod: HP is shown in percentages\n|rule|Endless Battle Clause: Forcing endless battles is banned\n|rule|Sleep Clause Mod: Limit one foe put to sleep\n|rule|Freeze Clause Mod: Limit one foe frozen\n|rule|Species Clause: Limit one of each Pokémon\n|rule|OHKO Clause: OHKO moves are banned\n|rule|Evasion Moves Clause: Evasion moves are banned\n|\n|t:|1784412624\n|teamsize|p1|6\n|teamsize|p2|6\n|start\n|switch|p1a: Starmie|Starmie|100/100\n|switch|p2a: Alakazam|Alakazam|100/100\n|turn|1\n|c|☆Ct0wn|Hf\n|c|☆1000papercranes|Gl Hf\n|inactive|1000papercranes has 270 seconds left.\n|\n|t:|1784412661\n|switch|p1a: Exeggutor|Exeggutor|100/100\n|move|p2a: Alakazam|Thunder Wave|p1a: Exeggutor\n|-status|p1a: Exeggutor|par\n|\n|upkeep\n|turn|2\n|\n|t:|1784412664\n|move|p2a: Alakazam|Seismic Toss|p1a: Exeggutor\n|-damage|p1a: Exeggutor|75/100 par\n|move|p1a: Exeggutor|Sleep Powder|p2a: Alakazam|[miss]\n|-miss|p1a: Exeggutor\n|\n|upkeep\n|turn|3\n|\n|t:|1784412673\n|move|p2a: Alakazam|Seismic Toss|p1a: Exeggutor\n|-damage|p1a: Exeggutor|50/100 par\n|cant|p1a: Exeggutor|par\n|\n|upkeep\n|turn|4\n|\n|t:|1784412678\n|move|p2a: Alakazam|Seismic Toss|p1a: Exeggutor\n|-damage|p1a: Exeggutor|24/100 par\n|move|p1a: Exeggutor|Sleep Powder|p2a: Alakazam\n|-status|p2a: Alakazam|slp|[from] move: Sleep Powder\n|\n|upkeep\n|turn|5\n|\n|t:|1784412683\n|switch|p1a: Tauros|Tauros|100/100\n|cant|p2a: Alakazam|slp\n|\n|upkeep\n|turn|6\n|\n|t:|1784412685\n|switch|p2a: Snorlax|Snorlax|100/100\n|move|p1a: Tauros|Body Slam|p2a: Snorlax\n|-damage|p2a: Snorlax|78/100\n|\n|upkeep\n|turn|7\n|\n|t:|1784412699\n|switch|p1a: Chansey|Chansey|100/100\n|move|p2a: Snorlax|Body Slam|p1a: Chansey\n|-damage|p1a: Chansey|61/100\n|\n|upkeep\n|turn|8\n|\n|t:|1784412704\n|move|p1a: Chansey|Soft-Boiled|p1a: Chansey\n|-heal|p1a: Chansey|100/100\n|move|p2a: Snorlax|Self-Destruct|p1a: Chansey\n|-damage|p1a: Chansey|0 fnt\n|faint|p1a: Chansey\n|faint|p2a: Snorlax\n|\n|t:|1784412711\n|switch|p1a: Starmie|Starmie|100/100\n|switch|p2a: Jolteon|Jolteon|100/100\n|turn|9\n|\n|t:|1784412719\n|switch|p1a: Snorlax|Snorlax|100/100\n|move|p2a: Jolteon|Thunderbolt|p1a: Snorlax\n|-damage|p1a: Snorlax|71/100\n|\n|upkeep\n|turn|10\n|\n|t:|1784412735\n|move|p2a: Jolteon|Thunderbolt|p1a: Snorlax\n|-damage|p1a: Snorlax|40/100\n|move|p1a: Snorlax|Body Slam|p2a: Jolteon\n|-damage|p2a: Jolteon|53/100\n|-status|p2a: Jolteon|par\n|\n|upkeep\n|turn|11\n|\n|t:|1784412741\n|switch|p2a: Starmie|Starmie|100/100\n|move|p1a: Snorlax|Body Slam|p2a: Starmie\n|-damage|p2a: Starmie|67/100\n|\n|upkeep\n|turn|12\n|\n|t:|1784412758\n|switch|p1a: Exeggutor|Exeggutor|24/100 par\n|move|p2a: Starmie|Surf|p1a: Exeggutor\n|-resisted|p1a: Exeggutor\n|-damage|p1a: Exeggutor|12/100 par\n|\n|upkeep\n|turn|13\n|inactive|1000papercranes has 270 seconds left.\n|\n|t:|1784412806\n|move|p2a: Starmie|Surf|p1a: Exeggutor\n|-resisted|p1a: Exeggutor\n|-damage|p1a: Exeggutor|0 fnt\n|faint|p1a: Exeggutor\n|inactive|1000papercranes has 240 seconds left.\n|\n|t:|1784412823\n|switch|p1a: Starmie|Starmie|100/100\n|turn|14\n|\n|t:|1784412833\n|move|p1a: Starmie|Thunderbolt|p2a: Starmie\n|-crit|p2a: Starmie\n|-supereffective|p2a: Starmie\n|-damage|p2a: Starmie|0 fnt\n|faint|p2a: Starmie\n|\n|t:|1784412837\n|switch|p2a: Jolteon|Jolteon|53/100 par\n|turn|15\n|\n|t:|1784412845\n|switch|p1a: Snorlax|Snorlax|40/100\n|cant|p2a: Jolteon|par\n|\n|upkeep\n|turn|16\n|\n|t:|1784412850\n|switch|p2a: Exeggutor|Exeggutor|100/100\n|move|p1a: Snorlax|Body Slam|p2a: Exeggutor\n|-damage|p2a: Exeggutor|68/100\n|-status|p2a: Exeggutor|par\n|\n|upkeep\n|turn|17\n|\n|t:|1784412853\n|move|p1a: Snorlax|Self-Destruct|p2a: Exeggutor\n|-damage|p2a: Exeggutor|0 fnt\n|faint|p2a: Exeggutor\n|faint|p1a: Snorlax\n|inactive|1000papercranes has 270 seconds left.\n|\n|t:|1784412868\n|switch|p1a: Starmie|Starmie|100/100\n|switch|p2a: Tauros|Tauros|100/100\n|turn|18\n|\n|t:|1784412873\n|switch|p2a: Alakazam|Alakazam|100/100 slp\n|move|p1a: Starmie|Psychic|p2a: Alakazam\n|-resisted|p2a: Alakazam\n|-damage|p2a: Alakazam|88/100 slp\n|\n|upkeep\n|turn|19\n|\n|t:|1784412876\n|switch|p1a: Tauros|Tauros|100/100\n|cant|p2a: Alakazam|slp\n|\n|upkeep\n|turn|20\n|\n|t:|1784412880\n|cant|p2a: Alakazam|slp\n|move|p1a: Tauros|Hyper Beam|p2a: Alakazam\n|-damage|p2a: Alakazam|4/100 slp\n|-mustrecharge|p1a: Tauros\n|\n|upkeep\n|turn|21\n|\n|t:|1784412883\n|switch|p2a: Tauros|Tauros|100/100\n|cant|p1a: Tauros|recharge\n|\n|upkeep\n|turn|22\n|\n|t:|1784412885\n|move|p2a: Tauros|Body Slam|p1a: Tauros\n|-crit|p1a: Tauros\n|-damage|p1a: Tauros|42/100\n|move|p1a: Tauros|Body Slam|p2a: Tauros\n|-damage|p2a: Tauros|70/100\n|\n|upkeep\n|turn|23\n|\n|t:|1784412888\n|switch|p1a: Zapdos|Zapdos|100/100\n|move|p2a: Tauros|Hyper Beam|p1a: Zapdos\n|-crit|p1a: Zapdos\n|-damage|p1a: Zapdos|3/100\n|-mustrecharge|p2a: Tauros\n|\n|upkeep\n|turn|24\n|\n|t:|1784412893\n|cant|p2a: Tauros|recharge\n|move|p1a: Zapdos|Thunder Wave|p2a: Tauros\n|-status|p2a: Tauros|par\n|\n|upkeep\n|turn|25\n|\n|t:|1784412904\n|switch|p2a: Alakazam|Alakazam|4/100 slp\n|move|p1a: Zapdos|Thunderbolt|p2a: Alakazam\n|-damage|p2a: Alakazam|0 fnt\n|faint|p2a: Alakazam\n|\n|t:|1784412905\n|switch|p2a: Jolteon|Jolteon|53/100 par\n|turn|26\n|\n|t:|1784412909\n|move|p1a: Zapdos|Thunderbolt|p2a: Jolteon\n|-resisted|p2a: Jolteon\n|-damage|p2a: Jolteon|35/100 par\n|move|p2a: Jolteon|Thunder Wave|p1a: Zapdos\n|-status|p1a: Zapdos|par\n|\n|upkeep\n|turn|27\n|\n|t:|1784412914\n|move|p2a: Jolteon|Thunderbolt|p1a: Zapdos\n|-crit|p1a: Zapdos\n|-damage|p1a: Zapdos|0 fnt\n|faint|p1a: Zapdos\n|\n|t:|1784412917\n|switch|p1a: Tauros|Tauros|42/100\n|turn|28\n|\n|t:|1784412927\n|move|p1a: Tauros|Body Slam|p2a: Jolteon\n|-damage|p2a: Jolteon|0 fnt\n|faint|p2a: Jolteon\n|\n|t:|1784412929\n|switch|p2a: Tauros|Tauros|70/100 par\n|turn|29\n|inactive|1000papercranes has 270 seconds left.\n|\n|t:|1784412963\n|move|p1a: Tauros|Hyper Beam|p2a: Tauros\n|-crit|p2a: Tauros\n|-damage|p2a: Tauros|0 fnt\n|faint|p2a: Tauros\n|\n|win|1000papercranes\n|c|☆1000papercranes|Gg\n|c|☆Ct0wn|Gg\n|player|p2|\n|player|p1|\n","uploadtime":1784412963,"views":"81","formatid":"gen1ou","rating":null,"private":0,"password":null}