{"id":"smogtours-gen1ou-974831","format":"[Gen 1] OU","players":["Amaranth","LNumbers"],"log":"|inactive|Battle timer is ON: inactive players will automatically lose when time's up.\n|t:|1790518113\n|gametype|singles\n|player|p1|Amaranth|#amaranth|\n|player|p2|LNumbers|#rbywc2026|\n|gen|1\n|tier|[Gen 1] OU\n|rule|Desync Clause Mod: Desyncs resolve to link battle behavior from the acting player's perspective.\n|rule|HP Percentage Mod: HP is shown in percentages\n|rule|Endless Battle Clause: Forcing endless battles is banned\n|rule|Sleep Clause Mod: Limit one foe put to sleep\n|rule|Freeze Clause Mod: Limit one foe frozen\n|rule|Species Clause: Limit one of each Pokémon\n|rule|OHKO Clause: OHKO moves are banned\n|rule|Evasion Moves Clause: Evasion moves are banned\n|\n|t:|1790518113\n|teamsize|p1|6\n|teamsize|p2|6\n|start\n|switch|p1a: Starmie|Starmie|100/100\n|switch|p2a: Gengar|Gengar|100/100\n|turn|1\n|c|☆LNumbers|hf\n|c|☆Amaranth|glhf\n|\n|t:|1790518136\n|switch|p2a: Chansey|Chansey|100/100\n|move|p1a: Starmie|Thunderbolt|p2a: Chansey\n|-damage|p2a: Chansey|91/100\n|\n|upkeep\n|turn|2\n|\n|t:|1790518158\n|move|p1a: Starmie|Surf|p2a: Chansey\n|-damage|p2a: Chansey|75/100\n|move|p2a: Chansey|Thunder Wave|p1a: Starmie\n|-status|p1a: Starmie|par\n|\n|upkeep\n|turn|3\n|inactive|LNumbers has 270 seconds left.\n|\n|t:|1790518178\n|switch|p2a: Starmie|Starmie|100/100\n|switch|p1a: Exeggutor|Exeggutor|100/100\n|\n|upkeep\n|turn|4\n|inactive|LNumbers has 270 seconds left.\n|inactive|LNumbers has 240 seconds left.\n|inactive|LNumbers has 210 seconds left.\n|inactive|LNumbers has 180 seconds left.\n|\n|t:|1790518307\n|move|p2a: Starmie|Blizzard|p1a: Exeggutor\n|-supereffective|p1a: Exeggutor\n|-damage|p1a: Exeggutor|59/100\n|move|p1a: Exeggutor|Sleep Powder|p2a: Starmie\n|-status|p2a: Starmie|slp|[from] move: Sleep Powder\n|\n|upkeep\n|turn|5\n|\n|t:|1790518319\n|switch|p2a: Exeggutor|Exeggutor|100/100\n|move|p1a: Exeggutor|Stun Spore|p2a: Exeggutor\n|-status|p2a: Exeggutor|par\n|\n|upkeep\n|turn|6\n|inactive|LNumbers has 150 seconds left.\n|\n|t:|1790518337\n|switch|p1a: Starmie|Starmie|100/100 par\n|move|p2a: Exeggutor|Psychic|p1a: Starmie\n|-resisted|p1a: Starmie\n|-damage|p1a: Starmie|83/100 par\n|\n|upkeep\n|turn|7\n|inactive|LNumbers has 150 seconds left.\n|\n|t:|1790518348\n|move|p1a: Starmie|Surf|p2a: Exeggutor\n|-crit|p2a: Exeggutor\n|-resisted|p2a: Exeggutor\n|-damage|p2a: Exeggutor|78/100 par\n|move|p2a: Exeggutor|Psychic|p1a: Starmie\n|-crit|p1a: Starmie\n|-resisted|p1a: Starmie\n|-damage|p1a: Starmie|44/100 par\n|\n|upkeep\n|turn|8\n|\n|t:|1790518352\n|switch|p2a: Tauros|Tauros|100/100\n|move|p1a: Starmie|Recover|p1a: Starmie\n|-heal|p1a: Starmie|94/100 par\n|\n|upkeep\n|turn|9\n|inactive|LNumbers has 150 seconds left.\n|\n|t:|1790518388\n|move|p2a: Tauros|Body Slam|p1a: Starmie\n|-crit|p1a: Starmie\n|-damage|p1a: Starmie|29/100 par\n|move|p1a: Starmie|Surf|p2a: Tauros\n|-damage|p2a: Tauros|58/100\n|\n|upkeep\n|turn|10\n|\n|t:|1790518403\n|switch|p1a: Snorlax|Snorlax|100/100\n|move|p2a: Tauros|Body Slam|p1a: Snorlax\n|-damage|p1a: Snorlax|74/100\n|\n|upkeep\n|turn|11\n|\n|t:|1790518412\n|switch|p2a: Gengar|Gengar|100/100\n|move|p1a: Snorlax|Body Slam|p2a: Gengar\n|-immune|p2a: Gengar\n|\n|upkeep\n|turn|12\n|inactive|LNumbers has 120 seconds left.\n|\n|t:|1790518444\n|switch|p1a: Exeggutor|Exeggutor|59/100\n|move|p2a: Gengar|Hypnosis|p1a: Exeggutor\n|-status|p1a: Exeggutor|slp|[from] move: Hypnosis\n|\n|upkeep\n|turn|13\n|inactive|LNumbers has 120 seconds left.\n|\n|t:|1790518483\n|switch|p2a: Chansey|Chansey|75/100\n|switch|p1a: Chansey|Chansey|100/100\n|\n|upkeep\n|turn|14\n|\n|t:|1790518490\n|move|p1a: Chansey|Thunder Wave|p2a: Chansey\n|-status|p2a: Chansey|par\n|move|p2a: Chansey|Thunder Wave|p1a: Chansey\n|-status|p1a: Chansey|par\n|\n|upkeep\n|turn|15\n|inactive|LNumbers has 90 seconds left.\n|\n|t:|1790518532\n|move|p2a: Chansey|Reflect|p2a: Chansey\n|-start|p2a: Chansey|Reflect\n|cant|p1a: Chansey|par\n|\n|upkeep\n|turn|16\n|\n|t:|1790518537\n|move|p1a: Chansey|Seismic Toss|p2a: Chansey\n|-damage|p2a: Chansey|61/100 par\n|move|p2a: Chansey|Seismic Toss|p1a: Chansey\n|-damage|p1a: Chansey|86/100 par\n|\n|upkeep\n|turn|17\n|\n|t:|1790518543\n|move|p2a: Chansey|Seismic Toss|p1a: Chansey\n|-damage|p1a: Chansey|72/100 par\n|move|p1a: Chansey|Seismic Toss|p2a: Chansey\n|-damage|p2a: Chansey|46/100 par\n|\n|upkeep\n|turn|18\n|inactive|LNumbers has 90 seconds left.\n|inactive|LNumbers has 60 seconds left.\n|\n|t:|1790518587\n|move|p1a: Chansey|Soft-Boiled|p1a: Chansey\n|-heal|p1a: Chansey|100/100 par\n|cant|p2a: Chansey|par\n|\n|upkeep\n|turn|19\n|\n|t:|1790518595\n|move|p1a: Chansey|Seismic Toss|p2a: Chansey\n|-damage|p2a: Chansey|32/100 par\n|move|p2a: Chansey|Seismic Toss|p1a: Chansey\n|-damage|p1a: Chansey|86/100 par\n|\n|upkeep\n|turn|20\n|\n|t:|1790518610\n|switch|p1a: Starmie|Starmie|29/100 par\n|move|p2a: Chansey|Soft-Boiled|p2a: Chansey\n|-heal|p2a: Chansey|82/100 par\n|\n|upkeep\n|turn|21\n|inactive|LNumbers has 60 seconds left.\n|\n|t:|1790518630\n|move|p1a: Starmie|Recover|p1a: Starmie\n|-heal|p1a: Starmie|79/100 par\n|move|p2a: Chansey|Seismic Toss|p1a: Starmie\n|-damage|p1a: Starmie|48/100 par\n|\n|upkeep\n|turn|22\n|\n|t:|1790518633\n|cant|p1a: Starmie|par\n|cant|p2a: Chansey|par\n|\n|upkeep\n|turn|23\n|\n|t:|1790518635\n|move|p1a: Starmie|Recover|p1a: Starmie\n|-heal|p1a: Starmie|98/100 par\n|cant|p2a: Chansey|par\n|\n|upkeep\n|turn|24\n|\n|t:|1790518638\n|switch|p1a: Chansey|Chansey|86/100 par\n|cant|p2a: Chansey|par\n|\n|upkeep\n|turn|25\n|\n|t:|1790518642\n|move|p1a: Chansey|Seismic Toss|p2a: Chansey\n|-damage|p2a: Chansey|68/100 par\n|move|p2a: Chansey|Seismic Toss|p1a: Chansey\n|-damage|p1a: Chansey|72/100 par\n|\n|upkeep\n|turn|26\n|\n|t:|1790518648\n|move|p1a: Chansey|Soft-Boiled|p1a: Chansey\n|-heal|p1a: Chansey|100/100 par\n|cant|p2a: Chansey|par\n|\n|upkeep\n|turn|27\n|\n|t:|1790518652\n|move|p2a: Chansey|Soft-Boiled|p2a: Chansey\n|-heal|p2a: Chansey|100/100 par\n|move|p1a: Chansey|Seismic Toss|p2a: Chansey\n|-damage|p2a: Chansey|86/100 par\n|\n|upkeep\n|turn|28\n|\n|t:|1790518654\n|move|p2a: Chansey|Seismic Toss|p1a: Chansey\n|-damage|p1a: Chansey|86/100 par\n|move|p1a: Chansey|Seismic Toss|p2a: Chansey\n|-damage|p2a: Chansey|72/100 par\n|\n|upkeep\n|turn|29\n|\n|t:|1790518656\n|move|p1a: Chansey|Seismic Toss|p2a: Chansey\n|-damage|p2a: Chansey|58/100 par\n|move|p2a: Chansey|Seismic Toss|p1a: Chansey\n|-damage|p1a: Chansey|72/100 par\n|\n|upkeep\n|turn|30\n|\n|t:|1790518660\n|move|p2a: Chansey|Soft-Boiled|p2a: Chansey\n|-heal|p2a: Chansey|100/100 par\n|cant|p1a: Chansey|par\n|\n|upkeep\n|turn|31\n|inactive|LNumbers has 150 seconds left.\n|\n|t:|1790518669\n|move|p2a: Chansey|Reflect|p2a: Chansey\n|-fail|p2a: Chansey\n|move|p1a: Chansey|Seismic Toss|p2a: Chansey\n|-damage|p2a: Chansey|86/100 par\n|\n|upkeep\n|turn|32\n|\n|t:|1790518671\n|move|p1a: Chansey|Seismic Toss|p2a: Chansey\n|-damage|p2a: Chansey|72/100 par\n|cant|p2a: Chansey|par\n|\n|upkeep\n|turn|33\n|\n|t:|1790518675\n|cant|p1a: Chansey|par\n|cant|p2a: Chansey|par\n|\n|upkeep\n|turn|34\n|\n|t:|1790518682\n|move|p1a: Chansey|Seismic Toss|p2a: Chansey\n|-damage|p2a: Chansey|58/100 par\n|move|p2a: Chansey|Reflect|p2a: Chansey\n|-fail|p2a: Chansey\n|\n|upkeep\n|turn|35\n|inactive|LNumbers has 180 seconds left.\n|\n|t:|1790518688\n|move|p1a: Chansey|Soft-Boiled|p1a: Chansey\n|-heal|p1a: Chansey|100/100 par\n|move|p2a: Chansey|Soft-Boiled|p2a: Chansey\n|-heal|p2a: Chansey|100/100 par\n|\n|upkeep\n|turn|36\n|\n|t:|1790518690\n|cant|p1a: Chansey|par\n|move|p2a: Chansey|Seismic Toss|p1a: Chansey\n|-damage|p1a: Chansey|86/100 par\n|\n|upkeep\n|turn|37\n|\n|t:|1790518692\n|move|p2a: Chansey|Seismic Toss|p1a: Chansey\n|-damage|p1a: Chansey|72/100 par\n|move|p1a: Chansey|Seismic Toss|p2a: Chansey\n|-damage|p2a: Chansey|86/100 par\n|\n|upkeep\n|turn|38\n|\n|t:|1790518696\n|move|p1a: Chansey|Seismic Toss|p2a: Chansey\n|-damage|p2a: Chansey|72/100 par\n|move|p2a: Chansey|Reflect|p2a: Chansey\n|-fail|p2a: Chansey\n|\n|upkeep\n|turn|39\n|\n|t:|1790518702\n|move|p2a: Chansey|Seismic Toss|p1a: Chansey\n|-damage|p1a: Chansey|58/100 par\n|move|p1a: Chansey|Thunder Wave|p2a: Chansey\n|-fail|p2a: Chansey|par\n|\n|upkeep\n|turn|40\n|\n|t:|1790518712\n|cant|p2a: Chansey|par\n|move|p1a: Chansey|Soft-Boiled|p1a: Chansey\n|-heal|p1a: Chansey|100/100 par\n|\n|upkeep\n|turn|41\n|\n|t:|1790518715\n|move|p1a: Chansey|Thunder Wave|p2a: Chansey\n|-fail|p2a: Chansey|par\n|cant|p2a: Chansey|par\n|\n|upkeep\n|turn|42\n|\n|t:|1790518717\n|move|p1a: Chansey|Thunder Wave|p2a: Chansey\n|-fail|p2a: Chansey|par\n|move|p2a: Chansey|Seismic Toss|p1a: Chansey\n|-damage|p1a: Chansey|86/100 par\n|\n|upkeep\n|turn|43\n|inactive|LNumbers has 240 seconds left.\n|\n|t:|1790518731\n|move|p2a: Chansey|Seismic Toss|p1a: Chansey\n|-damage|p1a: Chansey|72/100 par\n|move|p1a: Chansey|Thunder Wave|p2a: Chansey\n|-fail|p2a: Chansey|par\n|\n|upkeep\n|turn|44\n|\n|t:|1790518737\n|move|p2a: Chansey|Reflect|p2a: Chansey\n|-fail|p2a: Chansey\n|move|p1a: Chansey|Seismic Toss|p2a: Chansey\n|-damage|p2a: Chansey|58/100 par\n|\n|upkeep\n|turn|45\n|\n|t:|1790518745\n|cant|p1a: Chansey|par\n|move|p2a: Chansey|Soft-Boiled|p2a: Chansey\n|-heal|p2a: Chansey|100/100 par\n|\n|upkeep\n|turn|46\n|\n|t:|1790518749\n|cant|p1a: Chansey|par\n|move|p2a: Chansey|Reflect|p2a: Chansey\n|-fail|p2a: Chansey\n|\n|upkeep\n|turn|47\n|\n|t:|1790518751\n|move|p2a: Chansey|Reflect|p2a: Chansey\n|-fail|p2a: Chansey\n|move|p1a: Chansey|Seismic Toss|p2a: Chansey\n|-damage|p2a: Chansey|86/100 par\n|\n|upkeep\n|turn|48\n|\n|t:|1790518756\n|move|p2a: Chansey|Reflect|p2a: Chansey\n|-fail|p2a: Chansey\n|cant|p1a: Chansey|par\n|\n|upkeep\n|turn|49\n|\n|t:|1790518759\n|move|p2a: Chansey|Reflect|p2a: Chansey\n|-fail|p2a: Chansey\n|cant|p1a: Chansey|par\n|\n|upkeep\n|turn|50\n|\n|t:|1790518763\n|move|p2a: Chansey|Reflect|p2a: Chansey\n|-fail|p2a: Chansey\n|move|p1a: Chansey|Seismic Toss|p2a: Chansey\n|-damage|p2a: Chansey|72/100 par\n|\n|upkeep\n|turn|51\n|\n|t:|1790518774\n|move|p1a: Chansey|Thunder Wave|p2a: Chansey\n|-fail|p2a: Chansey|par\n|move|p2a: Chansey|Thunder Wave|p1a: Chansey\n|-fail|p1a: Chansey|par\n|\n|upkeep\n|turn|52\n|\n|t:|1790518776\n|cant|p2a: Chansey|par\n|move|p1a: Chansey|Thunder Wave|p2a: Chansey\n|-fail|p2a: Chansey|par\n|\n|upkeep\n|turn|53\n|\n|t:|1790518781\n|cant|p2a: Chansey|par\n|cant|p1a: Chansey|par\n|\n|upkeep\n|turn|54\n|\n|t:|1790518784\n|cant|p1a: Chansey|par\n|cant|p2a: Chansey|par\n|\n|upkeep\n|turn|55\n|\n|t:|1790518787\n|move|p2a: Chansey|Reflect|p2a: Chansey\n|-fail|p2a: Chansey\n|cant|p1a: Chansey|par\n|\n|upkeep\n|turn|56\n|\n|t:|1790518790\n|move|p1a: Chansey|Soft-Boiled|p1a: Chansey\n|-heal|p1a: Chansey|100/100 par\n|move|p2a: Chansey|Reflect|p2a: Chansey\n|-fail|p2a: Chansey\n|\n|upkeep\n|turn|57\n|\n|t:|1790518792\n|switch|p1a: Starmie|Starmie|98/100 par\n|move|p2a: Chansey|Seismic Toss|p1a: Starmie\n|-damage|p1a: Starmie|67/100 par\n|\n|upkeep\n|turn|58\n|\n|t:|1790518797\n|move|p1a: Starmie|Recover|p1a: Starmie\n|-heal|p1a: Starmie|100/100 par\n|cant|p2a: Chansey|par\n|\n|upkeep\n|turn|59\n|\n|t:|1790518802\n|move|p1a: Starmie|Surf|p2a: Chansey\n|-crit|p2a: Chansey\n|-damage|p2a: Chansey|44/100 par\n|move|p2a: Chansey|Seismic Toss|p1a: Starmie\n|-damage|p1a: Starmie|70/100 par\n|\n|upkeep\n|turn|60\n|\n|t:|1790518806\n|move|p1a: Starmie|Recover|p1a: Starmie\n|-heal|p1a: Starmie|100/100 par\n|move|p2a: Chansey|Soft-Boiled|p2a: Chansey\n|-heal|p2a: Chansey|94/100 par\n|\n|upkeep\n|turn|61\n|\n|t:|1790518810\n|move|p1a: Starmie|Surf|p2a: Chansey\n|-damage|p2a: Chansey|79/100 par\n|move|p2a: Chansey|Seismic Toss|p1a: Starmie\n|-damage|p1a: Starmie|70/100 par\n|\n|upkeep\n|turn|62\n|\n|t:|1790518826\n|move|p1a: Starmie|Recover|p1a: Starmie\n|-heal|p1a: Starmie|100/100 par\n|move|p2a: Chansey|Reflect|p2a: Chansey\n|-fail|p2a: Chansey\n|\n|upkeep\n|turn|63\n|\n|t:|1790518837\n|move|p1a: Starmie|Surf|p2a: Chansey\n|-damage|p2a: Chansey|64/100 par\n|move|p2a: Chansey|Seismic Toss|p1a: Starmie\n|-damage|p1a: Starmie|70/100 par\n|\n|upkeep\n|turn|64\n|\n|t:|1790518843\n|move|p1a: Starmie|Recover|p1a: Starmie\n|-heal|p1a: Starmie|100/100 par\n|cant|p2a: Chansey|par\n|\n|upkeep\n|turn|65\n|\n|t:|1790518847\n|move|p1a: Starmie|Surf|p2a: Chansey\n|-crit|p2a: Chansey\n|-damage|p2a: Chansey|35/100 par\n|cant|p2a: Chansey|par\n|\n|upkeep\n|turn|66\n|\n|t:|1790518852\n|cant|p1a: Starmie|par\n|move|p2a: Chansey|Soft-Boiled|p2a: Chansey\n|-heal|p2a: Chansey|85/100 par\n|\n|upkeep\n|turn|67\n|\n|t:|1790518858\n|move|p1a: Starmie|Thunderbolt|p2a: Chansey\n|-damage|p2a: Chansey|74/100 par\n|cant|p2a: Chansey|par\n|\n|upkeep\n|turn|68\n|\n|t:|1790518866\n|move|p1a: Starmie|Thunderbolt|p2a: Chansey\n|-damage|p2a: Chansey|65/100 par\n|move|p2a: Chansey|Reflect|p2a: Chansey\n|-fail|p2a: Chansey\n|\n|upkeep\n|turn|69\n|\n|t:|1790518871\n|move|p1a: Starmie|Thunderbolt|p2a: Chansey\n|-damage|p2a: Chansey|54/100 par\n|move|p2a: Chansey|Seismic Toss|p1a: Starmie\n|-damage|p1a: Starmie|70/100 par\n|\n|upkeep\n|turn|70\n|\n|t:|1790518881\n|move|p1a: Starmie|Recover|p1a: Starmie\n|-heal|p1a: Starmie|100/100 par\n|move|p2a: Chansey|Soft-Boiled|p2a: Chansey\n|-heal|p2a: Chansey|100/100 par\n|\n|upkeep\n|turn|71\n|\n|t:|1790518899\n|move|p1a: Starmie|Thunderbolt|p2a: Chansey\n|-damage|p2a: Chansey|90/100 par\n|move|p2a: Chansey|Seismic Toss|p1a: Starmie\n|-damage|p1a: Starmie|70/100 par\n|\n|upkeep\n|turn|72\n|\n|t:|1790518906\n|switch|p2a: Tauros|Tauros|58/100\n|move|p1a: Starmie|Recover|p1a: Starmie\n|-heal|p1a: Starmie|100/100 par\n|\n|upkeep\n|turn|73\n|\n|t:|1790518913\n|switch|p2a: Chansey|Chansey|90/100 par\n|move|p1a: Starmie|Surf|p2a: Chansey\n|-crit|p2a: Chansey\n|-damage|p2a: Chansey|60/100 par\n|\n|upkeep\n|turn|74\n|\n|t:|1790518921\n|switch|p1a: Snorlax|Snorlax|74/100\n|move|p2a: Chansey|Thunder Wave|p1a: Snorlax\n|-status|p1a: Snorlax|par\n|\n|upkeep\n|turn|75\n|inactive|LNumbers has 270 seconds left.\n|\n|t:|1790518962\n|move|p2a: Chansey|Reflect|p2a: Chansey\n|-start|p2a: Chansey|Reflect\n|move|p1a: Snorlax|Body Slam|p2a: Chansey\n|-damage|p2a: Chansey|40/100 par\n|\n|upkeep\n|turn|76\n|\n|t:|1790518965\n|move|p2a: Chansey|Soft-Boiled|p2a: Chansey\n|-heal|p2a: Chansey|90/100 par\n|move|p1a: Snorlax|Body Slam|p2a: Chansey\n|-damage|p2a: Chansey|69/100 par\n|\n|upkeep\n|turn|77\n|\n|t:|1790518971\n|switch|p2a: Gengar|Gengar|100/100\n|move|p1a: Snorlax|Body Slam|p2a: Gengar\n|-immune|p2a: Gengar\n|\n|upkeep\n|turn|78\n|\n|t:|1790518985\n|move|p2a: Gengar|Night Shade|p1a: Snorlax\n|-damage|p1a: Snorlax|55/100 par\n|move|p1a: Snorlax|Rest|p1a: Snorlax\n|-status|p1a: Snorlax|slp|[from] move: Rest\n|-heal|p1a: Snorlax|100/100 slp|[silent]\n|\n|upkeep\n|turn|79\n|\n|t:|1790518991\n|move|p2a: Gengar|Psychic|p1a: Snorlax\n|-damage|p1a: Snorlax|78/100 slp\n|cant|p1a: Snorlax|slp\n|\n|upkeep\n|turn|80\n|\n|t:|1790518994\n|move|p2a: Gengar|Psychic|p1a: Snorlax\n|-damage|p1a: Snorlax|57/100 slp\n|-curestatus|p1a: Snorlax|slp|[msg]\n|\n|upkeep\n|turn|81\n|\n|t:|1790519000\n|switch|p1a: Chansey|Chansey|100/100 par\n|move|p2a: Gengar|Night Shade|p1a: Chansey\n|-damage|p1a: Chansey|86/100 par\n|\n|upkeep\n|turn|82\n|\n|t:|1790519008\n|switch|p2a: Chansey|Chansey|69/100 par\n|move|p1a: Chansey|Seismic Toss|p2a: Chansey\n|-damage|p2a: Chansey|55/100 par\n|\n|upkeep\n|turn|83\n|\n|t:|1790519015\n|move|p1a: Chansey|Seismic Toss|p2a: Chansey\n|-damage|p2a: Chansey|41/100 par\n|move|p2a: Chansey|Soft-Boiled|p2a: Chansey\n|-heal|p2a: Chansey|91/100 par\n|\n|upkeep\n|turn|84\n|\n|t:|1790519020\n|move|p1a: Chansey|Seismic Toss|p2a: Chansey\n|-damage|p2a: Chansey|76/100 par\n|move|p2a: Chansey|Reflect|p2a: Chansey\n|-start|p2a: Chansey|Reflect\n|\n|upkeep\n|turn|85\n|\n|t:|1790519024\n|move|p2a: Chansey|Seismic Toss|p1a: Chansey\n|-damage|p1a: Chansey|72/100 par\n|move|p1a: Chansey|Seismic Toss|p2a: Chansey\n|-damage|p2a: Chansey|62/100 par\n|\n|upkeep\n|turn|86\n|\n|t:|1790519028\n|move|p1a: Chansey|Soft-Boiled|p1a: Chansey\n|-heal|p1a: Chansey|100/100 par\n|move|p2a: Chansey|Thunder Wave|p1a: Chansey\n|-fail|p1a: Chansey|par\n|\n|upkeep\n|turn|87\n|\n|t:|1790519031\n|switch|p1a: Starmie|Starmie|100/100 par\n|move|p2a: Chansey|Seismic Toss|p1a: Starmie\n|-damage|p1a: Starmie|70/100 par\n|\n|upkeep\n|turn|88\n|\n|t:|1790519043\n|move|p1a: Starmie|Recover|p1a: Starmie\n|-heal|p1a: Starmie|100/100 par\n|move|p2a: Chansey|Seismic Toss|p1a: Starmie\n|-damage|p1a: Starmie|70/100 par\n|\n|upkeep\n|turn|89\n|\n|t:|1790519056\n|cant|p1a: Starmie|par\n|move|p2a: Chansey|Seismic Toss|p1a: Starmie\n|-damage|p1a: Starmie|39/100 par\n|\n|upkeep\n|turn|90\n|\n|t:|1790519059\n|switch|p2a: Tauros|Tauros|58/100\n|cant|p1a: Starmie|par\n|\n|upkeep\n|turn|91\n|inactive|LNumbers has 270 seconds left.\n|inactive|LNumbers has 240 seconds left.\n|inactive|LNumbers has 210 seconds left.\n|inactive|LNumbers has 180 seconds left.\n|inactive|LNumbers has 150 seconds left.\n|inactive|LNumbers has 120 seconds left.\n|inactive|LNumbers has 90 seconds left.\n|inactive|LNumbers has 60 seconds left.\n|\n|t:|1790519304\n|switch|p1a: Snorlax|Snorlax|57/100\n|move|p2a: Tauros|Body Slam|p1a: Snorlax\n|-damage|p1a: Snorlax|30/100\n|\n|upkeep\n|turn|92\n|inactive|LNumbers has 60 seconds left.\n|inactive|Amaranth has 270 seconds left.\n|inactive|LNumbers has 30 seconds left.\n|inactive|LNumbers has 20 seconds left.\n|inactive|LNumbers has 15 seconds left.\n|inactive|LNumbers has 10 seconds left.\n|\n|t:|1790519363\n|move|p2a: Tauros|Hyper Beam|p1a: Snorlax|[miss]\n|-miss|p2a: Tauros\n|move|p1a: Snorlax|Hyper Beam|p2a: Tauros\n|-damage|p2a: Tauros|0 fnt\n|faint|p2a: Tauros\n|inactive|LNumbers has 15 seconds left this turn.\n|c|☆Amaranth|sry\n|c|☆LNumbers|well\n|inactive|LNumbers has 10 seconds left.\n|\n|t:|1790519372\n|switch|p2a: Gengar|Gengar|100/100\n|turn|93\n|inactive|LNumbers has 20 seconds left this turn.\n|c|☆LNumbers|that super sucks\n|inactive|LNumbers has 15 seconds left.\n|\n|t:|1790519381\n|switch|p1a: Chansey|Chansey|100/100 par\n|move|p2a: Gengar|Psychic|p1a: Chansey\n|-damage|p1a: Chansey|90/100 par\n|\n|upkeep\n|turn|94\n|inactive|LNumbers has 25 seconds left this turn.\n|inactive|LNumbers has 20 seconds left.\n|inactive|LNumbers has 15 seconds left.\n|\n|t:|1790519396\n|move|p2a: Gengar|Psychic|p1a: Chansey\n|-damage|p1a: Chansey|78/100 par\n|-unboost|p1a: Chansey|spa|1\n|-unboost|p1a: Chansey|spd|1\n|move|p1a: Chansey|Seismic Toss|p2a: Gengar\n|-damage|p2a: Gengar|70/100\n|\n|upkeep\n|turn|95\n|inactive|LNumbers has 25 seconds left this turn.\n|inactive|LNumbers has 20 seconds left.\n|\n|t:|1790519401\n|switch|p2a: Exeggutor|Exeggutor|78/100 par\n|move|p1a: Chansey|Soft-Boiled|p1a: Chansey\n|-heal|p1a: Chansey|100/100 par\n|\n|upkeep\n|turn|96\n|inactive|LNumbers has 30 seconds left this turn.\n|\n|t:|1790519406\n|move|p2a: Exeggutor|Psychic|p1a: Chansey\n|-damage|p1a: Chansey|75/100 par\n|move|p1a: Chansey|Seismic Toss|p2a: Exeggutor\n|-damage|p2a: Exeggutor|52/100 par\n|\n|upkeep\n|turn|97\n|\n|t:|1790519415\n|cant|p2a: Exeggutor|par\n|move|p1a: Chansey|Seismic Toss|p2a: Exeggutor\n|-damage|p2a: Exeggutor|27/100 par\n|\n|upkeep\n|turn|98\n|\n|t:|1790519420\n|switch|p1a: Exeggutor|Exeggutor|59/100 slp\n|move|p2a: Exeggutor|Psychic|p1a: Exeggutor\n|-resisted|p1a: Exeggutor\n|-damage|p1a: Exeggutor|46/100 slp\n|\n|upkeep\n|turn|99\n|\n|t:|1790519426\n|switch|p2a: Snorlax|Snorlax|100/100\n|cant|p1a: Exeggutor|slp\n|\n|upkeep\n|turn|100\n|\n|t:|1790519431\n|cant|p1a: Exeggutor|slp\n|move|p2a: Snorlax|Amnesia|p2a: Snorlax\n|-boost|p2a: Snorlax|spa|2\n|-boost|p2a: Snorlax|spd|2\n|\n|upkeep\n|turn|101\n|inactive|LNumbers has 60 seconds left.\n|\n|t:|1790519440\n|switch|p1a: Chansey|Chansey|75/100 par\n|move|p2a: Snorlax|Blizzard|p1a: Chansey|[miss]\n|-miss|p2a: Snorlax\n|\n|upkeep\n|turn|102\n|\n|t:|1790519445\n|move|p2a: Snorlax|Body Slam|p1a: Chansey\n|-damage|p1a: Chansey|33/100 par\n|move|p1a: Chansey|Thunder Wave|p2a: Snorlax\n|-status|p2a: Snorlax|par\n|\n|upkeep\n|turn|103\n|\n|t:|1790519451\n|move|p1a: Chansey|Soft-Boiled|p1a: Chansey\n|-heal|p1a: Chansey|83/100 par\n|cant|p2a: Snorlax|par\n|\n|upkeep\n|turn|104\n|\n|t:|1790519461\n|move|p1a: Chansey|Seismic Toss|p2a: Snorlax\n|-damage|p2a: Snorlax|81/100 par\n|move|p2a: Snorlax|Amnesia|p2a: Snorlax\n|-boost|p2a: Snorlax|spa|2\n|-boost|p2a: Snorlax|spd|2\n|\n|upkeep\n|turn|105\n|\n|t:|1790519465\n|switch|p1a: Exeggutor|Exeggutor|46/100 slp\n|move|p2a: Snorlax|Body Slam|p1a: Exeggutor\n|-damage|p1a: Exeggutor|16/100 slp\n|\n|upkeep\n|turn|106\n|\n|t:|1790519468\n|cant|p1a: Exeggutor|slp\n|move|p2a: Snorlax|Body Slam|p1a: Exeggutor\n|-damage|p1a: Exeggutor|0 fnt\n|faint|p1a: Exeggutor\n|\n|t:|1790519470\n|switch|p1a: Snorlax|Snorlax|30/100\n|turn|107\n|\n|t:|1790519474\n|switch|p2a: Gengar|Gengar|70/100\n|move|p1a: Snorlax|Hyper Beam|p2a: Gengar\n|-immune|p2a: Gengar\n|\n|upkeep\n|turn|108\n|\n|t:|1790519478\n|switch|p1a: Chansey|Chansey|83/100 par\n|move|p2a: Gengar|Psychic|p1a: Chansey\n|-crit|p1a: Chansey\n|-damage|p1a: Chansey|60/100 par\n|\n|upkeep\n|turn|109\n|\n|t:|1790519492\n|switch|p2a: Snorlax|Snorlax|81/100 par\n|cant|p1a: Chansey|par\n|\n|upkeep\n|turn|110\n|\n|t:|1790519498\n|switch|p1a: Snorlax|Snorlax|30/100\n|cant|p2a: Snorlax|par\n|\n|upkeep\n|turn|111\n|\n|t:|1790519507\n|switch|p2a: Gengar|Gengar|70/100\n|move|p1a: Snorlax|Rest|p1a: Snorlax\n|-status|p1a: Snorlax|slp|[from] move: Rest\n|-heal|p1a: Snorlax|100/100 slp|[silent]\n|\n|upkeep\n|turn|112\n|\n|t:|1790519510\n|switch|p1a: Chansey|Chansey|60/100 par\n|move|p2a: Gengar|Psychic|p1a: Chansey\n|-damage|p1a: Chansey|47/100 par\n|\n|upkeep\n|turn|113\n|\n|t:|1790519516\n|switch|p2a: Exeggutor|Exeggutor|27/100 par\n|move|p1a: Chansey|Soft-Boiled|p1a: Chansey\n|-heal|p1a: Chansey|97/100 par\n|\n|upkeep\n|turn|114\n|\n|t:|1790519521\n|switch|p1a: Starmie|Starmie|39/100 par\n|move|p2a: Exeggutor|Explosion|p1a: Starmie\n|-damage|p1a: Starmie|0 fnt\n|faint|p1a: Starmie\n|faint|p2a: Exeggutor\n|\n|t:|1790519538\n|switch|p1a: Zapdos|Zapdos|100/100\n|switch|p2a: Gengar|Gengar|70/100\n|turn|115\n|\n|t:|1790519545\n|switch|p2a: Snorlax|Snorlax|81/100 par\n|switch|p1a: Chansey|Chansey|97/100 par\n|\n|upkeep\n|turn|116\n|\n|t:|1790519560\n|switch|p1a: Snorlax|Snorlax|100/100 slp\n|move|p2a: Snorlax|Amnesia|p2a: Snorlax\n|-boost|p2a: Snorlax|spa|2\n|-boost|p2a: Snorlax|spd|2\n|\n|upkeep\n|turn|117\n|\n|t:|1790519562\n|cant|p1a: Snorlax|slp\n|move|p2a: Snorlax|Blizzard|p1a: Snorlax\n|-damage|p1a: Snorlax|62/100 slp\n|\n|upkeep\n|turn|118\n|\n|t:|1790519587\n|-curestatus|p1a: Snorlax|slp|[msg]\n|cant|p2a: Snorlax|par\n|\n|upkeep\n|turn|119\n|\n|t:|1790519592\n|switch|p2a: Gengar|Gengar|70/100\n|move|p1a: Snorlax|Hyper Beam|p2a: Gengar\n|-immune|p2a: Gengar\n|\n|upkeep\n|turn|120\n|\n|t:|1790519600\n|switch|p1a: Chansey|Chansey|97/100 par\n|move|p2a: Gengar|Psychic|p1a: Chansey\n|-damage|p1a: Chansey|85/100 par\n|\n|upkeep\n|turn|121\n|\n|t:|1790519602\n|switch|p2a: Chansey|Chansey|62/100 par\n|move|p1a: Chansey|Seismic Toss|p2a: Chansey\n|-damage|p2a: Chansey|48/100 par\n|\n|upkeep\n|turn|122\n|\n|t:|1790519627\n|move|p2a: Chansey|Soft-Boiled|p2a: Chansey\n|-heal|p2a: Chansey|98/100 par\n|move|p1a: Chansey|Thunder Wave|p2a: Chansey\n|-fail|p2a: Chansey|par\n|\n|upkeep\n|turn|123\n|\n|t:|1790519637\n|move|p1a: Chansey|Thunder Wave|p2a: Chansey\n|-fail|p2a: Chansey|par\n|move|p2a: Chansey|Reflect|p2a: Chansey\n|-start|p2a: Chansey|Reflect\n|\n|upkeep\n|turn|124\n|\n|t:|1790519645\n|move|p1a: Chansey|Thunder Wave|p2a: Chansey\n|-fail|p2a: Chansey|par\n|move|p2a: Chansey|Reflect|p2a: Chansey\n|-fail|p2a: Chansey\n|\n|upkeep\n|turn|125\n|\n|t:|1790519648\n|move|p2a: Chansey|Thunder Wave|p1a: Chansey\n|-fail|p1a: Chansey|par\n|cant|p1a: Chansey|par\n|\n|upkeep\n|turn|126\n|\n|t:|1790519650\n|cant|p1a: Chansey|par\n|move|p2a: Chansey|Reflect|p2a: Chansey\n|-fail|p2a: Chansey\n|\n|upkeep\n|turn|127\n|\n|t:|1790519652\n|move|p1a: Chansey|Thunder Wave|p2a: Chansey\n|-fail|p2a: Chansey|par\n|move|p2a: Chansey|Reflect|p2a: Chansey\n|-fail|p2a: Chansey\n|\n|upkeep\n|turn|128\n|\n|t:|1790519654\n|move|p2a: Chansey|Reflect|p2a: Chansey\n|-fail|p2a: Chansey\n|move|p1a: Chansey|Thunder Wave|p2a: Chansey\n|-fail|p2a: Chansey|par\n|\n|upkeep\n|turn|129\n|\n|t:|1790519656\n|cant|p1a: Chansey|par\n|cant|p2a: Chansey|par\n|\n|upkeep\n|turn|130\n|\n|t:|1790519659\n|move|p2a: Chansey|Reflect|p2a: Chansey\n|-fail|p2a: Chansey\n|cant|p1a: Chansey|par\n|\n|upkeep\n|turn|131\n|\n|t:|1790519662\n|move|p1a: Chansey|Thunder Wave|p2a: Chansey\n|-fail|p2a: Chansey|par\n|move|p2a: Chansey|Thunder Wave|p1a: Chansey\n|-fail|p1a: Chansey|par\n|\n|upkeep\n|turn|132\n|\n|t:|1790519668\n|move|p1a: Chansey|Thunder Wave|p2a: Chansey\n|-fail|p2a: Chansey|par\n|move|p2a: Chansey|Thunder Wave|p1a: Chansey\n|-fail|p1a: Chansey|par\n|\n|upkeep\n|turn|133\n|\n|t:|1790519674\n|move|p1a: Chansey|Thunder Wave|p2a: Chansey\n|-fail|p2a: Chansey|par\n|move|p2a: Chansey|Thunder Wave|p1a: Chansey\n|-fail|p1a: Chansey|par\n|\n|upkeep\n|turn|134\n|\n|t:|1790519676\n|switch|p2a: Snorlax|Snorlax|81/100 par\n|move|p1a: Chansey|Thunder Wave|p2a: Snorlax|[miss]\n|-miss|p1a: Chansey\n|-hint|In Gen 1, moves with 100% accuracy can still miss 1/256 of the time.\n|\n|upkeep\n|turn|135\n|\n|t:|1790519683\n|move|p1a: Chansey|Thunderbolt|p2a: Snorlax\n|-crit|p2a: Snorlax\n|-damage|p2a: Snorlax|41/100 par\n|move|p2a: Snorlax|Body Slam|p1a: Chansey\n|-damage|p1a: Chansey|46/100 par\n|\n|upkeep\n|turn|136\n|\n|t:|1790519707\n|switch|p1a: Snorlax|Snorlax|62/100\n|move|p2a: Snorlax|Body Slam|p1a: Snorlax\n|-damage|p1a: Snorlax|35/100\n|\n|upkeep\n|turn|137\n|\n|t:|1790519711\n|switch|p2a: Gengar|Gengar|70/100\n|move|p1a: Snorlax|Rest|p1a: Snorlax\n|-status|p1a: Snorlax|slp|[from] move: Rest\n|-heal|p1a: Snorlax|100/100 slp|[silent]\n|\n|upkeep\n|turn|138\n|\n|t:|1790519716\n|move|p2a: Gengar|Psychic|p1a: Snorlax\n|-damage|p1a: Snorlax|80/100 slp\n|-unboost|p1a: Snorlax|spa|1\n|-unboost|p1a: Snorlax|spd|1\n|cant|p1a: Snorlax|slp\n|\n|upkeep\n|turn|139\n|inactive|LNumbers has 270 seconds left.\n|\n|t:|1790519753\n|move|p2a: Gengar|Psychic|p1a: Snorlax\n|-damage|p1a: Snorlax|45/100 slp\n|-curestatus|p1a: Snorlax|slp|[msg]\n|\n|upkeep\n|turn|140\n|inactive|LNumbers has 270 seconds left.\n|\n|t:|1790519769\n|switch|p2a: Snorlax|Snorlax|41/100 par\n|move|p1a: Snorlax|Rest|p1a: Snorlax\n|-status|p1a: Snorlax|slp|[from] move: Rest\n|-heal|p1a: Snorlax|100/100 slp|[silent]\n|\n|upkeep\n|turn|141\n|\n|t:|1790519779\n|cant|p1a: Snorlax|slp\n|move|p2a: Snorlax|Body Slam|p1a: Snorlax\n|-damage|p1a: Snorlax|72/100 slp\n|\n|upkeep\n|turn|142\n|inactive|LNumbers has 270 seconds left.\n|\n|t:|1790519790\n|-curestatus|p1a: Snorlax|slp|[msg]\n|move|p2a: Snorlax|Body Slam|p1a: Snorlax\n|-damage|p1a: Snorlax|45/100\n|\n|upkeep\n|turn|143\n|inactive|LNumbers has 270 seconds left.\n|\n|t:|1790519810\n|switch|p2a: Gengar|Gengar|70/100\n|move|p1a: Snorlax|Body Slam|p2a: Gengar\n|-immune|p2a: Gengar\n|\n|upkeep\n|turn|144\n|\n|t:|1790519817\n|switch|p2a: Snorlax|Snorlax|41/100 par\n|move|p1a: Snorlax|Rest|p1a: Snorlax\n|-status|p1a: Snorlax|slp|[from] move: Rest\n|-heal|p1a: Snorlax|100/100 slp|[silent]\n|\n|upkeep\n|turn|145\n|inactive|LNumbers has 270 seconds left.\n|\n|t:|1790519841\n|cant|p1a: Snorlax|slp\n|move|p2a: Snorlax|Body Slam|p1a: Snorlax\n|-damage|p1a: Snorlax|73/100 slp\n|\n|upkeep\n|turn|146\n|\n|t:|1790519843\n|-curestatus|p1a: Snorlax|slp|[msg]\n|move|p2a: Snorlax|Body Slam|p1a: Snorlax\n|-damage|p1a: Snorlax|46/100\n|\n|upkeep\n|turn|147\n|inactive|LNumbers has 270 seconds left.\n|\n|t:|1790519858\n|switch|p2a: Gengar|Gengar|70/100\n|move|p1a: Snorlax|Reflect|p1a: Snorlax\n|-start|p1a: Snorlax|Reflect\n|\n|upkeep\n|turn|148\n|\n|t:|1790519861\n|move|p2a: Gengar|Psychic|p1a: Snorlax\n|-damage|p1a: Snorlax|13/100\n|move|p1a: Snorlax|Rest|p1a: Snorlax\n|-status|p1a: Snorlax|slp|[from] move: Rest\n|-heal|p1a: Snorlax|100/100 slp|[silent]\n|\n|upkeep\n|turn|149\n|\n|t:|1790519865\n|move|p2a: Gengar|Psychic|p1a: Snorlax\n|-damage|p1a: Snorlax|68/100 slp\n|cant|p1a: Snorlax|slp\n|\n|upkeep\n|turn|150\n|\n|t:|1790519868\n|move|p2a: Gengar|Psychic|p1a: Snorlax\n|-damage|p1a: Snorlax|36/100 slp\n|-curestatus|p1a: Snorlax|slp|[msg]\n|\n|upkeep\n|turn|151\n|\n|t:|1790519883\n|move|p2a: Gengar|Psychic|p1a: Snorlax\n|-damage|p1a: Snorlax|1/100\n|move|p1a: Snorlax|Rest|p1a: Snorlax\n|-status|p1a: Snorlax|slp|[from] move: Rest\n|-heal|p1a: Snorlax|100/100 slp|[silent]\n|\n|upkeep\n|turn|152\n|\n|t:|1790519888\n|move|p2a: Gengar|Psychic|p1a: Snorlax\n|-damage|p1a: Snorlax|69/100 slp\n|cant|p1a: Snorlax|slp\n|\n|upkeep\n|turn|153\n|\n|t:|1790519892\n|move|p2a: Gengar|Psychic|p1a: Snorlax\n|-damage|p1a: Snorlax|35/100 slp\n|-unboost|p1a: Snorlax|spa|1\n|-unboost|p1a: Snorlax|spd|1\n|-curestatus|p1a: Snorlax|slp|[msg]\n|\n|upkeep\n|turn|154\n|\n|t:|1790519899\n|switch|p2a: Snorlax|Snorlax|41/100 par\n|switch|p1a: Chansey|Chansey|46/100 par\n|\n|upkeep\n|turn|155\n|inactive|LNumbers has 270 seconds left.\n|\n|t:|1790519957\n|switch|p1a: Snorlax|Snorlax|35/100\n|cant|p2a: Snorlax|par\n|\n|upkeep\n|turn|156\n|inactive|LNumbers has 240 seconds left.\n|\n|t:|1790519979\n|switch|p2a: Gengar|Gengar|70/100\n|move|p1a: Snorlax|Hyper Beam|p2a: Gengar\n|-immune|p2a: Gengar\n|\n|upkeep\n|turn|157\n|\n|t:|1790519987\n|move|p2a: Gengar|Explosion|p1a: Snorlax\n|-damage|p1a: Snorlax|0 fnt\n|faint|p1a: Snorlax\n|faint|p2a: Gengar\n|inactive|LNumbers has 240 seconds left.\n|\n|t:|1790520008\n|switch|p2a: Chansey|Chansey|98/100 par\n|switch|p1a: Tauros|Tauros|100/100\n|turn|158\n|\n|t:|1790520012\n|move|p1a: Tauros|Body Slam|p2a: Chansey\n|-crit|p2a: Chansey\n|-damage|p2a: Chansey|19/100 par\n|cant|p2a: Chansey|par\n|\n|upkeep\n|turn|159\n|\n|t:|1790520020\n|move|p1a: Tauros|Body Slam|p2a: Chansey\n|-damage|p2a: Chansey|0 fnt\n|faint|p2a: Chansey\n|\n|t:|1790520022\n|switch|p2a: Starmie|Starmie|100/100 slp\n|turn|160\n|\n|t:|1790520028\n|cant|p2a: Starmie|slp\n|move|p1a: Tauros|Body Slam|p2a: Starmie\n|-damage|p2a: Starmie|66/100 slp\n|\n|upkeep\n|turn|161\n|\n|t:|1790520031\n|cant|p2a: Starmie|slp\n|move|p1a: Tauros|Thunderbolt|p2a: Starmie\n|-crit|p2a: Starmie\n|-supereffective|p2a: Starmie\n|-damage|p2a: Starmie|0 fnt\n|faint|p2a: Starmie\n|inactive|LNumbers has 270 seconds left.\n|c|☆LNumbers|ye got zero this game\n|\n|t:|1790520037\n|switch|p2a: Snorlax|Snorlax|41/100 par\n|turn|162\n|\n|t:|1790520040\n|move|p1a: Tauros|Hyper Beam|p2a: Snorlax\n|-damage|p2a: Snorlax|0 fnt\n|faint|p2a: Snorlax\n|\n|win|Amaranth\n|c|☆Amaranth|gg\n|c|☆LNumbers|gg\n|player|p1|\n","uploadtime":1790520041,"views":"106","formatid":"gen1ou","rating":null,"private":2,"password":null}