{"id":"smogtours-gen1ou-949688","format":"[Gen 1] OU","players":["Soda Krys","TG2513"],"log":"|inactive|Battle timer is ON: inactive players will automatically lose when time's up.\n|t:|1782165241\n|gametype|singles\n|player|p1|Soda Krys|2|\n|player|p2|TG2513|brycenman|\n|gen|1\n|tier|[Gen 1] OU\n|rule|Desync Clause Mod: Desyncs changed to move failure.\n|rule|HP Percentage Mod: HP is shown in percentages\n|rule|Endless Battle Clause: Forcing endless battles is banned\n|rule|Sleep Clause Mod: Limit one foe put to sleep\n|rule|Freeze Clause Mod: Limit one foe frozen\n|rule|Species Clause: Limit one of each Pokémon\n|rule|OHKO Clause: OHKO moves are banned\n|rule|Evasion Moves Clause: Evasion moves are banned\n|\n|t:|1782165241\n|teamsize|p1|6\n|teamsize|p2|6\n|start\n|switch|p1a: Starmie|Starmie|100/100\n|switch|p2a: Jynx|Jynx|100/100\n|turn|1\n|c|☆TG2513|HF\n|\n|t:|1782165271\n|move|p1a: Starmie|Thunder Wave|p2a: Jynx\n|-status|p2a: Jynx|par\n|cant|p2a: Jynx|par\n|\n|upkeep\n|turn|2\n|\n|t:|1782165273\n|move|p1a: Starmie|Psychic|p2a: Jynx\n|-resisted|p2a: Jynx\n|-damage|p2a: Jynx|84/100 par\n|-unboost|p2a: Jynx|spa|1\n|-unboost|p2a: Jynx|spd|1\n|cant|p2a: Jynx|par\n|\n|upkeep\n|turn|3\n|\n|t:|1782165277\n|move|p1a: Starmie|Psychic|p2a: Jynx\n|-resisted|p2a: Jynx\n|-damage|p2a: Jynx|58/100 par\n|move|p2a: Jynx|Lovely Kiss|p1a: Starmie|[miss]\n|-miss|p2a: Jynx\n|\n|upkeep\n|turn|4\n|\n|t:|1782165282\n|switch|p2a: Chansey|Chansey|100/100\n|move|p1a: Starmie|Psychic|p2a: Chansey\n|-damage|p2a: Chansey|86/100\n|-unboost|p2a: Chansey|spa|1\n|-unboost|p2a: Chansey|spd|1\n|\n|upkeep\n|turn|5\n|\n|t:|1782165288\n|move|p1a: Starmie|Thunder Wave|p2a: Chansey\n|-status|p2a: Chansey|par\n|move|p2a: Chansey|Thunder Wave|p1a: Starmie\n|-status|p1a: Starmie|par\n|\n|upkeep\n|turn|6\n|\n|t:|1782165292\n|switch|p1a: Snorlax|Snorlax|100/100\n|move|p2a: Chansey|Thunderbolt|p1a: Snorlax\n|-damage|p1a: Snorlax|87/100\n|\n|upkeep\n|turn|7\n|\n|t:|1782165304\n|move|p1a: Snorlax|Body Slam|p2a: Chansey\n|-damage|p2a: Chansey|44/100 par\n|cant|p2a: Chansey|par\n|\n|upkeep\n|turn|8\n|c|☆Soda Krys|phone gaming is a little depressing\n|\n|t:|1782165318\n|switch|p2a: Snorlax|Snorlax|100/100\n|move|p1a: Snorlax|Body Slam|p2a: Snorlax\n|-damage|p2a: Snorlax|73/100\n|\n|upkeep\n|turn|9\n|\n|t:|1782165321\n|move|p1a: Snorlax|Reflect|p1a: Snorlax\n|-start|p1a: Snorlax|Reflect\n|move|p2a: Snorlax|Body Slam|p1a: Snorlax\n|-damage|p1a: Snorlax|73/100\n|\n|upkeep\n|turn|10\n|\n|t:|1782165331\n|switch|p2a: Exeggutor|Exeggutor|100/100\n|move|p1a: Snorlax|Body Slam|p2a: Exeggutor\n|-damage|p2a: Exeggutor|72/100\n|\n|upkeep\n|turn|11\n|\n|t:|1782165342\n|move|p2a: Exeggutor|Sleep Powder|p1a: Snorlax\n|-status|p1a: Snorlax|slp|[from] move: Sleep Powder\n|cant|p1a: Snorlax|slp\n|\n|upkeep\n|turn|12\n|\n|t:|1782165344\n|move|p2a: Exeggutor|Psychic|p1a: Snorlax\n|-damage|p1a: Snorlax|40/100 slp\n|cant|p1a: Snorlax|slp\n|\n|upkeep\n|turn|13\n|\n|t:|1782165348\n|switch|p1a: Exeggutor|Exeggutor|100/100\n|move|p2a: Exeggutor|Psychic|p1a: Exeggutor\n|-resisted|p1a: Exeggutor\n|-damage|p1a: Exeggutor|87/100\n|\n|upkeep\n|turn|14\n|\n|t:|1782165352\n|switch|p2a: Jynx|Jynx|58/100 par\n|switch|p1a: Tauros|Tauros|100/100\n|\n|upkeep\n|turn|15\n|\n|t:|1782165359\n|switch|p2a: Snorlax|Snorlax|73/100\n|move|p1a: Tauros|Body Slam|p2a: Snorlax\n|-damage|p2a: Snorlax|47/100\n|\n|upkeep\n|turn|16\n|\n|t:|1782165367\n|switch|p1a: Chansey|Chansey|100/100\n|move|p2a: Snorlax|Self-Destruct|p1a: Chansey\n|-damage|p1a: Chansey|0 fnt\n|faint|p1a: Chansey\n|faint|p2a: Snorlax\n|\n|t:|1782165381\n|switch|p1a: Exeggutor|Exeggutor|87/100\n|switch|p2a: Exeggutor|Exeggutor|72/100\n|turn|17\n|\n|t:|1782165385\n|move|p2a: Exeggutor|Stun Spore|p1a: Exeggutor\n|-status|p1a: Exeggutor|par\n|move|p1a: Exeggutor|Sleep Powder|p2a: Exeggutor\n|-status|p2a: Exeggutor|slp|[from] move: Sleep Powder\n|\n|upkeep\n|turn|18\n|\n|t:|1782165390\n|switch|p1a: Tauros|Tauros|100/100\n|cant|p2a: Exeggutor|slp\n|\n|upkeep\n|turn|19\n|\n|t:|1782165396\n|switch|p2a: Rhydon|Rhydon|100/100\n|move|p1a: Tauros|Body Slam|p2a: Rhydon\n|-resisted|p2a: Rhydon\n|-damage|p2a: Rhydon|90/100\n|\n|upkeep\n|turn|20\n|\n|t:|1782165402\n|switch|p1a: Exeggutor|Exeggutor|87/100 par\n|move|p2a: Rhydon|Earthquake|p1a: Exeggutor\n|-resisted|p1a: Exeggutor\n|-damage|p1a: Exeggutor|68/100 par\n|\n|upkeep\n|turn|21\n|\n|t:|1782165406\n|switch|p2a: Chansey|Chansey|44/100 par\n|switch|p1a: Tauros|Tauros|100/100\n|\n|upkeep\n|turn|22\n|\n|t:|1782165410\n|switch|p2a: Jynx|Jynx|58/100 par\n|move|p1a: Tauros|Body Slam|p2a: Jynx\n|-crit|p2a: Jynx\n|-damage|p2a: Jynx|0 fnt\n|faint|p2a: Jynx\n|\n|t:|1782165424\n|switch|p2a: Tauros|Tauros|100/100\n|turn|23\n|\n|t:|1782165426\n|move|p1a: Tauros|Body Slam|p2a: Tauros\n|-damage|p2a: Tauros|70/100\n|move|p2a: Tauros|Body Slam|p1a: Tauros\n|-crit|p1a: Tauros\n|-damage|p1a: Tauros|42/100\n|\n|upkeep\n|turn|24\n|\n|t:|1782165431\n|move|p1a: Tauros|Body Slam|p2a: Tauros\n|-damage|p2a: Tauros|41/100\n|move|p2a: Tauros|Hyper Beam|p1a: Tauros\n|-crit|p1a: Tauros\n|-damage|p1a: Tauros|0 fnt\n|faint|p1a: Tauros\n|\n|t:|1782165434\n|switch|p1a: Starmie|Starmie|100/100 par\n|turn|25\n|\n|t:|1782165437\n|switch|p2a: Chansey|Chansey|44/100 par\n|switch|p1a: Golem|Golem|100/100\n|\n|upkeep\n|turn|26\n|\n|t:|1782165443\n|switch|p2a: Exeggutor|Exeggutor|72/100 slp\n|move|p1a: Golem|Earthquake|p2a: Exeggutor\n|-resisted|p2a: Exeggutor\n|-damage|p2a: Exeggutor|54/100 slp\n|\n|upkeep\n|turn|27\n|\n|t:|1782165444\n|cant|p2a: Exeggutor|slp\n|move|p1a: Golem|Body Slam|p2a: Exeggutor\n|-damage|p2a: Exeggutor|34/100 slp\n|\n|upkeep\n|turn|28\n|\n|t:|1782165447\n|cant|p2a: Exeggutor|slp\n|move|p1a: Golem|Earthquake|p2a: Exeggutor\n|-resisted|p2a: Exeggutor\n|-damage|p2a: Exeggutor|16/100 slp\n|\n|upkeep\n|turn|29\n|\n|t:|1782165452\n|cant|p2a: Exeggutor|slp\n|move|p1a: Golem|Substitute|p1a: Golem\n|-start|p1a: Golem|Substitute\n|-damage|p1a: Golem|76/100\n|\n|upkeep\n|turn|30\n|\n|t:|1782165454\n|-curestatus|p2a: Exeggutor|slp|[msg]\n|move|p1a: Golem|Body Slam|p2a: Exeggutor\n|-damage|p2a: Exeggutor|0 fnt\n|faint|p2a: Exeggutor\n|\n|t:|1782165458\n|switch|p2a: Rhydon|Rhydon|90/100\n|turn|31\n|\n|t:|1782165461\n|move|p1a: Golem|Earthquake|p2a: Rhydon\n|-supereffective|p2a: Rhydon\n|-damage|p2a: Rhydon|36/100\n|move|p2a: Rhydon|Earthquake|p1a: Golem\n|-supereffective|p1a: Golem\n|-end|p1a: Golem|Substitute\n|\n|upkeep\n|turn|32\n|\n|t:|1782165466\n|move|p1a: Golem|Earthquake|p2a: Rhydon\n|-supereffective|p2a: Rhydon\n|-damage|p2a: Rhydon|0 fnt\n|faint|p2a: Rhydon\n|\n|t:|1782165468\n|switch|p2a: Tauros|Tauros|41/100\n|turn|33\n|\n|t:|1782165472\n|switch|p1a: Snorlax|Snorlax|40/100 slp\n|move|p2a: Tauros|Blizzard|p1a: Snorlax\n|-damage|p1a: Snorlax|22/100 slp\n|\n|upkeep\n|turn|34\n|\n|t:|1782165475\n|move|p2a: Tauros|Body Slam|p1a: Snorlax\n|-crit|p1a: Snorlax\n|-damage|p1a: Snorlax|0 fnt\n|faint|p1a: Snorlax\n|\n|t:|1782165477\n|switch|p1a: Exeggutor|Exeggutor|68/100 par\n|turn|35\n|\n|t:|1782165483\n|move|p2a: Tauros|Blizzard|p1a: Exeggutor\n|-supereffective|p1a: Exeggutor\n|-damage|p1a: Exeggutor|33/100 par\n|move|p1a: Exeggutor|Explosion|p2a: Tauros\n|-damage|p2a: Tauros|0 fnt\n|faint|p2a: Tauros\n|faint|p1a: Exeggutor\n|\n|t:|1782165488\n|switch|p2a: Chansey|Chansey|44/100 par\n|switch|p1a: Golem|Golem|76/100\n|turn|36\n|\n|t:|1782165492\n|move|p1a: Golem|Explosion|p2a: Chansey\n|-crit|p2a: Chansey\n|-damage|p2a: Chansey|0 fnt\n|faint|p2a: Chansey\n|faint|p1a: Golem\n|\n|win|Soda Krys\n|c|☆Soda Krys|gg\n|c|☆TG2513|gg 0-1\n|player|p2|\n|c|☆Soda Krys|ugh wait gimme a minute to get up a google doc\n|c|☆Soda Krys|phone gaming is depressing\n","uploadtime":1782165492,"views":"75","formatid":"gen1ou","rating":null,"private":0,"password":null}