{"id":"smogtours-gen1ou-950632","format":"[Gen 1] OU","players":["TG2513","Soda Krys"],"log":"|inactive|Battle timer is ON: inactive players will automatically lose when time's up.\n|t:|1782576943\n|gametype|singles\n|player|p1|TG2513|brycenman|\n|player|p2|Soda Krys|gwynn|\n|gen|1\n|tier|[Gen 1] OU\n|rule|Desync Clause Mod: Desyncs changed to move failure.\n|rule|HP Percentage Mod: HP is shown in percentages\n|rule|Endless Battle Clause: Forcing endless battles is banned\n|rule|Sleep Clause Mod: Limit one foe put to sleep\n|rule|Freeze Clause Mod: Limit one foe frozen\n|rule|Species Clause: Limit one of each Pokémon\n|rule|OHKO Clause: OHKO moves are banned\n|rule|Evasion Moves Clause: Evasion moves are banned\n|\n|t:|1782576943\n|teamsize|p1|6\n|teamsize|p2|6\n|start\n|switch|p1a: Gengar|Gengar|100/100\n|switch|p2a: Chansey|Chansey|100/100\n|turn|1\n|c|☆TG2513|HF\n|c|☆Soda Krys|hf\n|\n|t:|1782576960\n|move|p1a: Gengar|Hypnosis|p2a: Chansey\n|-status|p2a: Chansey|slp|[from] move: Hypnosis\n|cant|p2a: Chansey|slp\n|\n|upkeep\n|turn|2\n|\n|t:|1782576962\n|move|p1a: Gengar|Night Shade|p2a: Chansey\n|-damage|p2a: Chansey|86/100 slp\n|cant|p2a: Chansey|slp\n|\n|upkeep\n|turn|3\n|\n|t:|1782576964\n|switch|p2a: Snorlax|Snorlax|100/100\n|move|p1a: Gengar|Night Shade|p2a: Snorlax\n|-damage|p2a: Snorlax|81/100\n|\n|upkeep\n|turn|4\n|\n|t:|1782576974\n|switch|p1a: Chansey|Chansey|100/100\n|move|p2a: Snorlax|Earthquake|p1a: Chansey\n|-damage|p1a: Chansey|69/100\n|\n|upkeep\n|turn|5\n|\n|t:|1782576977\n|move|p1a: Chansey|Thunder Wave|p2a: Snorlax\n|-status|p2a: Snorlax|par\n|move|p2a: Snorlax|Self-Destruct|p1a: Chansey\n|-damage|p1a: Chansey|0 fnt\n|faint|p1a: Chansey\n|faint|p2a: Snorlax\n|\n|t:|1782576981\n|switch|p1a: Jynx|Jynx|100/100\n|switch|p2a: Gengar|Gengar|100/100\n|turn|6\n|\n|t:|1782576991\n|switch|p1a: Starmie|Starmie|100/100\n|move|p2a: Gengar|Hypnosis|p1a: Starmie\n|-status|p1a: Starmie|slp|[from] move: Hypnosis\n|\n|upkeep\n|turn|7\n|\n|t:|1782576996\n|switch|p1a: Snorlax|Snorlax|100/100\n|move|p2a: Gengar|Thunderbolt|p1a: Snorlax\n|-damage|p1a: Snorlax|78/100\n|\n|upkeep\n|turn|8\n|\n|t:|1782576999\n|move|p2a: Gengar|Thunderbolt|p1a: Snorlax\n|-crit|p1a: Snorlax\n|-damage|p1a: Snorlax|31/100\n|move|p1a: Snorlax|Earthquake|p2a: Gengar\n|-crit|p2a: Gengar\n|-supereffective|p2a: Gengar\n|-damage|p2a: Gengar|0 fnt\n|faint|p2a: Gengar\n|\n|t:|1782577005\n|switch|p2a: Tauros|Tauros|100/100\n|turn|9\n|\n|t:|1782577010\n|switch|p1a: Gengar|Gengar|100/100\n|move|p2a: Tauros|Hyper Beam|p1a: Gengar\n|-immune|p1a: Gengar\n|\n|upkeep\n|turn|10\n|\n|t:|1782577016\n|switch|p2a: Chansey|Chansey|86/100 slp\n|move|p1a: Gengar|Thunderbolt|p2a: Chansey\n|-damage|p2a: Chansey|75/100 slp\n|\n|upkeep\n|turn|11\n|\n|t:|1782577020\n|switch|p1a: Jynx|Jynx|100/100\n|switch|p2a: Jolteon|Jolteon|100/100\n|\n|upkeep\n|turn|12\n|\n|t:|1782577026\n|move|p2a: Jolteon|Thunder Wave|p1a: Jynx\n|-status|p1a: Jynx|par\n|move|p1a: Jynx|Blizzard|p2a: Jolteon|[miss]\n|-miss|p1a: Jynx\n|\n|upkeep\n|turn|13\n|\n|t:|1782577031\n|move|p2a: Jolteon|Pin Missile|p1a: Jynx\n|-supereffective|p1a: Jynx\n|-damage|p1a: Jynx|92/100 par\n|-damage|p1a: Jynx|83/100 par\n|-damage|p1a: Jynx|74/100 par\n|-damage|p1a: Jynx|66/100 par\n|-damage|p1a: Jynx|57/100 par\n|-hitcount|p1a: Jynx|5\n|move|p1a: Jynx|Blizzard|p2a: Jolteon\n|-damage|p2a: Jolteon|62/100\n|\n|upkeep\n|turn|14\n|\n|t:|1782577036\n|move|p2a: Jolteon|Pin Missile|p1a: Jynx\n|-crit|p1a: Jynx\n|-supereffective|p1a: Jynx\n|-damage|p1a: Jynx|38/100 par\n|-damage|p1a: Jynx|20/100 par\n|-damage|p1a: Jynx|1/100 par\n|-hitcount|p1a: Jynx|3\n|cant|p1a: Jynx|par\n|\n|upkeep\n|turn|15\n|\n|t:|1782577043\n|move|p2a: Jolteon|Thunderbolt|p1a: Jynx\n|-damage|p1a: Jynx|0 fnt\n|faint|p1a: Jynx\n|\n|t:|1782577048\n|switch|p1a: Tauros|Tauros|100/100\n|turn|16\n|\n|t:|1782577050\n|move|p2a: Jolteon|Thunder Wave|p1a: Tauros\n|-status|p1a: Tauros|par\n|move|p1a: Tauros|Earthquake|p2a: Jolteon\n|-supereffective|p2a: Jolteon\n|-damage|p2a: Jolteon|1/100\n|\n|upkeep\n|turn|17\n|\n|t:|1782577055\n|move|p2a: Jolteon|Thunderbolt|p1a: Tauros\n|-damage|p1a: Tauros|55/100 par\n|move|p1a: Tauros|Earthquake|p2a: Jolteon\n|-supereffective|p2a: Jolteon\n|-damage|p2a: Jolteon|0 fnt\n|faint|p2a: Jolteon\n|\n|t:|1782577058\n|switch|p2a: Starmie|Starmie|100/100\n|turn|18\n|\n|t:|1782577061\n|move|p2a: Starmie|Psychic|p1a: Tauros\n|-damage|p1a: Tauros|18/100 par\n|cant|p1a: Tauros|par\n|\n|upkeep\n|turn|19\n|\n|t:|1782577064\n|move|p2a: Starmie|Psychic|p1a: Tauros\n|-damage|p1a: Tauros|0 fnt\n|faint|p1a: Tauros\n|\n|t:|1782577071\n|switch|p1a: Snorlax|Snorlax|31/100\n|turn|20\n|\n|t:|1782577076\n|switch|p2a: Chansey|Chansey|75/100 slp\n|move|p1a: Snorlax|Self-Destruct|p2a: Chansey\n|-damage|p2a: Chansey|0 fnt\n|faint|p2a: Chansey\n|faint|p1a: Snorlax\n|\n|t:|1782577081\n|switch|p2a: Starmie|Starmie|100/100\n|switch|p1a: Gengar|Gengar|100/100\n|turn|21\n|\n|t:|1782577083\n|move|p2a: Starmie|Thunder Wave|p1a: Gengar\n|-status|p1a: Gengar|par\n|move|p1a: Gengar|Hypnosis|p2a: Starmie\n|-status|p2a: Starmie|slp|[from] move: Hypnosis\n|\n|upkeep\n|turn|22\n|\n|t:|1782577085\n|cant|p2a: Starmie|slp\n|move|p1a: Gengar|Thunderbolt|p2a: Starmie\n|-supereffective|p2a: Starmie\n|-damage|p2a: Starmie|41/100 slp\n|\n|upkeep\n|turn|23\n|\n|t:|1782577087\n|cant|p2a: Starmie|slp\n|move|p1a: Gengar|Thunderbolt|p2a: Starmie\n|-supereffective|p2a: Starmie\n|-damage|p2a: Starmie|0 fnt\n|faint|p2a: Starmie\n|\n|t:|1782577088\n|switch|p2a: Tauros|Tauros|100/100\n|turn|24\n|\n|t:|1782577091\n|move|p2a: Tauros|Earthquake|p1a: Gengar\n|-crit|p1a: Gengar\n|-supereffective|p1a: Gengar\n|-damage|p1a: Gengar|0 fnt\n|faint|p1a: Gengar\n|\n|t:|1782577093\n|switch|p1a: Starmie|Starmie|100/100 slp\n|turn|25\n|\n|t:|1782577094\n|cant|p1a: Starmie|slp\n|move|p2a: Tauros|Body Slam|p1a: Starmie\n|-damage|p1a: Starmie|64/100 slp\n|\n|upkeep\n|turn|26\n|\n|t:|1782577096\n|cant|p1a: Starmie|slp\n|move|p2a: Tauros|Body Slam|p1a: Starmie\n|-damage|p1a: Starmie|30/100 slp\n|\n|upkeep\n|turn|27\n|\n|t:|1782577097\n|cant|p1a: Starmie|slp\n|move|p2a: Tauros|Body Slam|p1a: Starmie\n|-damage|p1a: Starmie|0 fnt\n|faint|p1a: Starmie\n|\n|win|Soda Krys\n|c|☆Soda Krys|gg\n|c|☆Soda Krys|10-13\n|player|p1|\n","uploadtime":1782577097,"views":"64","formatid":"gen1ou","rating":null,"private":0,"password":null}