{"id":"smogtours-gen1ou-814849","format":"[Gen 1] OU","players":["chuva de perereca","Amaranth"],"log":"|inactive|Battle timer is ON: inactive players will automatically lose when time's up.\n|t:|1737280880\n|gametype|singles\n|player|p1|chuva de perereca|lyra|\n|player|p2|Amaranth|#amaranth|\n|teamsize|p1|6\n|teamsize|p2|6\n|gen|1\n|tier|[Gen 1] OU\n|rule|Desync Clause Mod: Desyncs changed to move failure.\n|rule|Sleep Clause Mod: Limit one foe put to sleep\n|rule|Freeze Clause Mod: Limit one foe frozen\n|rule|Species Clause: Limit one of each Pokémon\n|rule|OHKO Clause: OHKO moves are banned\n|rule|Evasion Moves Clause: Evasion moves are banned\n|rule|Endless Battle Clause: Forcing endless battles is banned\n|rule|HP Percentage Mod: HP is shown in percentages\n|\n|t:|1737280880\n|start\n|switch|p1a: Jynx|Jynx|100/100\n|switch|p2a: Chansey|Chansey|100/100\n|turn|1\n|c|☆Amaranth|glhf\n|c|☆chuva de perereca|hf\n|\n|t:|1737280907\n|switch|p2a: Exeggutor|Exeggutor|100/100\n|move|p1a: Jynx|Lovely Kiss|p2a: Exeggutor|[miss]\n|-miss|p1a: Jynx\n|\n|upkeep\n|turn|2\n|\n|t:|1737280913\n|switch|p2a: Starmie|Starmie|100/100\n|move|p1a: Jynx|Lovely Kiss|p2a: Starmie|[miss]\n|-miss|p1a: Jynx\n|\n|upkeep\n|turn|3\n|rated|Smogon Premier League\n|\n|t:|1737280942\n|switch|p2a: Exeggutor|Exeggutor|100/100\n|move|p1a: Jynx|Lovely Kiss|p2a: Exeggutor\n|-status|p2a: Exeggutor|slp|[from] move: Lovely Kiss\n|\n|upkeep\n|turn|4\n|\n|t:|1737280953\n|switch|p2a: Starmie|Starmie|100/100\n|move|p1a: Jynx|Blizzard|p2a: Starmie\n|-crit|p2a: Starmie\n|-resisted|p2a: Starmie\n|-damage|p2a: Starmie|60/100\n|\n|upkeep\n|turn|5\n|\n|t:|1737280959\n|move|p2a: Starmie|Thunderbolt|p1a: Jynx\n|-crit|p1a: Jynx\n|-damage|p1a: Jynx|55/100\n|move|p1a: Jynx|Body Slam|p2a: Starmie\n|-damage|p2a: Starmie|43/100\n|\n|upkeep\n|turn|6\n|\n|t:|1737280965\n|move|p2a: Starmie|Recover|p2a: Starmie\n|-heal|p2a: Starmie|93/100\n|move|p1a: Jynx|Body Slam|p2a: Starmie\n|-crit|p2a: Starmie\n|-damage|p2a: Starmie|64/100\n|\n|upkeep\n|turn|7\n|\n|t:|1737280971\n|switch|p2a: Chansey|Chansey|100/100\n|move|p1a: Jynx|Body Slam|p2a: Chansey\n|-crit|p2a: Chansey\n|-damage|p2a: Chansey|67/100\n|\n|upkeep\n|turn|8\n|\n|t:|1737280975\n|move|p1a: Jynx|Blizzard|p2a: Chansey|[miss]\n|-miss|p1a: Jynx\n|move|p2a: Chansey|Soft-Boiled|p2a: Chansey\n|-heal|p2a: Chansey|100/100\n|\n|upkeep\n|turn|9\n|\n|t:|1737280985\n|move|p1a: Jynx|Blizzard|p2a: Chansey\n|-damage|p2a: Chansey|82/100\n|move|p2a: Chansey|Thunder Wave|p1a: Jynx\n|-status|p1a: Jynx|par\n|\n|upkeep\n|turn|10\n|\n|t:|1737280996\n|move|p2a: Chansey|Ice Beam|p1a: Jynx\n|-resisted|p1a: Jynx\n|-damage|p1a: Jynx|43/100 par\n|cant|p1a: Jynx|par\n|\n|upkeep\n|turn|11\n|\n|t:|1737281007\n|move|p2a: Chansey|Ice Beam|p1a: Jynx\n|-resisted|p1a: Jynx\n|-damage|p1a: Jynx|32/100 par\n|move|p1a: Jynx|Blizzard|p2a: Chansey|[miss]\n|-miss|p1a: Jynx\n|\n|upkeep\n|turn|12\n|\n|t:|1737281018\n|switch|p2a: Tauros|Tauros|100/100\n|move|p1a: Jynx|Rest|p1a: Jynx\n|-status|p1a: Jynx|slp|[from] move: Rest\n|-heal|p1a: Jynx|100/100 slp|[silent]\n|\n|upkeep\n|turn|13\n|\n|t:|1737281022\n|switch|p1a: Gengar|Gengar|100/100\n|move|p2a: Tauros|Body Slam|p1a: Gengar\n|-immune|p1a: Gengar\n|\n|upkeep\n|turn|14\n|\n|t:|1737281025\n|switch|p1a: Exeggutor|Exeggutor|100/100\n|move|p2a: Tauros|Earthquake|p1a: Exeggutor\n|-resisted|p1a: Exeggutor\n|-damage|p1a: Exeggutor|90/100\n|\n|upkeep\n|turn|15\n|\n|t:|1737281029\n|switch|p2a: Starmie|Starmie|64/100\n|move|p1a: Exeggutor|Stun Spore|p2a: Starmie\n|-status|p2a: Starmie|par\n|\n|upkeep\n|turn|16\n|\n|t:|1737281034\n|move|p1a: Exeggutor|Mega Drain|p2a: Starmie\n|-supereffective|p2a: Starmie\n|-damage|p2a: Starmie|32/100 par\n|-heal|p1a: Exeggutor|100/100|[from] drain|[of] p2a: Starmie\n|move|p2a: Starmie|Thunder Wave|p1a: Exeggutor\n|-status|p1a: Exeggutor|par\n|\n|upkeep\n|turn|17\n|\n|t:|1737281039\n|move|p2a: Starmie|Recover|p2a: Starmie\n|-heal|p2a: Starmie|82/100 par\n|move|p1a: Exeggutor|Mega Drain|p2a: Starmie\n|-supereffective|p2a: Starmie\n|-damage|p2a: Starmie|48/100 par\n|\n|upkeep\n|turn|18\n|\n|t:|1737281044\n|cant|p2a: Starmie|par\n|cant|p1a: Exeggutor|par\n|\n|upkeep\n|turn|19\n|\n|t:|1737281047\n|move|p2a: Starmie|Recover|p2a: Starmie\n|-heal|p2a: Starmie|98/100 par\n|move|p1a: Exeggutor|Psychic|p2a: Starmie\n|-crit|p2a: Starmie\n|-resisted|p2a: Starmie\n|-damage|p2a: Starmie|63/100 par\n|\n|upkeep\n|turn|20\n|\n|t:|1737281051\n|switch|p2a: Chansey|Chansey|82/100\n|move|p1a: Exeggutor|Mega Drain|p2a: Chansey\n|-damage|p2a: Chansey|75/100\n|\n|upkeep\n|turn|21\n|\n|t:|1737281056\n|move|p2a: Chansey|Ice Beam|p1a: Exeggutor\n|-supereffective|p1a: Exeggutor\n|-damage|p1a: Exeggutor|66/100 par\n|move|p1a: Exeggutor|Stun Spore|p2a: Chansey|[miss]\n|-miss|p1a: Exeggutor\n|\n|upkeep\n|turn|22\n|\n|t:|1737281062\n|switch|p2a: Exeggutor|Exeggutor|100/100 slp\n|cant|p1a: Exeggutor|par\n|\n|upkeep\n|turn|23\n|\n|t:|1737281068\n|switch|p2a: Chansey|Chansey|75/100\n|switch|p1a: Tauros|Tauros|100/100\n|\n|upkeep\n|turn|24\n|\n|t:|1737281077\n|switch|p1a: Jynx|Jynx|100/100 slp\n|move|p2a: Chansey|Soft-Boiled|p2a: Chansey\n|-heal|p2a: Chansey|100/100\n|\n|upkeep\n|turn|25\n|\n|t:|1737281085\n|switch|p2a: Tauros|Tauros|100/100\n|cant|p1a: Jynx|slp\n|\n|upkeep\n|turn|26\n|\n|t:|1737281092\n|switch|p1a: Snorlax|Snorlax|100/100\n|move|p2a: Tauros|Earthquake|p1a: Snorlax\n|-damage|p1a: Snorlax|81/100\n|\n|upkeep\n|turn|27\n|\n|t:|1737281104\n|switch|p2a: Chansey|Chansey|100/100\n|move|p1a: Snorlax|Body Slam|p2a: Chansey\n|-damage|p2a: Chansey|61/100\n|\n|upkeep\n|turn|28\n|\n|t:|1737281111\n|switch|p1a: Jynx|Jynx|100/100 slp\n|move|p2a: Chansey|Sing|p1a: Jynx\n|-fail|p1a: Jynx|slp\n|\n|upkeep\n|turn|29\n|\n|t:|1737281114\n|-curestatus|p1a: Jynx|slp|[msg]\n|move|p2a: Chansey|Sing|p1a: Jynx|[miss]\n|-miss|p2a: Chansey\n|\n|upkeep\n|turn|30\n|\n|t:|1737281127\n|switch|p2a: Starmie|Starmie|63/100 par\n|move|p1a: Jynx|Blizzard|p2a: Starmie\n|-resisted|p2a: Starmie\n|-damage|p2a: Starmie|41/100 par\n|\n|upkeep\n|turn|31\n|\n|t:|1737281133\n|move|p1a: Jynx|Blizzard|p2a: Starmie\n|-resisted|p2a: Starmie\n|-damage|p2a: Starmie|20/100 par\n|move|p2a: Starmie|Recover|p2a: Starmie\n|-heal|p2a: Starmie|70/100 par\n|\n|upkeep\n|turn|32\n|\n|t:|1737281140\n|switch|p1a: Exeggutor|Exeggutor|66/100 par\n|move|p2a: Starmie|Recover|p2a: Starmie\n|-heal|p2a: Starmie|100/100 par\n|\n|upkeep\n|turn|33\n|\n|t:|1737281143\n|move|p2a: Starmie|Blizzard|p1a: Exeggutor\n|-supereffective|p1a: Exeggutor\n|-damage|p1a: Exeggutor|25/100 par\n|move|p1a: Exeggutor|Mega Drain|p2a: Starmie\n|-supereffective|p2a: Starmie\n|-damage|p2a: Starmie|69/100 par\n|-heal|p1a: Exeggutor|38/100 par|[from] drain|[of] p2a: Starmie\n|\n|upkeep\n|turn|34\n|\n|t:|1737281149\n|switch|p1a: Snorlax|Snorlax|81/100\n|move|p2a: Starmie|Blizzard|p1a: Snorlax\n|-damage|p1a: Snorlax|57/100\n|\n|upkeep\n|turn|35\n|\n|t:|1737281154\n|switch|p2a: Snorlax|Snorlax|100/100\n|move|p1a: Snorlax|Body Slam|p2a: Snorlax\n|-damage|p2a: Snorlax|73/100\n|\n|upkeep\n|turn|36\n|\n|t:|1737281168\n|switch|p1a: Gengar|Gengar|100/100\n|move|p2a: Snorlax|Ice Beam|p1a: Gengar\n|-damage|p1a: Gengar|86/100\n|\n|upkeep\n|turn|37\n|\n|t:|1737281179\n|switch|p1a: Tauros|Tauros|100/100\n|switch|p2a: Starmie|Starmie|69/100 par\n|\n|upkeep\n|turn|38\n|\n|t:|1737281193\n|switch|p1a: Exeggutor|Exeggutor|38/100 par\n|move|p2a: Starmie|Recover|p2a: Starmie\n|-heal|p2a: Starmie|100/100 par\n|\n|upkeep\n|turn|39\n|\n|t:|1737281195\n|switch|p1a: Snorlax|Snorlax|57/100\n|cant|p2a: Starmie|par\n|\n|upkeep\n|turn|40\n|\n|t:|1737281199\n|move|p1a: Snorlax|Body Slam|p2a: Starmie\n|-damage|p2a: Starmie|66/100 par\n|move|p2a: Starmie|Thunder Wave|p1a: Snorlax\n|-status|p1a: Snorlax|par\n|\n|upkeep\n|turn|41\n|\n|t:|1737281205\n|switch|p2a: Snorlax|Snorlax|73/100\n|move|p1a: Snorlax|Body Slam|p2a: Snorlax\n|-damage|p2a: Snorlax|48/100\n|\n|upkeep\n|turn|42\n|\n|t:|1737281212\n|switch|p1a: Gengar|Gengar|86/100\n|move|p2a: Snorlax|Ice Beam|p1a: Gengar\n|-damage|p1a: Gengar|71/100\n|\n|upkeep\n|turn|43\n|\n|t:|1737281216\n|move|p1a: Gengar|Psychic|p2a: Snorlax\n|-damage|p2a: Snorlax|28/100\n|move|p2a: Snorlax|Rest|p2a: Snorlax\n|-status|p2a: Snorlax|slp|[from] move: Rest\n|-heal|p2a: Snorlax|100/100 slp|[silent]\n|\n|upkeep\n|turn|44\n|\n|t:|1737281219\n|move|p1a: Gengar|Psychic|p2a: Snorlax\n|-damage|p2a: Snorlax|80/100 slp\n|-unboost|p2a: Snorlax|spa|1\n|-unboost|p2a: Snorlax|spd|1\n|cant|p2a: Snorlax|slp\n|\n|upkeep\n|turn|45\n|\n|t:|1737281222\n|switch|p2a: Starmie|Starmie|66/100 par\n|move|p1a: Gengar|Psychic|p2a: Starmie\n|-resisted|p2a: Starmie\n|-damage|p2a: Starmie|54/100 par\n|-unboost|p2a: Starmie|spa|1\n|-unboost|p2a: Starmie|spd|1\n|\n|upkeep\n|turn|46\n|\n|t:|1737281225\n|move|p1a: Gengar|Thunderbolt|p2a: Starmie\n|-supereffective|p2a: Starmie\n|-damage|p2a: Starmie|0 fnt\n|faint|p2a: Starmie\n|\n|t:|1737281239\n|switch|p2a: Rhydon|Rhydon|100/100\n|turn|47\n|\n|t:|1737281260\n|move|p1a: Gengar|Psychic|p2a: Rhydon\n|-crit|p2a: Rhydon\n|-damage|p2a: Rhydon|38/100\n|move|p2a: Rhydon|Earthquake|p1a: Gengar\n|-supereffective|p1a: Gengar\n|-damage|p1a: Gengar|0 fnt\n|faint|p1a: Gengar\n|\n|t:|1737281266\n|switch|p1a: Tauros|Tauros|100/100\n|turn|48\n|inactive|Amaranth has 270 seconds left.\n|\n|t:|1737281296\n|move|p1a: Tauros|Blizzard|p2a: Rhydon\n|-supereffective|p2a: Rhydon\n|-damage|p2a: Rhydon|0 fnt\n|faint|p2a: Rhydon\n|inactive|Amaranth has 270 seconds left.\n|\n|t:|1737281306\n|switch|p2a: Tauros|Tauros|100/100\n|turn|49\n|\n|t:|1737281308\n|move|p2a: Tauros|Body Slam|p1a: Tauros\n|-crit|p1a: Tauros\n|-damage|p1a: Tauros|46/100\n|move|p1a: Tauros|Body Slam|p2a: Tauros\n|-damage|p2a: Tauros|70/100\n|\n|upkeep\n|turn|50\n|\n|t:|1737281322\n|switch|p1a: Exeggutor|Exeggutor|38/100 par\n|move|p2a: Tauros|Body Slam|p1a: Exeggutor\n|-damage|p1a: Exeggutor|11/100 par\n|\n|upkeep\n|turn|51\n|\n|t:|1737281325\n|move|p2a: Tauros|Body Slam|p1a: Exeggutor\n|-crit|p1a: Exeggutor\n|-damage|p1a: Exeggutor|0 fnt\n|faint|p1a: Exeggutor\n|\n|t:|1737281330\n|switch|p1a: Snorlax|Snorlax|57/100 par\n|turn|52\n|\n|t:|1737281346\n|switch|p2a: Snorlax|Snorlax|80/100 slp\n|move|p1a: Snorlax|Body Slam|p2a: Snorlax\n|-damage|p2a: Snorlax|53/100 slp\n|\n|upkeep\n|turn|53\n|\n|t:|1737281357\n|switch|p1a: Tauros|Tauros|46/100\n|-curestatus|p2a: Snorlax|slp|[msg]\n|\n|upkeep\n|turn|54\n|\n|t:|1737281366\n|move|p1a: Tauros|Body Slam|p2a: Snorlax\n|-damage|p2a: Snorlax|27/100\n|move|p2a: Snorlax|Reflect|p2a: Snorlax\n|-start|p2a: Snorlax|Reflect\n|\n|upkeep\n|turn|55\n|\n|t:|1737281371\n|switch|p1a: Jynx|Jynx|100/100\n|move|p2a: Snorlax|Rest|p2a: Snorlax\n|-status|p2a: Snorlax|slp|[from] move: Rest\n|-heal|p2a: Snorlax|100/100 slp|[silent]\n|\n|upkeep\n|turn|56\n|\n|t:|1737281375\n|move|p1a: Jynx|Blizzard|p2a: Snorlax\n|-crit|p2a: Snorlax\n|-damage|p2a: Snorlax|38/100 slp\n|cant|p2a: Snorlax|slp\n|\n|upkeep\n|turn|57\n|\n|t:|1737281396\n|switch|p1a: Tauros|Tauros|46/100\n|switch|p2a: Chansey|Chansey|61/100\n|\n|upkeep\n|turn|58\n|\n|t:|1737281409\n|switch|p2a: Exeggutor|Exeggutor|100/100 slp\n|move|p1a: Tauros|Body Slam|p2a: Exeggutor\n|-damage|p2a: Exeggutor|73/100 slp\n|\n|upkeep\n|turn|59\n|\n|t:|1737281425\n|move|p1a: Tauros|Body Slam|p2a: Exeggutor\n|-damage|p2a: Exeggutor|43/100 slp\n|cant|p2a: Exeggutor|slp\n|\n|upkeep\n|turn|60\n|\n|t:|1737281431\n|switch|p2a: Snorlax|Snorlax|38/100 slp\n|move|p1a: Tauros|Body Slam|p2a: Snorlax\n|-damage|p2a: Snorlax|14/100 slp\n|\n|upkeep\n|turn|61\n|\n|t:|1737281436\n|move|p1a: Tauros|Body Slam|p2a: Snorlax\n|-damage|p2a: Snorlax|0 fnt\n|faint|p2a: Snorlax\n|\n|t:|1737281437\n|switch|p2a: Tauros|Tauros|70/100\n|turn|62\n|\n|t:|1737281456\n|switch|p1a: Jynx|Jynx|100/100\n|move|p2a: Tauros|Hyper Beam|p1a: Jynx\n|-damage|p1a: Jynx|7/100\n|-mustrecharge|p2a: Tauros\n|\n|upkeep\n|turn|63\n|\n|t:|1737281461\n|cant|p2a: Tauros|recharge\n|move|p1a: Jynx|Blizzard|p2a: Tauros\n|-damage|p2a: Tauros|25/100\n|\n|upkeep\n|turn|64\n|\n|t:|1737281488\n|move|p2a: Tauros|Hyper Beam|p1a: Jynx\n|-damage|p1a: Jynx|0 fnt\n|faint|p1a: Jynx\n|\n|t:|1737281490\n|switch|p1a: Zapdos|Zapdos|100/100\n|turn|65\n|\n|t:|1737281493\n|switch|p2a: Exeggutor|Exeggutor|43/100 slp\n|move|p1a: Zapdos|Drill Peck|p2a: Exeggutor\n|-supereffective|p2a: Exeggutor\n|-damage|p2a: Exeggutor|0 fnt\n|faint|p2a: Exeggutor\n|\n|t:|1737281496\n|switch|p2a: Chansey|Chansey|61/100\n|turn|66\n|\n|t:|1737281501\n|switch|p1a: Snorlax|Snorlax|57/100 par\n|move|p2a: Chansey|Sing|p1a: Snorlax|[miss]\n|-miss|p2a: Chansey\n|\n|upkeep\n|turn|67\n|\n|t:|1737281504\n|move|p2a: Chansey|Soft-Boiled|p2a: Chansey\n|-heal|p2a: Chansey|100/100\n|move|p1a: Snorlax|Body Slam|p2a: Chansey\n|-damage|p2a: Chansey|57/100\n|\n|upkeep\n|turn|68\n|\n|t:|1737281507\n|move|p2a: Chansey|Soft-Boiled|p2a: Chansey\n|-heal|p2a: Chansey|100/100\n|move|p1a: Snorlax|Self-Destruct|p2a: Chansey\n|-damage|p2a: Chansey|0 fnt\n|faint|p2a: Chansey\n|faint|p1a: Snorlax\n|\n|t:|1737281511\n|switch|p2a: Tauros|Tauros|25/100\n|switch|p1a: Zapdos|Zapdos|100/100\n|turn|69\n|\n|t:|1737281513\n|move|p2a: Tauros|Blizzard|p1a: Zapdos\n|-supereffective|p1a: Zapdos\n|-damage|p1a: Zapdos|65/100\n|move|p1a: Zapdos|Thunderbolt|p2a: Tauros\n|-damage|p2a: Tauros|0 fnt\n|faint|p2a: Tauros\n|\n|win|chuva de perereca\n|c|☆Amaranth|gg\n|c|☆chuva de perereca|gg\n|player|p2|\n|player|p1|\n|player|p1|chuva de perereca|lyra|\n","uploadtime":1737281513,"views":"3001","formatid":"gen1ou","rating":null,"private":0,"password":null}