{"id":"smogtours-gen1ou-958229","format":"[Gen 1] OU","players":["stunner047","sadisticnarwhal"],"log":"|inactive|Battle timer is ON: inactive players will automatically lose when time's up.\n|t:|1784761765\n|gametype|singles\n|player|p1|stunner047|#rbypliiidingdangdewgongs|\n|player|p2|sadisticnarwhal|#rcop2023useast|\n|gen|1\n|tier|[Gen 1] OU\n|rule|Desync Clause Mod: Desyncs resolve to link battle behavior from the acting player's perspective.\n|rule|HP Percentage Mod: HP is shown in percentages\n|rule|Endless Battle Clause: Forcing endless battles is banned\n|rule|Sleep Clause Mod: Limit one foe put to sleep\n|rule|Freeze Clause Mod: Limit one foe frozen\n|rule|Species Clause: Limit one of each Pokémon\n|rule|OHKO Clause: OHKO moves are banned\n|rule|Evasion Moves Clause: Evasion moves are banned\n|\n|t:|1784761765\n|teamsize|p1|6\n|teamsize|p2|6\n|start\n|switch|p1a: Starmie|Starmie|100/100\n|switch|p2a: Jynx|Jynx|100/100\n|turn|1\n|c|☆stunner047|gl hf\n|c|☆sadisticnarwhal|hf\n|inactive|sadisticnarwhal has 270 seconds left.\n|\n|t:|1784761819\n|move|p1a: Starmie|Thunder Wave|p2a: Jynx\n|-status|p2a: Jynx|par\n|move|p2a: Jynx|Lovely Kiss|p1a: Starmie\n|-status|p1a: Starmie|slp|[from] move: Lovely Kiss\n|\n|upkeep\n|turn|2\n|\n|t:|1784761826\n|switch|p1a: Chansey|Chansey|100/100\n|switch|p2a: Snorlax|Snorlax|100/100\n|\n|upkeep\n|turn|3\n|\n|t:|1784761831\n|switch|p2a: Chansey|Chansey|100/100\n|move|p1a: Chansey|Thunder Wave|p2a: Chansey\n|-status|p2a: Chansey|par\n|\n|upkeep\n|turn|4\n|\n|t:|1784761836\n|switch|p1a: Snorlax|Snorlax|100/100\n|move|p2a: Chansey|Thunder Wave|p1a: Snorlax\n|-status|p1a: Snorlax|par\n|\n|upkeep\n|turn|5\n|\n|t:|1784761840\n|switch|p2a: Snorlax|Snorlax|100/100\n|move|p1a: Snorlax|Earthquake|p2a: Snorlax\n|-damage|p2a: Snorlax|80/100\n|\n|upkeep\n|turn|6\n|\n|t:|1784761843\n|switch|p1a: Chansey|Chansey|100/100\n|move|p2a: Snorlax|Body Slam|p1a: Chansey\n|-damage|p1a: Chansey|56/100\n|\n|upkeep\n|turn|7\n|inactive|sadisticnarwhal has 270 seconds left.\n|\n|t:|1784761888\n|move|p1a: Chansey|Soft-Boiled|p1a: Chansey\n|-heal|p1a: Chansey|100/100\n|move|p2a: Snorlax|Body Slam|p1a: Chansey\n|-damage|p1a: Chansey|58/100\n|\n|upkeep\n|turn|8\n|\n|t:|1784761894\n|move|p1a: Chansey|Soft-Boiled|p1a: Chansey\n|-heal|p1a: Chansey|100/100\n|move|p2a: Snorlax|Body Slam|p1a: Chansey\n|-damage|p1a: Chansey|57/100\n|\n|upkeep\n|turn|9\n|inactive|sadisticnarwhal has 270 seconds left.\n|\n|t:|1784761915\n|switch|p1a: Rhydon|Rhydon|100/100\n|move|p2a: Snorlax|Body Slam|p1a: Rhydon\n|-resisted|p1a: Rhydon\n|-damage|p1a: Rhydon|90/100\n|\n|upkeep\n|turn|10\n|\n|t:|1784761924\n|move|p1a: Rhydon|Earthquake|p2a: Snorlax\n|-damage|p2a: Snorlax|44/100\n|move|p2a: Snorlax|Reflect|p2a: Snorlax\n|-start|p2a: Snorlax|Reflect\n|\n|upkeep\n|turn|11\n|\n|t:|1784761930\n|switch|p1a: Exeggutor|Exeggutor|100/100\n|move|p2a: Snorlax|Rest|p2a: Snorlax\n|-status|p2a: Snorlax|slp|[from] move: Rest\n|-heal|p2a: Snorlax|100/100 slp|[silent]\n|\n|upkeep\n|turn|12\n|\n|t:|1784761935\n|move|p1a: Exeggutor|Psychic|p2a: Snorlax\n|-damage|p2a: Snorlax|67/100 slp\n|cant|p2a: Snorlax|slp\n|\n|upkeep\n|turn|13\n|\n|t:|1784761949\n|move|p1a: Exeggutor|Psychic|p2a: Snorlax\n|-damage|p2a: Snorlax|35/100 slp\n|-unboost|p2a: Snorlax|spa|1\n|-unboost|p2a: Snorlax|spd|1\n|-curestatus|p2a: Snorlax|slp|[msg]\n|\n|upkeep\n|turn|14\n|\n|t:|1784761956\n|switch|p2a: Chansey|Chansey|100/100 par\n|move|p1a: Exeggutor|Psychic|p2a: Chansey\n|-damage|p2a: Chansey|83/100 par\n|-unboost|p2a: Chansey|spa|1\n|-unboost|p2a: Chansey|spd|1\n|\n|upkeep\n|turn|15\n|\n|t:|1784761963\n|switch|p1a: Snorlax|Snorlax|100/100 par\n|switch|p2a: Jynx|Jynx|100/100 par\n|\n|upkeep\n|turn|16\n|\n|t:|1784761968\n|switch|p2a: Rhydon|Rhydon|100/100\n|move|p1a: Snorlax|Hyper Beam|p2a: Rhydon\n|-resisted|p2a: Rhydon\n|-damage|p2a: Rhydon|81/100\n|-mustrecharge|p1a: Snorlax\n|\n|upkeep\n|turn|17\n|\n|t:|1784761975\n|move|p2a: Rhydon|Earthquake|p1a: Snorlax\n|-damage|p1a: Snorlax|67/100 par\n|cant|p1a: Snorlax|recharge\n|\n|upkeep\n|turn|18\n|inactive|sadisticnarwhal has 270 seconds left.\n|inactive|sadisticnarwhal has 240 seconds left.\n|\n|t:|1784762042\n|switch|p1a: Exeggutor|Exeggutor|100/100\n|move|p2a: Rhydon|Earthquake|p1a: Exeggutor\n|-resisted|p1a: Exeggutor\n|-damage|p1a: Exeggutor|80/100\n|\n|upkeep\n|turn|19\n|inactive|sadisticnarwhal has 240 seconds left.\n|\n|t:|1784762052\n|switch|p2a: Chansey|Chansey|83/100 par\n|move|p1a: Exeggutor|Psychic|p2a: Chansey\n|-damage|p2a: Chansey|67/100 par\n|\n|upkeep\n|turn|20\n|inactive|sadisticnarwhal has 240 seconds left.\n|\n|t:|1784762088\n|switch|p1a: Snorlax|Snorlax|67/100 par\n|move|p2a: Chansey|Ice Beam|p1a: Snorlax\n|-damage|p1a: Snorlax|48/100 par\n|\n|upkeep\n|turn|21\n|inactive|sadisticnarwhal has 210 seconds left.\n|inactive|sadisticnarwhal has 180 seconds left.\n|\n|t:|1784762150\n|switch|p2a: Rhydon|Rhydon|81/100\n|move|p1a: Snorlax|Earthquake|p2a: Rhydon\n|-supereffective|p2a: Rhydon\n|-damage|p2a: Rhydon|46/100\n|\n|upkeep\n|turn|22\n|\n|t:|1784762157\n|switch|p1a: Exeggutor|Exeggutor|80/100\n|move|p2a: Rhydon|Rock Slide|p1a: Exeggutor\n|-damage|p1a: Exeggutor|49/100\n|\n|upkeep\n|turn|23\n|\n|t:|1784762169\n|switch|p1a: Snorlax|Snorlax|48/100 par\n|switch|p2a: Jynx|Jynx|100/100 par\n|\n|upkeep\n|turn|24\n|\n|t:|1784762188\n|switch|p2a: Rhydon|Rhydon|46/100\n|move|p1a: Snorlax|Body Slam|p2a: Rhydon\n|-resisted|p2a: Rhydon\n|-damage|p2a: Rhydon|36/100\n|\n|upkeep\n|turn|25\n|inactive|sadisticnarwhal has 150 seconds left.\n|\n|t:|1784762236\n|move|p2a: Rhydon|Earthquake|p1a: Snorlax\n|-crit|p1a: Snorlax\n|-damage|p1a: Snorlax|0 fnt\n|faint|p1a: Snorlax\n|inactive|stunner047 has 270 seconds left.\n|\n|t:|1784762247\n|switch|p1a: Tauros|Tauros|100/100\n|turn|26\n|inactive|sadisticnarwhal has 150 seconds left.\n|inactive|stunner047 has 270 seconds left.\n|inactive|sadisticnarwhal has 120 seconds left.\n|\n|t:|1784762286\n|move|p1a: Tauros|Blizzard|p2a: Rhydon\n|-supereffective|p2a: Rhydon\n|-damage|p2a: Rhydon|0 fnt\n|faint|p2a: Rhydon\n|inactive|sadisticnarwhal has 120 seconds left.\n|\n|t:|1784762293\n|switch|p2a: Starmie|Starmie|100/100\n|turn|27\n|\n|t:|1784762298\n|switch|p1a: Chansey|Chansey|57/100\n|move|p2a: Starmie|Thunder Wave|p1a: Chansey\n|-status|p1a: Chansey|par\n|\n|upkeep\n|turn|28\n|\n|t:|1784762304\n|switch|p2a: Snorlax|Snorlax|35/100\n|move|p1a: Chansey|Soft-Boiled|p1a: Chansey\n|-heal|p1a: Chansey|100/100 par\n|\n|upkeep\n|turn|29\n|\n|t:|1784762308\n|switch|p1a: Rhydon|Rhydon|90/100\n|move|p2a: Snorlax|Body Slam|p1a: Rhydon\n|-resisted|p1a: Rhydon\n|-damage|p1a: Rhydon|78/100\n|\n|upkeep\n|turn|30\n|inactive|sadisticnarwhal has 150 seconds left.\n|\n|t:|1784762314\n|switch|p2a: Starmie|Starmie|100/100\n|move|p1a: Rhydon|Earthquake|p2a: Starmie\n|-damage|p2a: Starmie|56/100\n|\n|upkeep\n|turn|31\n|\n|t:|1784762318\n|switch|p1a: Chansey|Chansey|100/100 par\n|move|p2a: Starmie|Surf|p1a: Chansey\n|-damage|p1a: Chansey|86/100 par\n|\n|upkeep\n|turn|32\n|\n|t:|1784762324\n|switch|p2a: Snorlax|Snorlax|35/100\n|move|p1a: Chansey|Thunderbolt|p2a: Snorlax\n|-damage|p2a: Snorlax|16/100\n|-status|p2a: Snorlax|par\n|\n|upkeep\n|turn|33\n|inactive|sadisticnarwhal has 150 seconds left.\n|\n|t:|1784762362\n|switch|p2a: Chansey|Chansey|67/100 par\n|move|p1a: Chansey|Thunderbolt|p2a: Chansey\n|-damage|p2a: Chansey|57/100 par\n|\n|upkeep\n|turn|34\n|\n|t:|1784762383\n|move|p1a: Chansey|Thunderbolt|p2a: Chansey\n|-damage|p2a: Chansey|46/100 par\n|cant|p2a: Chansey|par\n|\n|upkeep\n|turn|35\n|\n|t:|1784762388\n|switch|p1a: Rhydon|Rhydon|78/100\n|move|p2a: Chansey|Ice Beam|p1a: Rhydon\n|-crit|p1a: Rhydon\n|-supereffective|p1a: Rhydon\n|-damage|p1a: Rhydon|0 fnt\n|faint|p1a: Rhydon\n|\n|t:|1784762392\n|switch|p1a: Tauros|Tauros|100/100\n|turn|36\n|inactive|stunner047 has 270 seconds left.\n|inactive|sadisticnarwhal has 150 seconds left.\n|\n|t:|1784762427\n|switch|p2a: Snorlax|Snorlax|16/100 par\n|move|p1a: Tauros|Hyper Beam|p2a: Snorlax\n|-damage|p2a: Snorlax|0 fnt\n|faint|p2a: Snorlax\n|\n|t:|1784762430\n|switch|p2a: Tauros|Tauros|100/100\n|turn|37\n|\n|t:|1784762435\n|move|p1a: Tauros|Blizzard|p2a: Tauros\n|-crit|p2a: Tauros\n|-damage|p2a: Tauros|49/100\n|move|p2a: Tauros|Body Slam|p1a: Tauros\n|-damage|p1a: Tauros|72/100\n|\n|upkeep\n|turn|38\n|inactive|sadisticnarwhal has 150 seconds left.\n|\n|t:|1784762475\n|move|p2a: Tauros|Body Slam|p1a: Tauros\n|-damage|p1a: Tauros|42/100\n|move|p1a: Tauros|Hyper Beam|p2a: Tauros|[miss]\n|-miss|p1a: Tauros\n|\n|upkeep\n|turn|39\n|inactive|sadisticnarwhal has 150 seconds left.\n|\n|t:|1784762480\n|switch|p2a: Jynx|Jynx|100/100 par\n|move|p1a: Tauros|Hyper Beam|p2a: Jynx|[miss]\n|-miss|p1a: Tauros\n|\n|upkeep\n|turn|40\n|inactive|sadisticnarwhal has 150 seconds left.\n|\n|t:|1784762504\n|switch|p1a: Chansey|Chansey|86/100 par\n|move|p2a: Jynx|Ice Beam|p1a: Chansey\n|-damage|p1a: Chansey|72/100 par\n|\n|upkeep\n|turn|41\n|inactive|sadisticnarwhal has 150 seconds left.\n|\n|t:|1784762510\n|move|p2a: Jynx|Psychic|p1a: Chansey\n|-crit|p1a: Chansey\n|-damage|p1a: Chansey|42/100 par\n|move|p1a: Chansey|Thunderbolt|p2a: Jynx\n|-damage|p2a: Jynx|77/100 par\n|\n|upkeep\n|turn|42\n|inactive|sadisticnarwhal has 150 seconds left.\n|\n|t:|1784762529\n|cant|p2a: Jynx|par\n|move|p1a: Chansey|Soft-Boiled|p1a: Chansey\n|-heal|p1a: Chansey|92/100 par\n|\n|upkeep\n|turn|43\n|\n|t:|1784762534\n|move|p2a: Jynx|Psychic|p1a: Chansey\n|-damage|p1a: Chansey|77/100 par\n|-unboost|p1a: Chansey|spa|1\n|-unboost|p1a: Chansey|spd|1\n|move|p1a: Chansey|Thunderbolt|p2a: Jynx\n|-damage|p2a: Jynx|61/100 par\n|\n|upkeep\n|turn|44\n|\n|t:|1784762539\n|move|p2a: Jynx|Psychic|p1a: Chansey\n|-damage|p1a: Chansey|54/100 par\n|-unboost|p1a: Chansey|spa|1\n|-unboost|p1a: Chansey|spd|1\n|move|p1a: Chansey|Thunderbolt|p2a: Jynx\n|-crit|p2a: Jynx\n|-damage|p2a: Jynx|10/100 par\n|\n|upkeep\n|turn|45\n|inactive|sadisticnarwhal has 150 seconds left.\n|\n|t:|1784762566\n|move|p2a: Jynx|Ice Beam|p1a: Chansey\n|-damage|p1a: Chansey|23/100 par\n|move|p1a: Chansey|Soft-Boiled|p1a: Chansey\n|-heal|p1a: Chansey|73/100 par\n|\n|upkeep\n|turn|46\n|\n|t:|1784762572\n|move|p2a: Jynx|Psychic|p1a: Chansey|[miss]\n|-miss|p2a: Jynx\n|-hint|In Gen 1, moves with 100% accuracy can still miss 1/256 of the time.\n|move|p1a: Chansey|Soft-Boiled|p1a: Chansey\n|-heal|p1a: Chansey|100/100 par\n|\n|upkeep\n|turn|47\n|\n|t:|1784762590\n|move|p2a: Jynx|Ice Beam|p1a: Chansey\n|-damage|p1a: Chansey|69/100 par\n|move|p1a: Chansey|Thunderbolt|p2a: Jynx\n|-damage|p2a: Jynx|0 fnt\n|faint|p2a: Jynx\n|inactive|sadisticnarwhal has 150 seconds left.\n|\n|t:|1784762604\n|switch|p2a: Tauros|Tauros|49/100\n|turn|48\n|inactive|sadisticnarwhal has 150 seconds left.\n|\n|t:|1784762633\n|move|p2a: Tauros|Hyper Beam|p1a: Chansey\n|-damage|p1a: Chansey|1/100 par\n|-mustrecharge|p2a: Tauros\n|move|p1a: Chansey|Thunder Wave|p2a: Tauros\n|-status|p2a: Tauros|par\n|\n|upkeep\n|turn|49\n|\n|t:|1784762638\n|cant|p2a: Tauros|recharge\n|move|p1a: Chansey|Thunderbolt|p2a: Tauros\n|-damage|p2a: Tauros|35/100 par\n|\n|upkeep\n|turn|50\n|inactive|sadisticnarwhal has 150 seconds left.\n|\n|t:|1784762645\n|move|p2a: Tauros|Body Slam|p1a: Chansey\n|-damage|p1a: Chansey|0 fnt\n|faint|p1a: Chansey\n|inactive|stunner047 has 270 seconds left.\n|\n|t:|1784762679\n|switch|p1a: Tauros|Tauros|42/100\n|turn|51\n|\n|t:|1784762683\n|move|p1a: Tauros|Hyper Beam|p2a: Tauros\n|-damage|p2a: Tauros|0 fnt\n|faint|p2a: Tauros\n|\n|t:|1784762684\n|switch|p2a: Starmie|Starmie|56/100\n|turn|52\n|\n|t:|1784762691\n|switch|p1a: Exeggutor|Exeggutor|49/100\n|move|p2a: Starmie|Thunder Wave|p1a: Exeggutor\n|-status|p1a: Exeggutor|par\n|\n|upkeep\n|turn|53\n|\n|t:|1784762696\n|switch|p2a: Chansey|Chansey|46/100 par\n|move|p1a: Exeggutor|Psychic|p2a: Chansey\n|-damage|p2a: Chansey|30/100 par\n|-unboost|p2a: Chansey|spa|1\n|-unboost|p2a: Chansey|spd|1\n|\n|upkeep\n|turn|54\n|\n|t:|1784762713\n|switch|p1a: Tauros|Tauros|42/100\n|move|p2a: Chansey|Soft-Boiled|p2a: Chansey\n|-heal|p2a: Chansey|80/100 par\n|\n|upkeep\n|turn|55\n|\n|t:|1784762720\n|move|p1a: Tauros|Body Slam|p2a: Chansey\n|-damage|p2a: Chansey|44/100 par\n|move|p2a: Chansey|Thunder Wave|p1a: Tauros\n|-status|p1a: Tauros|par\n|\n|upkeep\n|turn|56\n|\n|t:|1784762731\n|move|p1a: Tauros|Hyper Beam|p2a: Chansey\n|-damage|p2a: Chansey|0 fnt\n|faint|p2a: Chansey\n|\n|t:|1784762732\n|switch|p2a: Starmie|Starmie|56/100\n|turn|57\n|\n|t:|1784762751\n|switch|p1a: Starmie|Starmie|100/100 slp\n|move|p2a: Starmie|Surf|p1a: Starmie\n|-resisted|p1a: Starmie\n|-damage|p1a: Starmie|84/100 slp\n|\n|upkeep\n|turn|58\n|\n|t:|1784762754\n|cant|p1a: Starmie|slp\n|move|p2a: Starmie|Thunderbolt|p1a: Starmie\n|-supereffective|p1a: Starmie\n|-damage|p1a: Starmie|35/100 slp\n|\n|upkeep\n|turn|59\n|\n|t:|1784762756\n|cant|p1a: Starmie|slp\n|move|p2a: Starmie|Thunderbolt|p1a: Starmie\n|-supereffective|p1a: Starmie\n|-damage|p1a: Starmie|0 fnt\n|faint|p1a: Starmie\n|\n|t:|1784762758\n|switch|p1a: Exeggutor|Exeggutor|49/100 par\n|turn|60\n|\n|t:|1784762760\n|move|p2a: Starmie|Recover|p2a: Starmie\n|-heal|p2a: Starmie|100/100\n|move|p1a: Exeggutor|Sleep Powder|p2a: Starmie|[miss]\n|-miss|p1a: Exeggutor\n|\n|upkeep\n|turn|61\n|\n|t:|1784762762\n|move|p2a: Starmie|Surf|p1a: Exeggutor\n|-resisted|p1a: Exeggutor\n|-damage|p1a: Exeggutor|36/100 par\n|move|p1a: Exeggutor|Sleep Powder|p2a: Starmie\n|-status|p2a: Starmie|slp|[from] move: Sleep Powder\n|\n|upkeep\n|turn|62\n|\n|t:|1784762764\n|-curestatus|p2a: Starmie|slp|[msg]\n|move|p1a: Exeggutor|Psychic|p2a: Starmie\n|-resisted|p2a: Starmie\n|-damage|p2a: Starmie|83/100\n|\n|upkeep\n|turn|63\n|\n|t:|1784762768\n|move|p2a: Starmie|Recover|p2a: Starmie\n|-heal|p2a: Starmie|100/100\n|move|p1a: Exeggutor|Sleep Powder|p2a: Starmie|[miss]\n|-miss|p1a: Exeggutor\n|\n|upkeep\n|turn|64\n|\n|t:|1784762770\n|move|p2a: Starmie|Surf|p1a: Exeggutor\n|-resisted|p1a: Exeggutor\n|-damage|p1a: Exeggutor|25/100 par\n|cant|p1a: Exeggutor|par\n|\n|upkeep\n|turn|65\n|\n|t:|1784762772\n|move|p2a: Starmie|Surf|p1a: Exeggutor\n|-resisted|p1a: Exeggutor\n|-damage|p1a: Exeggutor|12/100 par\n|move|p1a: Exeggutor|Sleep Powder|p2a: Starmie|[miss]\n|-miss|p1a: Exeggutor\n|\n|upkeep\n|turn|66\n|\n|t:|1784762775\n|move|p2a: Starmie|Surf|p1a: Exeggutor\n|-resisted|p1a: Exeggutor\n|-damage|p1a: Exeggutor|1/100 par\n|cant|p1a: Exeggutor|par\n|\n|upkeep\n|turn|67\n|c|☆sadisticnarwhal|im ass\n|\n|t:|1784762789\n|move|p2a: Starmie|Surf|p1a: Exeggutor\n|-crit|p1a: Exeggutor\n|-resisted|p1a: Exeggutor\n|-damage|p1a: Exeggutor|0 fnt\n|faint|p1a: Exeggutor\n|\n|t:|1784762791\n|switch|p1a: Tauros|Tauros|42/100 par\n|turn|68\n|\n|t:|1784762794\n|move|p2a: Starmie|Surf|p1a: Tauros\n|-damage|p1a: Tauros|4/100 par\n|cant|p1a: Tauros|par\n|\n|upkeep\n|turn|69\n|c|☆stunner047|gg\n|\n|t:|1784762799\n|move|p2a: Starmie|Surf|p1a: Tauros\n|-damage|p1a: Tauros|0 fnt\n|faint|p1a: Tauros\n|\n|win|sadisticnarwhal\n|c|☆sadisticnarwhal|gg\n|player|p2|\n|player|p1|\n","uploadtime":1784762799,"views":"46","formatid":"gen1ou","rating":null,"private":0,"password":null}