{"id":"smogtours-gen1ou-818966","format":"[Gen 1] OU","players":["Sceptross","WarumFelix"],"log":"|inactive|Battle timer is ON: inactive players will automatically lose when time's up.\n|t:|1739109894\n|gametype|singles\n|player|p1|Sceptross|#splxvicryonicles|\n|player|p2|WarumFelix|hilbert|\n|teamsize|p1|6\n|teamsize|p2|6\n|gen|1\n|tier|[Gen 1] OU\n|rule|Desync Clause Mod: Desyncs changed to move failure.\n|rule|Sleep Clause Mod: Limit one foe put to sleep\n|rule|Freeze Clause Mod: Limit one foe frozen\n|rule|Species Clause: Limit one of each Pokémon\n|rule|OHKO Clause: OHKO moves are banned\n|rule|Evasion Moves Clause: Evasion moves are banned\n|rule|Endless Battle Clause: Forcing endless battles is banned\n|rule|HP Percentage Mod: HP is shown in percentages\n|\n|t:|1739109894\n|start\n|switch|p1a: Jynx|Jynx|100/100\n|switch|p2a: Starmie|Starmie|100/100\n|turn|1\n|c|☆WarumFelix|glhf\n|c|☆Sceptross|gl hf\n|inactive|Sceptross has 270 seconds left.\n|\n|t:|1739109941\n|move|p2a: Starmie|Thunder Wave|p1a: Jynx\n|-status|p1a: Jynx|par\n|cant|p1a: Jynx|par\n|\n|upkeep\n|turn|2\n|rated|Smogon Premier League\n|\n|t:|1739109947\n|move|p2a: Starmie|Thunderbolt|p1a: Jynx\n|-crit|p1a: Jynx\n|-damage|p1a: Jynx|54/100 par\n|move|p1a: Jynx|Lovely Kiss|p2a: Starmie\n|-status|p2a: Starmie|slp|[from] move: Lovely Kiss\n|\n|upkeep\n|turn|3\n|inactive|Sceptross has 270 seconds left.\n|\n|t:|1739109991\n|switch|p2a: Chansey|Chansey|100/100\n|cant|p1a: Jynx|par\n|\n|upkeep\n|turn|4\n|\n|t:|1739110004\n|move|p2a: Chansey|Thunderbolt|p1a: Jynx\n|-damage|p1a: Jynx|31/100 par\n|move|p1a: Jynx|Rest|p1a: Jynx\n|-status|p1a: Jynx|slp|[from] move: Rest\n|-heal|p1a: Jynx|100/100 slp|[silent]\n|\n|upkeep\n|turn|5\n|inactive|Sceptross has 270 seconds left.\n|\n|t:|1739110028\n|switch|p2a: Exeggutor|Exeggutor|100/100\n|switch|p1a: Chansey|Chansey|100/100\n|\n|upkeep\n|turn|6\n|inactive|Sceptross has 270 seconds left.\n|inactive|WarumFelix has 270 seconds left.\n|\n|t:|1739110053\n|switch|p2a: Tauros|Tauros|100/100\n|switch|p1a: Jynx|Jynx|100/100 slp\n|\n|upkeep\n|turn|7\n|inactive|Sceptross has 270 seconds left.\n|\n|t:|1739110066\n|switch|p1a: Starmie|Starmie|100/100\n|move|p2a: Tauros|Body Slam|p1a: Starmie\n|-crit|p1a: Starmie\n|-damage|p1a: Starmie|33/100\n|\n|upkeep\n|turn|8\n|inactive|Sceptross has 270 seconds left.\n|inactive|WarumFelix has 270 seconds left.\n|\n|t:|1739110098\n|move|p1a: Starmie|Recover|p1a: Starmie\n|-heal|p1a: Starmie|83/100\n|move|p2a: Tauros|Body Slam|p1a: Starmie\n|-damage|p1a: Starmie|49/100\n|\n|upkeep\n|turn|9\n|inactive|WarumFelix has 270 seconds left.\n|\n|t:|1739110117\n|switch|p2a: Chansey|Chansey|100/100\n|move|p1a: Starmie|Thunder Wave|p2a: Chansey\n|-status|p2a: Chansey|par\n|\n|upkeep\n|turn|10\n|inactive|Sceptross has 270 seconds left.\n|inactive|WarumFelix has 270 seconds left.\n|\n|t:|1739110141\n|move|p1a: Starmie|Recover|p1a: Starmie\n|-heal|p1a: Starmie|99/100\n|move|p2a: Chansey|Thunder Wave|p1a: Starmie\n|-status|p1a: Starmie|par\n|\n|upkeep\n|turn|11\n|inactive|WarumFelix has 240 seconds left.\n|\n|t:|1739110192\n|switch|p1a: Snorlax|Snorlax|100/100\n|move|p2a: Chansey|Thunder Wave|p1a: Snorlax\n|-status|p1a: Snorlax|par\n|\n|upkeep\n|turn|12\n|\n|t:|1739110202\n|switch|p2a: Snorlax|Snorlax|100/100\n|move|p1a: Snorlax|Body Slam|p2a: Snorlax\n|-damage|p2a: Snorlax|74/100\n|\n|upkeep\n|turn|13\n|\n|t:|1739110204\n|move|p2a: Snorlax|Body Slam|p1a: Snorlax\n|-damage|p1a: Snorlax|74/100 par\n|move|p1a: Snorlax|Reflect|p1a: Snorlax\n|-start|p1a: Snorlax|Reflect\n|\n|upkeep\n|turn|14\n|\n|t:|1739110223\n|move|p2a: Snorlax|Reflect|p2a: Snorlax\n|-start|p2a: Snorlax|Reflect\n|cant|p1a: Snorlax|par\n|\n|upkeep\n|turn|15\n|\n|t:|1739110231\n|move|p2a: Snorlax|Body Slam|p1a: Snorlax\n|-damage|p1a: Snorlax|61/100 par\n|move|p1a: Snorlax|Rest|p1a: Snorlax\n|-status|p1a: Snorlax|slp|[from] move: Rest\n|-heal|p1a: Snorlax|100/100 slp|[silent]\n|\n|upkeep\n|turn|16\n|inactive|WarumFelix has 240 seconds left.\n|\n|t:|1739110246\n|switch|p2a: Exeggutor|Exeggutor|100/100\n|cant|p1a: Snorlax|slp\n|\n|upkeep\n|turn|17\n|inactive|WarumFelix has 240 seconds left.\n|inactive|Sceptross has 270 seconds left.\n|\n|t:|1739110300\n|switch|p1a: Starmie|Starmie|99/100 par\n|move|p2a: Exeggutor|Psychic|p1a: Starmie\n|-crit|p1a: Starmie\n|-resisted|p1a: Starmie\n|-damage|p1a: Starmie|63/100 par\n|\n|upkeep\n|turn|18\n|\n|t:|1739110306\n|switch|p2a: Chansey|Chansey|100/100 par\n|move|p1a: Starmie|Recover|p1a: Starmie\n|-heal|p1a: Starmie|100/100 par\n|\n|upkeep\n|turn|19\n|inactive|WarumFelix has 240 seconds left.\n|\n|t:|1739110332\n|switch|p1a: Chansey|Chansey|100/100\n|switch|p2a: Snorlax|Snorlax|74/100\n|\n|upkeep\n|turn|20\n|\n|t:|1739110348\n|switch|p1a: Snorlax|Snorlax|100/100 slp\n|switch|p2a: Chansey|Chansey|100/100 par\n|\n|upkeep\n|turn|21\n|\n|t:|1739110352\n|switch|p2a: Rhydon|Rhydon|100/100\n|-curestatus|p1a: Snorlax|slp|[msg]\n|\n|upkeep\n|turn|22\n|\n|t:|1739110370\n|move|p2a: Rhydon|Earthquake|p1a: Snorlax\n|-damage|p1a: Snorlax|67/100\n|move|p1a: Snorlax|Earthquake|p2a: Rhydon\n|-supereffective|p2a: Rhydon\n|-damage|p2a: Rhydon|65/100\n|\n|upkeep\n|turn|23\n|inactive|WarumFelix has 240 seconds left.\n|\n|t:|1739110387\n|switch|p2a: Exeggutor|Exeggutor|100/100\n|move|p1a: Snorlax|Earthquake|p2a: Exeggutor\n|-resisted|p2a: Exeggutor\n|-damage|p2a: Exeggutor|90/100\n|\n|upkeep\n|turn|24\n|inactive|WarumFelix has 240 seconds left.\n|inactive|Sceptross has 240 seconds left.\n|inactive|Sceptross has 210 seconds left.\n|\n|t:|1739110455\n|switch|p1a: Jynx|Jynx|100/100 slp\n|move|p2a: Exeggutor|Sleep Powder|p1a: Jynx|[miss]\n|-miss|p2a: Exeggutor\n|\n|upkeep\n|turn|25\n|inactive|Sceptross has 180 seconds left.\n|inactive|WarumFelix has 210 seconds left.\n|\n|t:|1739110494\n|switch|p1a: Starmie|Starmie|100/100 par\n|switch|p2a: Tauros|Tauros|100/100\n|\n|upkeep\n|turn|26\n|inactive|WarumFelix has 210 seconds left.\n|\n|t:|1739110525\n|switch|p2a: Chansey|Chansey|100/100 par\n|move|p1a: Starmie|Psychic|p2a: Chansey\n|-damage|p2a: Chansey|87/100 par\n|-unboost|p2a: Chansey|spa|1\n|-unboost|p2a: Chansey|spd|1\n|\n|upkeep\n|turn|27\n|\n|t:|1739110548\n|switch|p1a: Snorlax|Snorlax|67/100\n|move|p2a: Chansey|Thunderbolt|p1a: Snorlax\n|-damage|p1a: Snorlax|55/100\n|\n|upkeep\n|turn|28\n|inactive|Sceptross has 150 seconds left.\n|\n|t:|1739110569\n|switch|p2a: Snorlax|Snorlax|74/100\n|move|p1a: Snorlax|Body Slam|p2a: Snorlax\n|-damage|p2a: Snorlax|48/100\n|\n|upkeep\n|turn|29\n|inactive|Sceptross has 150 seconds left.\n|\n|t:|1739110588\n|move|p2a: Snorlax|Reflect|p2a: Snorlax\n|-start|p2a: Snorlax|Reflect\n|move|p1a: Snorlax|Reflect|p1a: Snorlax\n|-start|p1a: Snorlax|Reflect\n|\n|upkeep\n|turn|30\n|inactive|Sceptross has 150 seconds left.\n|\n|t:|1739110597\n|move|p1a: Snorlax|Rest|p1a: Snorlax\n|-status|p1a: Snorlax|slp|[from] move: Rest\n|-heal|p1a: Snorlax|100/100 slp|[silent]\n|move|p2a: Snorlax|Rest|p2a: Snorlax\n|-status|p2a: Snorlax|slp|[from] move: Rest\n|-heal|p2a: Snorlax|100/100 slp|[silent]\n|\n|upkeep\n|turn|31\n|\n|t:|1739110599\n|cant|p2a: Snorlax|slp\n|cant|p1a: Snorlax|slp\n|\n|upkeep\n|turn|32\n|\n|t:|1739110601\n|-curestatus|p2a: Snorlax|slp|[msg]\n|-curestatus|p1a: Snorlax|slp|[msg]\n|\n|upkeep\n|turn|33\n|\n|t:|1739110603\n|move|p2a: Snorlax|Body Slam|p1a: Snorlax\n|-damage|p1a: Snorlax|87/100\n|move|p1a: Snorlax|Body Slam|p2a: Snorlax\n|-damage|p2a: Snorlax|87/100\n|\n|upkeep\n|turn|34\n|\n|t:|1739110610\n|move|p2a: Snorlax|Body Slam|p1a: Snorlax\n|-damage|p1a: Snorlax|73/100\n|move|p1a: Snorlax|Body Slam|p2a: Snorlax\n|-damage|p2a: Snorlax|74/100\n|\n|upkeep\n|turn|35\n|\n|t:|1739110615\n|move|p2a: Snorlax|Body Slam|p1a: Snorlax\n|-damage|p1a: Snorlax|61/100\n|move|p1a: Snorlax|Body Slam|p2a: Snorlax\n|-damage|p2a: Snorlax|61/100\n|\n|upkeep\n|turn|36\n|\n|t:|1739110620\n|move|p2a: Snorlax|Rest|p2a: Snorlax\n|-status|p2a: Snorlax|slp|[from] move: Rest\n|-heal|p2a: Snorlax|100/100 slp|[silent]\n|move|p1a: Snorlax|Body Slam|p2a: Snorlax\n|-damage|p2a: Snorlax|87/100 slp\n|\n|upkeep\n|turn|37\n|\n|t:|1739110622\n|move|p1a: Snorlax|Body Slam|p2a: Snorlax\n|-damage|p2a: Snorlax|74/100 slp\n|cant|p2a: Snorlax|slp\n|\n|upkeep\n|turn|38\n|\n|t:|1739110624\n|-curestatus|p2a: Snorlax|slp|[msg]\n|move|p1a: Snorlax|Earthquake|p2a: Snorlax\n|-damage|p2a: Snorlax|65/100\n|\n|upkeep\n|turn|39\n|\n|t:|1739110633\n|move|p2a: Snorlax|Rest|p2a: Snorlax\n|-status|p2a: Snorlax|slp|[from] move: Rest\n|-heal|p2a: Snorlax|100/100 slp|[silent]\n|move|p1a: Snorlax|Body Slam|p2a: Snorlax\n|-damage|p2a: Snorlax|87/100 slp\n|\n|upkeep\n|turn|40\n|\n|t:|1739110637\n|cant|p2a: Snorlax|slp\n|move|p1a: Snorlax|Earthquake|p2a: Snorlax\n|-damage|p2a: Snorlax|76/100 slp\n|\n|upkeep\n|turn|41\n|inactive|Sceptross has 240 seconds left.\n|\n|t:|1739110642\n|move|p1a: Snorlax|Earthquake|p2a: Snorlax\n|-damage|p2a: Snorlax|66/100 slp\n|-curestatus|p2a: Snorlax|slp|[msg]\n|\n|upkeep\n|turn|42\n|\n|t:|1739110651\n|move|p2a: Snorlax|Body Slam|p1a: Snorlax\n|-damage|p1a: Snorlax|49/100\n|move|p1a: Snorlax|Rest|p1a: Snorlax\n|-status|p1a: Snorlax|slp|[from] move: Rest\n|-heal|p1a: Snorlax|100/100 slp|[silent]\n|\n|upkeep\n|turn|43\n|\n|t:|1739110653\n|move|p2a: Snorlax|Body Slam|p1a: Snorlax\n|-damage|p1a: Snorlax|88/100 slp\n|cant|p1a: Snorlax|slp\n|\n|upkeep\n|turn|44\n|\n|t:|1739110655\n|-curestatus|p1a: Snorlax|slp|[msg]\n|move|p2a: Snorlax|Body Slam|p1a: Snorlax\n|-damage|p1a: Snorlax|75/100\n|\n|upkeep\n|turn|45\n|inactive|Sceptross has 270 seconds left.\n|\n|t:|1739110666\n|move|p2a: Snorlax|Body Slam|p1a: Snorlax\n|-crit|p1a: Snorlax\n|-damage|p1a: Snorlax|22/100\n|move|p1a: Snorlax|Rest|p1a: Snorlax\n|-status|p1a: Snorlax|slp|[from] move: Rest\n|-heal|p1a: Snorlax|100/100 slp|[silent]\n|\n|upkeep\n|turn|46\n|\n|t:|1739110670\n|cant|p1a: Snorlax|slp\n|move|p2a: Snorlax|Body Slam|p1a: Snorlax\n|-damage|p1a: Snorlax|88/100 slp\n|\n|upkeep\n|turn|47\n|\n|t:|1739110677\n|-curestatus|p1a: Snorlax|slp|[msg]\n|move|p2a: Snorlax|Body Slam|p1a: Snorlax\n|-damage|p1a: Snorlax|74/100\n|\n|upkeep\n|turn|48\n|\n|t:|1739110696\n|move|p1a: Snorlax|Rest|p1a: Snorlax\n|-status|p1a: Snorlax|slp|[from] move: Rest\n|-heal|p1a: Snorlax|100/100 slp|[silent]\n|move|p2a: Snorlax|Body Slam|p1a: Snorlax\n|-damage|p1a: Snorlax|87/100 slp\n|\n|upkeep\n|turn|49\n|\n|t:|1739110700\n|switch|p2a: Exeggutor|Exeggutor|90/100\n|cant|p1a: Snorlax|slp\n|\n|upkeep\n|turn|50\n|inactive|Sceptross has 270 seconds left.\n|inactive|Sceptross has 240 seconds left.\n|\n|t:|1739110756\n|switch|p1a: Jynx|Jynx|100/100 slp\n|move|p2a: Exeggutor|Psychic|p1a: Jynx\n|-resisted|p1a: Jynx\n|-damage|p1a: Jynx|80/100 slp\n|\n|upkeep\n|turn|51\n|\n|t:|1739110775\n|switch|p1a: Starmie|Starmie|100/100 par\n|switch|p2a: Snorlax|Snorlax|66/100\n|\n|upkeep\n|turn|52\n|\n|t:|1739110791\n|move|p2a: Snorlax|Body Slam|p1a: Starmie\n|-damage|p1a: Starmie|61/100 par\n|move|p1a: Starmie|Thunder Wave|p2a: Snorlax\n|-status|p2a: Snorlax|par\n|\n|upkeep\n|turn|53\n|\n|t:|1739110805\n|move|p1a: Starmie|Recover|p1a: Starmie\n|-heal|p1a: Starmie|100/100 par\n|move|p2a: Snorlax|Self-Destruct|p1a: Starmie\n|-damage|p1a: Starmie|0 fnt\n|faint|p1a: Starmie\n|faint|p2a: Snorlax\n|inactive|Sceptross has 240 seconds left.\n|inactive|WarumFelix has 270 seconds left.\n|inactive|WarumFelix has 240 seconds left.\n|\n|t:|1739110863\n|switch|p1a: Zapdos|Zapdos|100/100\n|switch|p2a: Rhydon|Rhydon|65/100\n|turn|54\n|inactive|WarumFelix has 240 seconds left.\n|inactive|Sceptross has 210 seconds left.\n|inactive|WarumFelix has 210 seconds left.\n|\n|t:|1739110924\n|switch|p1a: Chansey|Chansey|100/100\n|move|p2a: Rhydon|Earthquake|p1a: Chansey\n|-damage|p1a: Chansey|42/100\n|\n|upkeep\n|turn|55\n|inactive|WarumFelix has 210 seconds left.\n|\n|t:|1739110931\n|switch|p2a: Chansey|Chansey|87/100 par\n|move|p1a: Chansey|Soft-Boiled|p1a: Chansey\n|-heal|p1a: Chansey|92/100\n|\n|upkeep\n|turn|56\n|inactive|WarumFelix has 210 seconds left.\n|inactive|Sceptross has 180 seconds left.\n|inactive|WarumFelix has 180 seconds left.\n|inactive|Sceptross has 150 seconds left.\n|\n|t:|1739110995\n|switch|p1a: Snorlax|Snorlax|87/100 slp\n|move|p2a: Chansey|Ice Beam|p1a: Snorlax\n|-damage|p1a: Snorlax|66/100 slp\n|\n|upkeep\n|turn|57\n|\n|t:|1739110999\n|switch|p2a: Exeggutor|Exeggutor|90/100\n|-curestatus|p1a: Snorlax|slp|[msg]\n|\n|upkeep\n|turn|58\n|inactive|Sceptross has 150 seconds left.\n|\n|t:|1739111024\n|switch|p1a: Jynx|Jynx|80/100 slp\n|move|p2a: Exeggutor|Sleep Powder|p1a: Jynx|[miss]\n|-miss|p2a: Exeggutor\n|\n|upkeep\n|turn|59\n|inactive|Sceptross has 150 seconds left.\n|\n|t:|1739111035\n|switch|p1a: Zapdos|Zapdos|100/100\n|switch|p2a: Tauros|Tauros|100/100\n|\n|upkeep\n|turn|60\n|inactive|WarumFelix has 180 seconds left.\n|\n|t:|1739111047\n|switch|p2a: Rhydon|Rhydon|65/100\n|move|p1a: Zapdos|Drill Peck|p2a: Rhydon\n|-crit|p2a: Rhydon\n|-resisted|p2a: Rhydon\n|-damage|p2a: Rhydon|47/100\n|\n|upkeep\n|turn|61\n|inactive|Sceptross has 150 seconds left.\n|\n|t:|1739111079\n|switch|p1a: Chansey|Chansey|92/100\n|move|p2a: Rhydon|Earthquake|p1a: Chansey\n|-damage|p1a: Chansey|37/100\n|\n|upkeep\n|turn|62\n|\n|t:|1739111083\n|switch|p2a: Exeggutor|Exeggutor|90/100\n|move|p1a: Chansey|Soft-Boiled|p1a: Chansey\n|-heal|p1a: Chansey|87/100\n|\n|upkeep\n|turn|63\n|inactive|Sceptross has 150 seconds left.\n|inactive|Sceptross has 120 seconds left.\n|inactive|WarumFelix has 180 seconds left.\n|\n|t:|1739111139\n|switch|p1a: Jynx|Jynx|80/100 slp\n|move|p2a: Exeggutor|Sleep Powder|p1a: Jynx\n|-fail|p1a: Jynx|slp\n|\n|upkeep\n|turn|64\n|\n|t:|1739111145\n|switch|p1a: Zapdos|Zapdos|100/100\n|move|p2a: Exeggutor|Sleep Powder|p1a: Zapdos\n|-status|p1a: Zapdos|slp|[from] move: Sleep Powder\n|\n|upkeep\n|turn|65\n|inactive|Sceptross has 120 seconds left.\n|inactive|WarumFelix has 180 seconds left.\n|inactive|Sceptross has 90 seconds left.\n|\n|t:|1739111213\n|cant|p1a: Zapdos|slp\n|move|p2a: Exeggutor|Psychic|p1a: Zapdos\n|-damage|p1a: Zapdos|72/100 slp\n|-unboost|p1a: Zapdos|spa|1\n|-unboost|p1a: Zapdos|spd|1\n|\n|upkeep\n|turn|66\n|inactive|WarumFelix has 150 seconds left.\n|\n|t:|1739111229\n|switch|p1a: Jynx|Jynx|80/100 slp\n|move|p2a: Exeggutor|Psychic|p1a: Jynx\n|-resisted|p1a: Jynx\n|-damage|p1a: Jynx|61/100 slp\n|\n|upkeep\n|turn|67\n|inactive|WarumFelix has 150 seconds left.\n|\n|t:|1739111252\n|switch|p1a: Chansey|Chansey|87/100\n|move|p2a: Exeggutor|Psychic|p1a: Chansey\n|-damage|p1a: Chansey|70/100\n|\n|upkeep\n|turn|68\n|\n|t:|1739111271\n|switch|p2a: Chansey|Chansey|87/100 par\n|move|p1a: Chansey|Ice Beam|p2a: Chansey\n|-damage|p2a: Chansey|76/100 par\n|\n|upkeep\n|turn|69\n|inactive|WarumFelix has 120 seconds left.\n|\n|t:|1739111303\n|switch|p1a: Snorlax|Snorlax|66/100\n|move|p2a: Chansey|Thunder Wave|p1a: Snorlax\n|-status|p1a: Snorlax|par\n|\n|upkeep\n|turn|70\n|inactive|WarumFelix has 120 seconds left.\n|inactive|Sceptross has 60 seconds left.\n|inactive|WarumFelix has 90 seconds left.\n|\n|t:|1739111363\n|switch|p2a: Rhydon|Rhydon|47/100\n|move|p1a: Snorlax|Earthquake|p2a: Rhydon\n|-supereffective|p2a: Rhydon\n|-damage|p2a: Rhydon|10/100\n|\n|upkeep\n|turn|71\n|inactive|Sceptross has 60 seconds left.\n|\n|t:|1739111399\n|move|p2a: Rhydon|Earthquake|p1a: Snorlax\n|-damage|p1a: Snorlax|29/100 par\n|cant|p1a: Snorlax|par\n|\n|upkeep\n|turn|72\n|inactive|Sceptross has 30 seconds left.\n|inactive|WarumFelix has 60 seconds left.\n|inactive|Sceptross has 20 seconds left.\n|inactive|Sceptross has 15 seconds left.\n|inactive|Sceptross has 10 seconds left.\n|\n|t:|1739111436\n|move|p2a: Rhydon|Earthquake|p1a: Snorlax\n|-damage|p1a: Snorlax|0 fnt\n|faint|p1a: Snorlax\n|inactive|Sceptross has 15 seconds left this turn.\n|\n|t:|1739111439\n|switch|p1a: Tauros|Tauros|100/100\n|turn|73\n|inactive|Sceptross has 25 seconds left this turn.\n|inactive|WarumFelix has 60 seconds left.\n|\n|t:|1739111455\n|switch|p2a: Starmie|Starmie|100/100 slp\n|move|p1a: Tauros|Body Slam|p2a: Starmie\n|-damage|p2a: Starmie|66/100 slp\n|\n|upkeep\n|turn|74\n|inactive|Sceptross has 30 seconds left.\n|\n|t:|1739111460\n|-curestatus|p2a: Starmie|slp|[msg]\n|move|p1a: Tauros|Body Slam|p2a: Starmie\n|-damage|p2a: Starmie|32/100\n|\n|upkeep\n|turn|75\n|inactive|Sceptross has 30 seconds left.\n|inactive|Sceptross has 20 seconds left.\n|inactive|Sceptross has 15 seconds left.\n|\n|t:|1739111486\n|switch|p1a: Chansey|Chansey|70/100\n|move|p2a: Starmie|Thunder Wave|p1a: Chansey\n|-status|p1a: Chansey|par\n|\n|upkeep\n|turn|76\n|inactive|Sceptross has 25 seconds left this turn.\n|inactive|Sceptross has 20 seconds left.\n|inactive|Sceptross has 15 seconds left.\n|inactive|Sceptross has 10 seconds left.\n|\n|t:|1739111504\n|switch|p2a: Chansey|Chansey|76/100 par\n|move|p1a: Chansey|Thunderbolt|p2a: Chansey\n|-damage|p2a: Chansey|66/100 par\n|\n|upkeep\n|turn|77\n|inactive|Sceptross has 20 seconds left this turn.\n|\n|t:|1739111510\n|move|p1a: Chansey|Soft-Boiled|p1a: Chansey\n|-heal|p1a: Chansey|100/100 par\n|move|p2a: Chansey|Soft-Boiled|p2a: Chansey\n|-heal|p2a: Chansey|100/100 par\n|\n|upkeep\n|turn|78\n|inactive|Sceptross has 30 seconds left this turn.\n|\n|t:|1739111514\n|move|p1a: Chansey|Thunderbolt|p2a: Chansey\n|-damage|p2a: Chansey|90/100 par\n|move|p2a: Chansey|Ice Beam|p1a: Chansey\n|-damage|p1a: Chansey|91/100 par\n|\n|upkeep\n|turn|79\n|\n|t:|1739111517\n|move|p2a: Chansey|Ice Beam|p1a: Chansey\n|-crit|p1a: Chansey\n|-damage|p1a: Chansey|70/100 par\n|move|p1a: Chansey|Ice Beam|p2a: Chansey\n|-damage|p2a: Chansey|79/100 par\n|\n|upkeep\n|turn|80\n|\n|t:|1739111519\n|cant|p1a: Chansey|par\n|move|p2a: Chansey|Soft-Boiled|p2a: Chansey\n|-heal|p2a: Chansey|100/100 par\n|\n|upkeep\n|turn|81\n|\n|t:|1739111521\n|move|p1a: Chansey|Soft-Boiled|p1a: Chansey\n|-heal|p1a: Chansey|100/100 par\n|move|p2a: Chansey|Ice Beam|p1a: Chansey\n|-damage|p1a: Chansey|90/100 par\n|\n|upkeep\n|turn|82\n|\n|t:|1739111524\n|move|p2a: Chansey|Ice Beam|p1a: Chansey\n|-damage|p1a: Chansey|79/100 par\n|move|p1a: Chansey|Thunderbolt|p2a: Chansey\n|-damage|p2a: Chansey|90/100 par\n|\n|upkeep\n|turn|83\n|\n|t:|1739111526\n|move|p2a: Chansey|Ice Beam|p1a: Chansey\n|-damage|p1a: Chansey|68/100 par\n|move|p1a: Chansey|Thunderbolt|p2a: Chansey\n|-damage|p2a: Chansey|79/100 par\n|\n|upkeep\n|turn|84\n|\n|t:|1739111530\n|cant|p1a: Chansey|par\n|move|p2a: Chansey|Ice Beam|p1a: Chansey\n|-damage|p1a: Chansey|57/100 par\n|\n|upkeep\n|turn|85\n|inactive|Sceptross has 90 seconds left.\n|\n|t:|1739111545\n|move|p1a: Chansey|Soft-Boiled|p1a: Chansey\n|-heal|p1a: Chansey|100/100 par\n|move|p2a: Chansey|Ice Beam|p1a: Chansey\n|-damage|p1a: Chansey|90/100 par\n|\n|upkeep\n|turn|86\n|inactive|Sceptross has 90 seconds left.\n|\n|t:|1739111556\n|move|p2a: Chansey|Soft-Boiled|p2a: Chansey\n|-heal|p2a: Chansey|100/100 par\n|cant|p1a: Chansey|par\n|\n|upkeep\n|turn|87\n|\n|t:|1739111562\n|move|p2a: Chansey|Thunderbolt|p1a: Chansey\n|-damage|p1a: Chansey|79/100 par\n|move|p1a: Chansey|Thunderbolt|p2a: Chansey\n|-damage|p2a: Chansey|91/100 par\n|\n|upkeep\n|turn|88\n|\n|t:|1739111566\n|move|p2a: Chansey|Thunderbolt|p1a: Chansey\n|-crit|p1a: Chansey\n|-damage|p1a: Chansey|59/100 par\n|move|p1a: Chansey|Soft-Boiled|p1a: Chansey\n|-heal|p1a: Chansey|100/100 par\n|\n|upkeep\n|turn|89\n|\n|t:|1739111572\n|cant|p1a: Chansey|par\n|move|p2a: Chansey|Thunderbolt|p1a: Chansey\n|-damage|p1a: Chansey|91/100 par\n|\n|upkeep\n|turn|90\n|\n|t:|1739111577\n|move|p2a: Chansey|Thunderbolt|p1a: Chansey\n|-damage|p1a: Chansey|79/100 par\n|cant|p1a: Chansey|par\n|\n|upkeep\n|turn|91\n|\n|t:|1739111582\n|move|p1a: Chansey|Soft-Boiled|p1a: Chansey\n|-heal|p1a: Chansey|100/100 par\n|move|p2a: Chansey|Soft-Boiled|p2a: Chansey\n|-heal|p2a: Chansey|100/100 par\n|\n|upkeep\n|turn|92\n|\n|t:|1739111595\n|move|p2a: Chansey|Thunderbolt|p1a: Chansey\n|-crit|p1a: Chansey\n|-damage|p1a: Chansey|80/100 par\n|move|p1a: Chansey|Thunderbolt|p2a: Chansey\n|-damage|p2a: Chansey|90/100 par\n|\n|upkeep\n|turn|93\n|\n|t:|1739111599\n|move|p2a: Chansey|Thunderbolt|p1a: Chansey\n|-crit|p1a: Chansey\n|-damage|p1a: Chansey|58/100 par\n|move|p1a: Chansey|Ice Beam|p2a: Chansey\n|-damage|p2a: Chansey|80/100 par\n|\n|upkeep\n|turn|94\n|\n|t:|1739111601\n|switch|p2a: Rhydon|Rhydon|10/100\n|move|p1a: Chansey|Soft-Boiled|p1a: Chansey\n|-heal|p1a: Chansey|100/100 par\n|\n|upkeep\n|turn|95\n|\n|t:|1739111614\n|move|p2a: Rhydon|Earthquake|p1a: Chansey\n|-crit|p1a: Chansey\n|-damage|p1a: Chansey|0 fnt\n|faint|p1a: Chansey\n|\n|t:|1739111619\n|switch|p1a: Tauros|Tauros|100/100\n|turn|96\n|inactive|WarumFelix has 240 seconds left.\n|\n|t:|1739111651\n|move|p1a: Tauros|Body Slam|p2a: Rhydon\n|-crit|p2a: Rhydon\n|-resisted|p2a: Rhydon\n|-damage|p2a: Rhydon|0 fnt\n|faint|p2a: Rhydon\n|\n|t:|1739111652\n|switch|p2a: Starmie|Starmie|32/100\n|turn|97\n|inactive|Sceptross has 180 seconds left.\n|\n|t:|1739111664\n|move|p2a: Starmie|Thunder Wave|p1a: Tauros\n|-status|p1a: Tauros|par\n|move|p1a: Tauros|Body Slam|p2a: Starmie\n|-damage|p2a: Starmie|0 fnt\n|faint|p2a: Starmie\n|\n|t:|1739111666\n|switch|p2a: Exeggutor|Exeggutor|90/100\n|turn|98\n|inactive|Sceptross has 180 seconds left.\n|inactive|Sceptross has 150 seconds left.\n|\n|t:|1739111720\n|switch|p1a: Jynx|Jynx|61/100 slp\n|move|p2a: Exeggutor|Psychic|p1a: Jynx\n|-resisted|p1a: Jynx\n|-damage|p1a: Jynx|43/100 slp\n|\n|upkeep\n|turn|99\n|\n|t:|1739111725\n|switch|p1a: Tauros|Tauros|100/100 par\n|switch|p2a: Tauros|Tauros|100/100\n|\n|upkeep\n|turn|100\n|inactive|WarumFelix has 270 seconds left.\n|inactive|WarumFelix has 240 seconds left.\n|\n|t:|1739111797\n|move|p2a: Tauros|Body Slam|p1a: Tauros\n|-damage|p1a: Tauros|71/100 par\n|move|p1a: Tauros|Blizzard|p2a: Tauros\n|-crit|p2a: Tauros\n|-damage|p2a: Tauros|50/100\n|\n|upkeep\n|turn|101\n|inactive|Sceptross has 150 seconds left.\n|inactive|Sceptross has 120 seconds left.\n|inactive|WarumFelix has 210 seconds left.\n|inactive|Sceptross has 90 seconds left.\n|\n|t:|1739111902\n|switch|p2a: Chansey|Chansey|80/100 par\n|cant|p1a: Tauros|par\n|\n|upkeep\n|turn|102\n|inactive|Sceptross has 60 seconds left.\n|inactive|WarumFelix has 210 seconds left.\n|inactive|Sceptross has 30 seconds left.\n|inactive|Sceptross has 20 seconds left.\n|\n|t:|1739111964\n|switch|p1a: Jynx|Jynx|43/100 slp\n|move|p2a: Chansey|Ice Beam|p1a: Jynx\n|-resisted|p1a: Jynx\n|-damage|p1a: Jynx|32/100 slp\n|\n|upkeep\n|turn|103\n|inactive|Sceptross has 30 seconds left this turn.\n|\n|t:|1739111971\n|cant|p1a: Jynx|slp\n|move|p2a: Chansey|Thunderbolt|p1a: Jynx\n|-damage|p1a: Jynx|9/100 slp\n|\n|upkeep\n|turn|104\n|inactive|Sceptross has 30 seconds left.\n|\n|t:|1739111981\n|-curestatus|p1a: Jynx|slp|[msg]\n|cant|p2a: Chansey|par\n|\n|upkeep\n|turn|105\n|inactive|Sceptross has 30 seconds left.\n|inactive|Sceptross has 20 seconds left.\n|inactive|Sceptross has 15 seconds left.\n|inactive|Sceptross has 10 seconds left.\n|\n|t:|1739112011\n|move|p1a: Jynx|Psychic|p2a: Chansey\n|-damage|p2a: Chansey|66/100 par\n|move|p2a: Chansey|Soft-Boiled|p2a: Chansey\n|-heal|p2a: Chansey|100/100 par\n|\n|upkeep\n|turn|106\n|inactive|Sceptross has 20 seconds left this turn.\n|inactive|Sceptross has 15 seconds left.\n|inactive|Sceptross has 10 seconds left.\n|\n|t:|1739112024\n|move|p1a: Jynx|Blizzard|p2a: Chansey|[miss]\n|-miss|p1a: Jynx\n|cant|p2a: Chansey|par\n|\n|upkeep\n|turn|107\n|inactive|Sceptross has 20 seconds left this turn.\n|inactive|Sceptross has 15 seconds left.\n|\n|t:|1739112034\n|move|p1a: Jynx|Rest|p1a: Jynx\n|-status|p1a: Jynx|slp|[from] move: Rest\n|-heal|p1a: Jynx|100/100 slp|[silent]\n|move|p2a: Chansey|Thunderbolt|p1a: Jynx\n|-crit|p1a: Jynx\n|-damage|p1a: Jynx|53/100 slp\n|\n|upkeep\n|turn|108\n|inactive|Sceptross has 25 seconds left this turn.\n|inactive|WarumFelix has 240 seconds left.\n|\n|t:|1739112055\n|switch|p2a: Tauros|Tauros|50/100\n|cant|p1a: Jynx|slp\n|\n|upkeep\n|turn|109\n|\n|t:|1739112060\n|move|p2a: Tauros|Body Slam|p1a: Jynx\n|-damage|p1a: Jynx|5/100 slp\n|-curestatus|p1a: Jynx|slp|[msg]\n|\n|upkeep\n|turn|110\n|\n|t:|1739112063\n|move|p2a: Tauros|Body Slam|p1a: Jynx\n|-damage|p1a: Jynx|0 fnt\n|faint|p1a: Jynx\n|\n|t:|1739112065\n|switch|p1a: Tauros|Tauros|71/100 par\n|turn|111\n|inactive|WarumFelix has 240 seconds left.\n|inactive|WarumFelix has 210 seconds left.\n|inactive|WarumFelix has 180 seconds left.\n|\n|t:|1739112171\n|switch|p2a: Chansey|Chansey|100/100 par\n|move|p1a: Tauros|Blizzard|p2a: Chansey\n|-damage|p2a: Chansey|91/100 par\n|\n|upkeep\n|turn|112\n|\n|t:|1739112183\n|move|p1a: Tauros|Body Slam|p2a: Chansey\n|-damage|p2a: Chansey|54/100 par\n|move|p2a: Chansey|Ice Beam|p1a: Tauros\n|-damage|p1a: Tauros|42/100 par\n|\n|upkeep\n|turn|113\n|\n|t:|1739112187\n|cant|p1a: Tauros|par\n|cant|p2a: Chansey|par\n|\n|upkeep\n|turn|114\n|\n|t:|1739112189\n|move|p1a: Tauros|Hyper Beam|p2a: Chansey\n|-crit|p2a: Chansey\n|-damage|p2a: Chansey|0 fnt\n|faint|p2a: Chansey\n|inactive|WarumFelix has 180 seconds left.\n|\n|t:|1739112212\n|switch|p2a: Exeggutor|Exeggutor|90/100\n|turn|115\n|\n|t:|1739112218\n|switch|p1a: Zapdos|Zapdos|72/100 slp\n|move|p2a: Exeggutor|Psychic|p1a: Zapdos\n|-damage|p1a: Zapdos|44/100 slp\n|\n|upkeep\n|turn|116\n|\n|t:|1739112233\n|cant|p1a: Zapdos|slp\n|move|p2a: Exeggutor|Psychic|p1a: Zapdos\n|-damage|p1a: Zapdos|15/100 slp\n|\n|upkeep\n|turn|117\n|\n|t:|1739112235\n|cant|p1a: Zapdos|slp\n|move|p2a: Exeggutor|Psychic|p1a: Zapdos\n|-damage|p1a: Zapdos|0 fnt\n|faint|p1a: Zapdos\n|\n|t:|1739112237\n|switch|p1a: Tauros|Tauros|42/100 par\n|turn|118\n|c|☆Sceptross|gg\n|\n|t:|1739112239\n|move|p2a: Exeggutor|Psychic|p1a: Tauros\n|-damage|p1a: Tauros|0 fnt\n|faint|p1a: Tauros\n|\n|win|WarumFelix\n","uploadtime":1739112239,"views":"1809","formatid":"gen1ou","rating":null,"private":0,"password":null}