{"id":"smogtours-gen1ou-919601","format":"[Gen 1] OU","players":["Laroxyl","Sceptross"],"log":"|inactive|Battle timer is ON: inactive players will automatically lose when time's up.\n|t:|1774198529\n|gametype|singles\n|player|p1|Laroxyl|#splxviitigers2|\n|player|p2|Sceptross|#splxviicryonicles|\n|gen|1\n|tier|[Gen 1] OU\n|rule|Desync Clause Mod: Desyncs changed to move failure.\n|rule|HP Percentage Mod: HP is shown in percentages\n|rule|Endless Battle Clause: Forcing endless battles is banned\n|rule|Sleep Clause Mod: Limit one foe put to sleep\n|rule|Freeze Clause Mod: Limit one foe frozen\n|rule|Species Clause: Limit one of each Pokémon\n|rule|OHKO Clause: OHKO moves are banned\n|rule|Evasion Moves Clause: Evasion moves are banned\n|\n|t:|1774198529\n|teamsize|p1|6\n|teamsize|p2|6\n|start\n|switch|p1a: Starmie|Starmie|100/100\n|switch|p2a: Jynx|Jynx|100/100\n|turn|1\n|c|☆Sceptross|gl hf\n|\n|t:|1774198546\n|switch|p1a: Gengar|Gengar|100/100\n|move|p2a: Jynx|Lovely Kiss|p1a: Gengar|[miss]\n|-miss|p2a: Jynx\n|\n|upkeep\n|turn|2\n|c|☆Laroxyl|u2\n|rated|Smogon Premier League\n|inactive|Sceptross has 270 seconds left.\n|inactive|Laroxyl has 270 seconds left.\n|\n|t:|1774198608\n|move|p1a: Gengar|Explosion|p2a: Jynx\n|-damage|p2a: Jynx|0 fnt\n|faint|p2a: Jynx\n|faint|p1a: Gengar\n|inactive|Laroxyl has 240 seconds left.\n|\n|t:|1774198619\n|switch|p1a: Exeggutor|Exeggutor|100/100\n|switch|p2a: Cloyster|Cloyster|100/100\n|turn|3\n|\n|t:|1774198623\n|switch|p1a: Starmie|Starmie|100/100\n|move|p2a: Cloyster|Blizzard|p1a: Starmie\n|-resisted|p1a: Starmie\n|-damage|p1a: Starmie|80/100\n|\n|upkeep\n|turn|4\n|inactive|Laroxyl has 240 seconds left.\n|\n|t:|1774198665\n|switch|p1a: Exeggutor|Exeggutor|100/100\n|move|p2a: Cloyster|Blizzard|p1a: Exeggutor\n|-supereffective|p1a: Exeggutor\n|-damage|p1a: Exeggutor|42/100\n|\n|upkeep\n|turn|5\n|\n|t:|1774198679\n|switch|p1a: Starmie|Starmie|80/100\n|move|p2a: Cloyster|Blizzard|p1a: Starmie\n|-resisted|p1a: Starmie\n|-damage|p1a: Starmie|60/100\n|\n|upkeep\n|turn|6\n|\n|t:|1774198708\n|switch|p2a: Starmie|Starmie|100/100\n|move|p1a: Starmie|Recover|p1a: Starmie\n|-heal|p1a: Starmie|100/100\n|\n|upkeep\n|turn|7\n|\n|t:|1774198714\n|switch|p1a: Chansey|Chansey|100/100\n|switch|p2a: Chansey|Chansey|100/100\n|\n|upkeep\n|turn|8\n|inactive|Laroxyl has 240 seconds left.\n|inactive|Sceptross has 270 seconds left.\n|inactive|Laroxyl has 210 seconds left.\n|\n|t:|1774198777\n|switch|p1a: Exeggutor|Exeggutor|42/100\n|move|p2a: Chansey|Thunder Wave|p1a: Exeggutor\n|-status|p1a: Exeggutor|par\n|\n|upkeep\n|turn|9\n|\n|t:|1774198788\n|switch|p2a: Cloyster|Cloyster|100/100\n|move|p1a: Exeggutor|Sleep Powder|p2a: Cloyster\n|-status|p2a: Cloyster|slp|[from] move: Sleep Powder\n|\n|upkeep\n|turn|10\n|inactive|Laroxyl has 180 seconds left.\n|inactive|Sceptross has 240 seconds left.\n|\n|t:|1774198833\n|cant|p2a: Cloyster|slp\n|cant|p1a: Exeggutor|par\n|\n|upkeep\n|turn|11\n|\n|t:|1774198841\n|switch|p2a: Starmie|Starmie|100/100\n|move|p1a: Exeggutor|Psychic|p2a: Starmie\n|-resisted|p2a: Starmie\n|-damage|p2a: Starmie|82/100\n|\n|upkeep\n|turn|12\n|\n|t:|1774198854\n|switch|p1a: Chansey|Chansey|100/100\n|move|p2a: Starmie|Blizzard|p1a: Chansey\n|-damage|p1a: Chansey|88/100\n|\n|upkeep\n|turn|13\n|inactive|Laroxyl has 150 seconds left.\n|\n|t:|1774198885\n|switch|p2a: Chansey|Chansey|100/100\n|move|p1a: Chansey|Thunder Wave|p2a: Chansey\n|-status|p2a: Chansey|par\n|\n|upkeep\n|turn|14\n|\n|t:|1774198892\n|switch|p1a: Snorlax|Snorlax|100/100\n|move|p2a: Chansey|Ice Beam|p1a: Snorlax\n|-damage|p1a: Snorlax|82/100\n|\n|upkeep\n|turn|15\n|\n|t:|1774198909\n|switch|p1a: Exeggutor|Exeggutor|42/100 par\n|move|p2a: Chansey|Thunder Wave|p1a: Exeggutor\n|-fail|p1a: Exeggutor|par\n|\n|upkeep\n|turn|16\n|inactive|Laroxyl has 150 seconds left.\n|\n|t:|1774198929\n|switch|p2a: Cloyster|Cloyster|100/100 slp\n|move|p1a: Exeggutor|Explosion|p2a: Cloyster\n|-damage|p2a: Cloyster|45/100 slp\n|faint|p1a: Exeggutor\n|\n|t:|1774198939\n|switch|p1a: Tauros|Tauros|100/100\n|turn|17\n|inactive|Sceptross has 240 seconds left.\n|inactive|Sceptross has 210 seconds left.\n|inactive|Sceptross has 180 seconds left.\n|inactive|Sceptross has 150 seconds left.\n|inactive|Laroxyl has 150 seconds left.\n|inactive|Sceptross has 120 seconds left.\n|\n|t:|1774199065\n|move|p1a: Tauros|Body Slam|p2a: Cloyster\n|-damage|p2a: Cloyster|21/100 slp\n|cant|p2a: Cloyster|slp\n|\n|upkeep\n|turn|18\n|inactive|Laroxyl has 150 seconds left.\n|\n|t:|1774199079\n|move|p1a: Tauros|Body Slam|p2a: Cloyster\n|-damage|p2a: Cloyster|0 fnt\n|faint|p2a: Cloyster\n|\n|t:|1774199085\n|switch|p2a: Starmie|Starmie|82/100\n|turn|19\n|\n|t:|1774199100\n|switch|p2a: Chansey|Chansey|100/100 par\n|switch|p1a: Chansey|Chansey|88/100\n|\n|upkeep\n|turn|20\n|inactive|Laroxyl has 150 seconds left.\n|inactive|Laroxyl has 120 seconds left.\n|\n|t:|1774199167\n|move|p1a: Chansey|Thunderbolt|p2a: Chansey\n|-damage|p2a: Chansey|90/100 par\n|move|p2a: Chansey|Thunder Wave|p1a: Chansey\n|-status|p1a: Chansey|par\n|\n|upkeep\n|turn|21\n|\n|t:|1774199177\n|move|p2a: Chansey|Ice Beam|p1a: Chansey\n|-damage|p1a: Chansey|78/100 par\n|cant|p1a: Chansey|par\n|\n|upkeep\n|turn|22\n|inactive|Sceptross has 150 seconds left.\n|\n|t:|1774199188\n|move|p2a: Chansey|Thunder Wave|p1a: Chansey\n|-fail|p1a: Chansey|par\n|move|p1a: Chansey|Soft-Boiled|p1a: Chansey\n|-heal|p1a: Chansey|100/100 par\n|\n|upkeep\n|turn|23\n|\n|t:|1774199193\n|move|p2a: Chansey|Thunder Wave|p1a: Chansey\n|-fail|p1a: Chansey|par\n|move|p1a: Chansey|Ice Beam|p2a: Chansey\n|-damage|p2a: Chansey|80/100 par\n|\n|upkeep\n|turn|24\n|inactive|Laroxyl has 120 seconds left.\n|\n|t:|1774199198\n|move|p1a: Chansey|Ice Beam|p2a: Chansey\n|-damage|p2a: Chansey|68/100 par\n|move|p2a: Chansey|Thunder Wave|p1a: Chansey\n|-fail|p1a: Chansey|par\n|\n|upkeep\n|turn|25\n|\n|t:|1774199206\n|switch|p1a: Snorlax|Snorlax|82/100\n|move|p2a: Chansey|Soft-Boiled|p2a: Chansey\n|-heal|p2a: Chansey|100/100 par\n|\n|upkeep\n|turn|26\n|\n|t:|1774199214\n|move|p1a: Snorlax|Body Slam|p2a: Chansey\n|-damage|p2a: Chansey|62/100 par\n|move|p2a: Chansey|Thunder Wave|p1a: Snorlax\n|-status|p1a: Snorlax|par\n|\n|upkeep\n|turn|27\n|\n|t:|1774199231\n|switch|p2a: Snorlax|Snorlax|100/100\n|move|p1a: Snorlax|Body Slam|p2a: Snorlax\n|-damage|p2a: Snorlax|76/100\n|\n|upkeep\n|turn|28\n|inactive|Sceptross has 180 seconds left.\n|inactive|Sceptross has 150 seconds left.\n|inactive|Laroxyl has 120 seconds left.\n|\n|t:|1774199319\n|move|p2a: Snorlax|Body Slam|p1a: Snorlax\n|-crit|p1a: Snorlax\n|-damage|p1a: Snorlax|28/100 par\n|move|p1a: Snorlax|Reflect|p1a: Snorlax\n|-start|p1a: Snorlax|Reflect\n|\n|upkeep\n|turn|29\n|\n|t:|1774199327\n|switch|p2a: Starmie|Starmie|82/100\n|cant|p1a: Snorlax|par\n|\n|upkeep\n|turn|30\n|inactive|Laroxyl has 90 seconds left.\n|inactive|Laroxyl has 60 seconds left.\n|inactive|Laroxyl has 30 seconds left.\n|\n|t:|1774199423\n|switch|p1a: Chansey|Chansey|100/100 par\n|move|p2a: Starmie|Psychic|p1a: Chansey\n|-damage|p1a: Chansey|86/100 par\n|\n|upkeep\n|turn|31\n|inactive|Laroxyl has 30 seconds left.\n|inactive|Sceptross has 150 seconds left.\n|inactive|Laroxyl has 20 seconds left.\n|inactive|Sceptross has 120 seconds left.\n|\n|t:|1774199478\n|switch|p2a: Chansey|Chansey|62/100 par\n|move|p1a: Chansey|Thunder Wave|p2a: Chansey\n|-fail|p2a: Chansey|par\n|\n|upkeep\n|turn|32\n|inactive|Laroxyl has 30 seconds left this turn.\n|inactive|Laroxyl has 20 seconds left.\n|inactive|Laroxyl has 15 seconds left.\n|\n|t:|1774199494\n|switch|p2a: Snorlax|Snorlax|76/100\n|cant|p1a: Chansey|par\n|\n|upkeep\n|turn|33\n|inactive|Laroxyl has 25 seconds left this turn.\n|inactive|Laroxyl has 20 seconds left.\n|inactive|Laroxyl has 15 seconds left.\n|\n|t:|1774199507\n|move|p2a: Snorlax|Body Slam|p1a: Chansey\n|-damage|p1a: Chansey|41/100 par\n|move|p1a: Chansey|Thunder Wave|p2a: Snorlax\n|-status|p2a: Snorlax|par\n|\n|upkeep\n|turn|34\n|inactive|Laroxyl has 25 seconds left this turn.\n|inactive|Laroxyl has 20 seconds left.\n|inactive|Laroxyl has 15 seconds left.\n|\n|t:|1774199519\n|switch|p1a: Starmie|Starmie|100/100\n|move|p2a: Snorlax|Body Slam|p1a: Starmie\n|-damage|p1a: Starmie|65/100\n|\n|upkeep\n|turn|35\n|inactive|Laroxyl has 25 seconds left this turn.\n|inactive|Laroxyl has 20 seconds left.\n|\n|t:|1774199530\n|move|p1a: Starmie|Recover|p1a: Starmie\n|-heal|p1a: Starmie|100/100\n|cant|p2a: Snorlax|par\n|\n|upkeep\n|turn|36\n|inactive|Laroxyl has 30 seconds left this turn.\n|\n|t:|1774199539\n|move|p1a: Starmie|Psychic|p2a: Snorlax\n|-damage|p2a: Snorlax|49/100 par\n|cant|p2a: Snorlax|par\n|\n|upkeep\n|turn|37\n|inactive|Laroxyl has 30 seconds left.\n|\n|t:|1774199547\n|move|p1a: Starmie|Psychic|p2a: Snorlax\n|-damage|p2a: Snorlax|21/100 par\n|move|p2a: Snorlax|Self-Destruct|p1a: Starmie\n|-damage|p1a: Starmie|0 fnt\n|faint|p1a: Starmie\n|faint|p2a: Snorlax\n|inactive|Laroxyl has 30 seconds left.\n|inactive|Sceptross has 150 seconds left.\n|inactive|Laroxyl has 20 seconds left.\n|inactive|Sceptross has 120 seconds left.\n|\n|t:|1774199608\n|switch|p1a: Tauros|Tauros|100/100\n|switch|p2a: Starmie|Starmie|82/100\n|turn|38\n|inactive|Laroxyl has 30 seconds left this turn.\n|inactive|Laroxyl has 20 seconds left.\n|inactive|Laroxyl has 15 seconds left.\n|inactive|Laroxyl has 10 seconds left.\n|\n|t:|1774199631\n|switch|p2a: Tauros|Tauros|100/100\n|switch|p1a: Chansey|Chansey|41/100 par\n|\n|upkeep\n|turn|39\n|inactive|Laroxyl has 20 seconds left this turn.\n|inactive|Laroxyl has 15 seconds left.\n|inactive|Laroxyl has 10 seconds left.\n|\n|t:|1774199643\n|switch|p1a: Snorlax|Snorlax|28/100 par\n|move|p2a: Tauros|Hyper Beam|p1a: Snorlax\n|-damage|p1a: Snorlax|0 fnt\n|faint|p1a: Snorlax\n|inactive|Laroxyl has 15 seconds left this turn.\n|\n|t:|1774199647\n|switch|p1a: Tauros|Tauros|100/100\n|turn|40\n|inactive|Laroxyl has 25 seconds left this turn.\n|inactive|Sceptross has 120 seconds left.\n|inactive|Sceptross has 90 seconds left.\n|\n|t:|1774199691\n|move|p1a: Tauros|Body Slam|p2a: Tauros\n|-damage|p2a: Tauros|70/100\n|move|p2a: Tauros|Body Slam|p1a: Tauros\n|-damage|p1a: Tauros|70/100\n|\n|upkeep\n|turn|41\n|\n|t:|1774199696\n|move|p1a: Tauros|Body Slam|p2a: Tauros\n|-damage|p2a: Tauros|42/100\n|move|p2a: Tauros|Body Slam|p1a: Tauros\n|-damage|p1a: Tauros|43/100\n|\n|upkeep\n|turn|42\n|inactive|Laroxyl has 30 seconds left.\n|inactive|Laroxyl has 20 seconds left.\n|inactive|Laroxyl has 15 seconds left.\n|inactive|Laroxyl has 10 seconds left.\n|inactive|Sceptross has 90 seconds left.\n|inactive|Sceptross has 60 seconds left.\n|\n|t:|1774199774\n|switch|p2a: Starmie|Starmie|82/100\n|move|p1a: Tauros|Hyper Beam|p2a: Starmie\n|-damage|p2a: Starmie|18/100\n|-mustrecharge|p1a: Tauros\n|\n|upkeep\n|turn|43\n|inactive|Laroxyl has 20 seconds left this turn.\n|\n|t:|1774199781\n|move|p2a: Starmie|Thunder Wave|p1a: Tauros\n|-status|p1a: Tauros|par\n|cant|p1a: Tauros|recharge\n|\n|upkeep\n|turn|44\n|inactive|Laroxyl has 30 seconds left this turn.\n|inactive|Sceptross has 60 seconds left.\n|inactive|Laroxyl has 20 seconds left.\n|inactive|Laroxyl has 15 seconds left.\n|\n|t:|1774199807\n|switch|p1a: Chansey|Chansey|41/100 par\n|move|p2a: Starmie|Psychic|p1a: Chansey\n|-damage|p1a: Chansey|27/100 par\n|\n|upkeep\n|turn|45\n|inactive|Laroxyl has 25 seconds left this turn.\n|inactive|Laroxyl has 20 seconds left.\n|inactive|Laroxyl has 15 seconds left.\n|inactive|Laroxyl has 10 seconds left.\n|\n|t:|1774199825\n|move|p2a: Starmie|Psychic|p1a: Chansey\n|-damage|p1a: Chansey|12/100 par\n|move|p1a: Chansey|Soft-Boiled|p1a: Chansey\n|-heal|p1a: Chansey|62/100 par\n|\n|upkeep\n|turn|46\n|inactive|Laroxyl has 20 seconds left this turn.\n|inactive|Laroxyl has 15 seconds left.\n|inactive|Laroxyl has 10 seconds left.\n|inactive|Sceptross has 30 seconds left.\n|\n|t:|1774199851\n|move|p2a: Starmie|Recover|p2a: Starmie\n|-heal|p2a: Starmie|67/100\n|cant|p1a: Chansey|par\n|\n|upkeep\n|turn|47\n|inactive|Laroxyl has 20 seconds left this turn.\n|inactive|Laroxyl has 15 seconds left.\n|inactive|Laroxyl has 10 seconds left.\n|inactive|Sceptross has 30 seconds left.\n|inactive|Laroxyl has 5 seconds left.\n|\n|t:|1774199868\n|move|p2a: Starmie|Psychic|p1a: Chansey\n|-damage|p1a: Chansey|48/100 par\n|cant|p1a: Chansey|par\n|\n|upkeep\n|turn|48\n|inactive|Laroxyl has 15 seconds left this turn.\n|inactive|Laroxyl has 10 seconds left.\n|inactive|Laroxyl has 5 seconds left.\n|inactive|Sceptross has 30 seconds left.\n|\n|t:|1774199881\n|switch|p2a: Chansey|Chansey|62/100 par\n|move|p1a: Chansey|Soft-Boiled|p1a: Chansey\n|-heal|p1a: Chansey|98/100 par\n|\n|upkeep\n|turn|49\n|inactive|Laroxyl has 15 seconds left this turn.\n|inactive|Laroxyl has 10 seconds left.\n|\n|t:|1774199888\n|move|p2a: Chansey|Soft-Boiled|p2a: Chansey\n|-heal|p2a: Chansey|100/100 par\n|move|p1a: Chansey|Ice Beam|p2a: Chansey\n|-damage|p2a: Chansey|89/100 par\n|\n|upkeep\n|turn|50\n|inactive|Laroxyl has 20 seconds left this turn.\n|\n|t:|1774199892\n|move|p2a: Chansey|Thunder Wave|p1a: Chansey\n|-fail|p1a: Chansey|par\n|move|p1a: Chansey|Thunderbolt|p2a: Chansey\n|-crit|p2a: Chansey\n|-damage|p2a: Chansey|70/100 par\n|\n|upkeep\n|turn|51\n|inactive|Laroxyl has 30 seconds left this turn.\n|\n|t:|1774199898\n|move|p1a: Chansey|Thunderbolt|p2a: Chansey\n|-damage|p2a: Chansey|59/100 par\n|move|p2a: Chansey|Ice Beam|p1a: Chansey\n|-damage|p1a: Chansey|87/100 par\n|\n|upkeep\n|turn|52\n|inactive|Laroxyl has 30 seconds left.\n|\n|t:|1774199916\n|move|p2a: Chansey|Ice Beam|p1a: Chansey\n|-damage|p1a: Chansey|76/100 par\n|move|p1a: Chansey|Thunderbolt|p2a: Chansey\n|-damage|p2a: Chansey|48/100 par\n|\n|upkeep\n|turn|53\n|inactive|Laroxyl has 30 seconds left.\n|\n|t:|1774199929\n|move|p2a: Chansey|Soft-Boiled|p2a: Chansey\n|-heal|p2a: Chansey|98/100 par\n|move|p1a: Chansey|Soft-Boiled|p1a: Chansey\n|-heal|p1a: Chansey|100/100 par\n|\n|upkeep\n|turn|54\n|\n|t:|1774199934\n|move|p2a: Chansey|Thunder Wave|p1a: Chansey\n|-fail|p1a: Chansey|par\n|move|p1a: Chansey|Thunderbolt|p2a: Chansey\n|-damage|p2a: Chansey|87/100 par\n|\n|upkeep\n|turn|55\n|\n|t:|1774199943\n|move|p1a: Chansey|Ice Beam|p2a: Chansey\n|-damage|p2a: Chansey|76/100 par\n|move|p2a: Chansey|Thunder Wave|p1a: Chansey\n|-fail|p1a: Chansey|par\n|\n|upkeep\n|turn|56\n|inactive|Sceptross has 60 seconds left.\n|\n|t:|1774199979\n|cant|p2a: Chansey|par\n|move|p1a: Chansey|Thunder Wave|p2a: Chansey\n|-fail|p2a: Chansey|par\n|\n|upkeep\n|turn|57\n|\n|t:|1774199983\n|cant|p1a: Chansey|par\n|move|p2a: Chansey|Soft-Boiled|p2a: Chansey\n|-heal|p2a: Chansey|100/100 par\n|\n|upkeep\n|turn|58\n|\n|t:|1774199992\n|move|p1a: Chansey|Thunderbolt|p2a: Chansey\n|-damage|p2a: Chansey|90/100 par\n|cant|p2a: Chansey|par\n|\n|upkeep\n|turn|59\n|\n|t:|1774199998\n|move|p1a: Chansey|Ice Beam|p2a: Chansey\n|-damage|p2a: Chansey|80/100 par\n|move|p2a: Chansey|Thunder Wave|p1a: Chansey\n|-fail|p1a: Chansey|par\n|\n|upkeep\n|turn|60\n|\n|t:|1774200002\n|move|p2a: Chansey|Ice Beam|p1a: Chansey\n|-damage|p1a: Chansey|90/100 par\n|move|p1a: Chansey|Thunder Wave|p2a: Chansey\n|-fail|p2a: Chansey|par\n|\n|upkeep\n|turn|61\n|\n|t:|1774200007\n|cant|p1a: Chansey|par\n|move|p2a: Chansey|Thunder Wave|p1a: Chansey\n|-fail|p1a: Chansey|par\n|\n|upkeep\n|turn|62\n|\n|t:|1774200011\n|cant|p1a: Chansey|par\n|cant|p2a: Chansey|par\n|\n|upkeep\n|turn|63\n|\n|t:|1774200015\n|cant|p1a: Chansey|par\n|move|p2a: Chansey|Thunder Wave|p1a: Chansey\n|-fail|p1a: Chansey|par\n|\n|upkeep\n|turn|64\n|\n|t:|1774200020\n|cant|p2a: Chansey|par\n|move|p1a: Chansey|Thunder Wave|p2a: Chansey\n|-fail|p2a: Chansey|par\n|\n|upkeep\n|turn|65\n|inactive|Sceptross has 120 seconds left.\n|\n|t:|1774200037\n|cant|p1a: Chansey|par\n|move|p2a: Chansey|Thunder Wave|p1a: Chansey\n|-fail|p1a: Chansey|par\n|\n|upkeep\n|turn|66\n|\n|t:|1774200042\n|move|p1a: Chansey|Thunder Wave|p2a: Chansey\n|-fail|p2a: Chansey|par\n|move|p2a: Chansey|Thunder Wave|p1a: Chansey\n|-fail|p1a: Chansey|par\n|\n|upkeep\n|turn|67\n|\n|t:|1774200047\n|move|p1a: Chansey|Thunder Wave|p2a: Chansey\n|-fail|p2a: Chansey|par\n|move|p2a: Chansey|Thunder Wave|p1a: Chansey\n|-fail|p1a: Chansey|par\n|\n|upkeep\n|turn|68\n|inactive|Laroxyl has 150 seconds left.\n|\n|t:|1774200065\n|move|p1a: Chansey|Thunder Wave|p2a: Chansey\n|-fail|p2a: Chansey|par\n|move|p2a: Chansey|Ice Beam|p1a: Chansey\n|-damage|p1a: Chansey|79/100 par\n|\n|upkeep\n|turn|69\n|\n|t:|1774200072\n|move|p1a: Chansey|Thunder Wave|p2a: Chansey\n|-fail|p2a: Chansey|par\n|move|p2a: Chansey|Thunder Wave|p1a: Chansey\n|-fail|p1a: Chansey|par\n|\n|upkeep\n|turn|70\n|inactive|Laroxyl has 150 seconds left.\n|\n|t:|1774200078\n|move|p1a: Chansey|Thunder Wave|p2a: Chansey\n|-fail|p2a: Chansey|par\n|move|p2a: Chansey|Thunder Wave|p1a: Chansey\n|-fail|p1a: Chansey|par\n|\n|upkeep\n|turn|71\n|\n|t:|1774200082\n|move|p2a: Chansey|Thunder Wave|p1a: Chansey\n|-fail|p1a: Chansey|par\n|move|p1a: Chansey|Thunder Wave|p2a: Chansey\n|-fail|p2a: Chansey|par\n|\n|upkeep\n|turn|72\n|\n|t:|1774200089\n|cant|p1a: Chansey|par\n|move|p2a: Chansey|Thunder Wave|p1a: Chansey\n|-fail|p1a: Chansey|par\n|\n|upkeep\n|turn|73\n|\n|t:|1774200095\n|move|p2a: Chansey|Thunder Wave|p1a: Chansey\n|-fail|p1a: Chansey|par\n|move|p1a: Chansey|Thunder Wave|p2a: Chansey|[miss]\n|-miss|p1a: Chansey\n|-hint|In Gen 1, moves with 100% accuracy can still miss 1/256 of the time.\n|\n|upkeep\n|turn|74\n|\n|t:|1774200108\n|move|p1a: Chansey|Thunder Wave|p2a: Chansey\n|-fail|p2a: Chansey|par\n|move|p2a: Chansey|Ice Beam|p1a: Chansey\n|-crit|p1a: Chansey\n|-damage|p1a: Chansey|59/100 par\n|\n|upkeep\n|turn|75\n|inactive|Laroxyl has 150 seconds left.\n|inactive|Laroxyl has 120 seconds left.\n|inactive|Laroxyl has 90 seconds left.\n|\n|t:|1774200208\n|move|p2a: Chansey|Thunder Wave|p1a: Chansey\n|-fail|p1a: Chansey|par\n|cant|p1a: Chansey|par\n|\n|upkeep\n|turn|76\n|\n|t:|1774200213\n|cant|p2a: Chansey|par\n|move|p1a: Chansey|Ice Beam|p2a: Chansey\n|-damage|p2a: Chansey|70/100 par\n|\n|upkeep\n|turn|77\n|\n|t:|1774200220\n|move|p2a: Chansey|Soft-Boiled|p2a: Chansey\n|-heal|p2a: Chansey|100/100 par\n|move|p1a: Chansey|Ice Beam|p2a: Chansey\n|-damage|p2a: Chansey|90/100 par\n|\n|upkeep\n|turn|78\n|\n|t:|1774200223\n|cant|p1a: Chansey|par\n|cant|p2a: Chansey|par\n|\n|upkeep\n|turn|79\n|\n|t:|1774200227\n|move|p2a: Chansey|Thunder Wave|p1a: Chansey\n|-fail|p1a: Chansey|par\n|cant|p1a: Chansey|par\n|\n|upkeep\n|turn|80\n|\n|t:|1774200232\n|move|p1a: Chansey|Soft-Boiled|p1a: Chansey\n|-heal|p1a: Chansey|100/100 par\n|move|p2a: Chansey|Thunder Wave|p1a: Chansey\n|-fail|p1a: Chansey|par\n|\n|upkeep\n|turn|81\n|\n|t:|1774200236\n|cant|p1a: Chansey|par\n|cant|p2a: Chansey|par\n|\n|upkeep\n|turn|82\n|\n|t:|1774200240\n|cant|p2a: Chansey|par\n|cant|p1a: Chansey|par\n|\n|upkeep\n|turn|83\n|\n|t:|1774200245\n|move|p2a: Chansey|Thunder Wave|p1a: Chansey\n|-fail|p1a: Chansey|par\n|move|p1a: Chansey|Thunderbolt|p2a: Chansey\n|-damage|p2a: Chansey|79/100 par\n|\n|upkeep\n|turn|84\n|inactive|Sceptross has 270 seconds left.\n|\n|t:|1774200255\n|cant|p2a: Chansey|par\n|move|p1a: Chansey|Thunder Wave|p2a: Chansey\n|-fail|p2a: Chansey|par\n|\n|upkeep\n|turn|85\n|\n|t:|1774200259\n|cant|p1a: Chansey|par\n|move|p2a: Chansey|Thunder Wave|p1a: Chansey\n|-fail|p1a: Chansey|par\n|\n|upkeep\n|turn|86\n|\n|t:|1774200266\n|move|p2a: Chansey|Ice Beam|p1a: Chansey\n|-damage|p1a: Chansey|90/100 par\n|move|p1a: Chansey|Thunder Wave|p2a: Chansey\n|-fail|p2a: Chansey|par\n|\n|upkeep\n|turn|87\n|\n|t:|1774200274\n|move|p2a: Chansey|Ice Beam|p1a: Chansey\n|-damage|p1a: Chansey|79/100 par\n|move|p1a: Chansey|Thunder Wave|p2a: Chansey\n|-fail|p2a: Chansey|par\n|\n|upkeep\n|turn|88\n|inactive|Laroxyl has 180 seconds left.\n|\n|t:|1774200284\n|move|p2a: Chansey|Thunder Wave|p1a: Chansey\n|-fail|p1a: Chansey|par\n|move|p1a: Chansey|Thunder Wave|p2a: Chansey\n|-fail|p2a: Chansey|par\n|\n|upkeep\n|turn|89\n|\n|t:|1774200290\n|cant|p1a: Chansey|par\n|move|p2a: Chansey|Thunder Wave|p1a: Chansey\n|-fail|p1a: Chansey|par\n|\n|upkeep\n|turn|90\n|\n|t:|1774200297\n|move|p1a: Chansey|Thunder Wave|p2a: Chansey\n|-fail|p2a: Chansey|par\n|move|p2a: Chansey|Thunder Wave|p1a: Chansey\n|-fail|p1a: Chansey|par\n|\n|upkeep\n|turn|91\n|\n|t:|1774200315\n|move|p1a: Chansey|Thunder Wave|p2a: Chansey\n|-fail|p2a: Chansey|par\n|move|p2a: Chansey|Thunder Wave|p1a: Chansey\n|-fail|p1a: Chansey|par\n|\n|upkeep\n|turn|92\n|\n|t:|1774200332\n|move|p1a: Chansey|Thunder Wave|p2a: Chansey\n|-fail|p2a: Chansey|par\n|move|p2a: Chansey|Thunder Wave|p1a: Chansey\n|-fail|p1a: Chansey|par\n|\n|upkeep\n|turn|93\n|\n|t:|1774200339\n|move|p2a: Chansey|Thunder Wave|p1a: Chansey\n|-fail|p1a: Chansey|par\n|move|p1a: Chansey|Thunder Wave|p2a: Chansey\n|-fail|p2a: Chansey|par\n|\n|upkeep\n|turn|94\n|\n|t:|1774200347\n|move|p2a: Chansey|Ice Beam|p1a: Chansey\n|-damage|p1a: Chansey|68/100 par\n|move|p1a: Chansey|Thunder Wave|p2a: Chansey\n|-fail|p2a: Chansey|par\n|\n|upkeep\n|turn|95\n|inactive|Laroxyl has 210 seconds left.\n|\n|t:|1774200360\n|move|p2a: Chansey|Ice Beam|p1a: Chansey\n|-damage|p1a: Chansey|57/100 par\n|move|p1a: Chansey|Soft-Boiled|p1a: Chansey\n|-heal|p1a: Chansey|100/100 par\n|\n|upkeep\n|turn|96\n|inactive|Laroxyl has 210 seconds left.\n|\n|t:|1774200369\n|move|p1a: Chansey|Thunder Wave|p2a: Chansey\n|-fail|p2a: Chansey|par\n|move|p2a: Chansey|Ice Beam|p1a: Chansey\n|-damage|p1a: Chansey|90/100 par\n|\n|upkeep\n|turn|97\n|\n|t:|1774200375\n|cant|p2a: Chansey|par\n|move|p1a: Chansey|Thunder Wave|p2a: Chansey\n|-fail|p2a: Chansey|par\n|\n|upkeep\n|turn|98\n|\n|t:|1774200379\n|move|p1a: Chansey|Thunder Wave|p2a: Chansey\n|-fail|p2a: Chansey|par\n|move|p2a: Chansey|Ice Beam|p1a: Chansey\n|-damage|p1a: Chansey|79/100 par\n|\n|upkeep\n|turn|99\n|\n|t:|1774200394\n|move|p1a: Chansey|Ice Beam|p2a: Chansey\n|-damage|p2a: Chansey|67/100 par\n|cant|p2a: Chansey|par\n|\n|upkeep\n|turn|100\n|\n|t:|1774200398\n|cant|p2a: Chansey|par\n|cant|p1a: Chansey|par\n|\n|upkeep\n|turn|101\n|\n|t:|1774200412\n|move|p1a: Chansey|Ice Beam|p2a: Chansey\n|-damage|p2a: Chansey|57/100 par\n|move|p2a: Chansey|Ice Beam|p1a: Chansey\n|-damage|p1a: Chansey|69/100 par\n|\n|upkeep\n|turn|102\n|\n|t:|1774200421\n|cant|p2a: Chansey|par\n|move|p1a: Chansey|Soft-Boiled|p1a: Chansey\n|-heal|p1a: Chansey|100/100 par\n|\n|upkeep\n|turn|103\n|inactive|Laroxyl has 240 seconds left.\n|\n|t:|1774200444\n|cant|p2a: Chansey|par\n|move|p1a: Chansey|Thunderbolt|p2a: Chansey\n|-damage|p2a: Chansey|47/100 par\n|\n|upkeep\n|turn|104\n|\n|t:|1774200449\n|switch|p1a: Tauros|Tauros|43/100 par\n|move|p2a: Chansey|Soft-Boiled|p2a: Chansey\n|-heal|p2a: Chansey|97/100 par\n|\n|upkeep\n|turn|105\n|\n|t:|1774200452\n|switch|p1a: Chansey|Chansey|100/100 par\n|switch|p2a: Starmie|Starmie|67/100\n|\n|upkeep\n|turn|106\n|\n|t:|1774200467\n|switch|p2a: Chansey|Chansey|97/100 par\n|cant|p1a: Chansey|par\n|\n|upkeep\n|turn|107\n|\n|t:|1774200476\n|move|p1a: Chansey|Ice Beam|p2a: Chansey\n|-damage|p2a: Chansey|87/100 par\n|move|p2a: Chansey|Ice Beam|p1a: Chansey\n|-damage|p1a: Chansey|90/100 par\n|\n|upkeep\n|turn|108\n|\n|t:|1774200485\n|move|p1a: Chansey|Thunder Wave|p2a: Chansey\n|-fail|p2a: Chansey|par\n|move|p2a: Chansey|Ice Beam|p1a: Chansey\n|-damage|p1a: Chansey|80/100 par\n|\n|upkeep\n|turn|109\n|inactive|Laroxyl has 240 seconds left.\n|\n|t:|1774200514\n|move|p1a: Chansey|Ice Beam|p2a: Chansey\n|-damage|p2a: Chansey|76/100 par\n|move|p2a: Chansey|Thunderbolt|p1a: Chansey\n|-damage|p1a: Chansey|69/100 par\n|\n|upkeep\n|turn|110\n|inactive|Laroxyl has 240 seconds left.\n|\n|t:|1774200538\n|cant|p1a: Chansey|par\n|cant|p2a: Chansey|par\n|\n|upkeep\n|turn|111\n|\n|t:|1774200541\n|move|p1a: Chansey|Thunderbolt|p2a: Chansey\n|-damage|p2a: Chansey|65/100 par\n|move|p2a: Chansey|Thunderbolt|p1a: Chansey\n|-damage|p1a: Chansey|58/100 par\n|\n|upkeep\n|turn|112\n|\n|t:|1774200551\n|move|p1a: Chansey|Soft-Boiled|p1a: Chansey\n|-heal|p1a: Chansey|100/100 par\n|move|p2a: Chansey|Soft-Boiled|p2a: Chansey\n|-heal|p2a: Chansey|100/100 par\n|\n|upkeep\n|turn|113\n|\n|t:|1774200561\n|move|p2a: Chansey|Thunderbolt|p1a: Chansey\n|-damage|p1a: Chansey|90/100 par\n|move|p1a: Chansey|Thunderbolt|p2a: Chansey\n|-damage|p2a: Chansey|90/100 par\n|\n|upkeep\n|turn|114\n|\n|t:|1774200570\n|move|p1a: Chansey|Thunderbolt|p2a: Chansey\n|-damage|p2a: Chansey|80/100 par\n|cant|p2a: Chansey|par\n|\n|upkeep\n|turn|115\n|\n|t:|1774200577\n|move|p1a: Chansey|Ice Beam|p2a: Chansey\n|-crit|p2a: Chansey\n|-damage|p2a: Chansey|60/100 par\n|move|p2a: Chansey|Soft-Boiled|p2a: Chansey\n|-heal|p2a: Chansey|100/100 par\n|\n|upkeep\n|turn|116\n|inactive|Laroxyl has 270 seconds left.\n|\n|t:|1774200583\n|move|p1a: Chansey|Ice Beam|p2a: Chansey\n|-damage|p2a: Chansey|90/100 par\n|move|p2a: Chansey|Thunderbolt|p1a: Chansey\n|-damage|p1a: Chansey|79/100 par\n|\n|upkeep\n|turn|117\n|\n|t:|1774200596\n|cant|p2a: Chansey|par\n|move|p1a: Chansey|Thunderbolt|p2a: Chansey\n|-damage|p2a: Chansey|79/100 par\n|\n|upkeep\n|turn|118\n|\n|t:|1774200602\n|move|p1a: Chansey|Thunderbolt|p2a: Chansey\n|-damage|p2a: Chansey|67/100 par\n|move|p2a: Chansey|Soft-Boiled|p2a: Chansey\n|-heal|p2a: Chansey|100/100 par\n|\n|upkeep\n|turn|119\n|\n|t:|1774200608\n|move|p2a: Chansey|Thunderbolt|p1a: Chansey\n|-damage|p1a: Chansey|68/100 par\n|move|p1a: Chansey|Thunderbolt|p2a: Chansey\n|-damage|p2a: Chansey|89/100 par\n|\n|upkeep\n|turn|120\n|\n|t:|1774200618\n|cant|p1a: Chansey|par\n|move|p2a: Chansey|Thunderbolt|p1a: Chansey\n|-damage|p1a: Chansey|57/100 par\n|\n|upkeep\n|turn|121\n|\n|t:|1774200627\n|move|p1a: Chansey|Soft-Boiled|p1a: Chansey\n|-heal|p1a: Chansey|100/100 par\n|cant|p2a: Chansey|par\n|\n|upkeep\n|turn|122\n|\n|t:|1774200632\n|cant|p1a: Chansey|par\n|move|p2a: Chansey|Thunderbolt|p1a: Chansey\n|-damage|p1a: Chansey|89/100 par\n|\n|upkeep\n|turn|123\n|\n|t:|1774200638\n|move|p2a: Chansey|Thunderbolt|p1a: Chansey\n|-damage|p1a: Chansey|78/100 par\n|move|p1a: Chansey|Thunderbolt|p2a: Chansey\n|-crit|p2a: Chansey\n|-damage|p2a: Chansey|68/100 par\n|\n|upkeep\n|turn|124\n|\n|t:|1774200644\n|switch|p1a: Tauros|Tauros|43/100 par\n|cant|p2a: Chansey|par\n|\n|upkeep\n|turn|125\n|inactive|Laroxyl has 270 seconds left.\n|inactive|Sceptross has 270 seconds left.\n|inactive|Laroxyl has 240 seconds left.\n|inactive|Laroxyl has 210 seconds left.\n|inactive|Laroxyl has 180 seconds left.\n|\n|t:|1774200777\n|move|p1a: Tauros|Hyper Beam|p2a: Chansey\n|-damage|p2a: Chansey|2/100 par\n|-mustrecharge|p1a: Tauros\n|cant|p2a: Chansey|par\n|\n|upkeep\n|turn|126\n|inactive|Sceptross has 240 seconds left.\n|inactive|Sceptross has 210 seconds left.\n|\n|t:|1774200848\n|cant|p1a: Tauros|recharge\n|move|p2a: Chansey|Thunderbolt|p1a: Tauros\n|-damage|p1a: Tauros|14/100 par\n|\n|upkeep\n|turn|127\n|inactive|Laroxyl has 180 seconds left.\n|\n|t:|1774200869\n|cant|p1a: Tauros|par\n|move|p2a: Chansey|Soft-Boiled|p2a: Chansey\n|-heal|p2a: Chansey|52/100 par\n|\n|upkeep\n|turn|128\n|\n|t:|1774200903\n|switch|p2a: Starmie|Starmie|67/100\n|move|p1a: Tauros|Hyper Beam|p2a: Starmie\n|-damage|p2a: Starmie|3/100\n|-mustrecharge|p1a: Tauros\n|\n|upkeep\n|turn|129\n|\n|t:|1774200909\n|move|p2a: Starmie|Psychic|p1a: Tauros\n|-damage|p1a: Tauros|0 fnt\n|faint|p1a: Tauros\n|\n|t:|1774200910\n|switch|p1a: Chansey|Chansey|78/100 par\n|turn|130\n|inactive|Sceptross has 180 seconds left.\n|\n|t:|1774200943\n|move|p2a: Starmie|Recover|p2a: Starmie\n|-heal|p2a: Starmie|53/100\n|move|p1a: Chansey|Thunderbolt|p2a: Starmie\n|-supereffective|p2a: Starmie\n|-damage|p2a: Starmie|4/100\n|\n|upkeep\n|turn|131\n|inactive|Sceptross has 180 seconds left.\n|\n|t:|1774200960\n|switch|p2a: Chansey|Chansey|52/100 par\n|cant|p1a: Chansey|par\n|\n|upkeep\n|turn|132\n|\n|t:|1774200967\n|cant|p2a: Chansey|par\n|move|p1a: Chansey|Thunder Wave|p2a: Chansey\n|-fail|p2a: Chansey|par\n|\n|upkeep\n|turn|133\n|\n|t:|1774200976\n|cant|p2a: Chansey|par\n|move|p1a: Chansey|Thunder Wave|p2a: Chansey\n|-fail|p2a: Chansey|par\n|\n|upkeep\n|turn|134\n|\n|t:|1774200980\n|move|p2a: Chansey|Soft-Boiled|p2a: Chansey\n|-heal|p2a: Chansey|100/100 par\n|move|p1a: Chansey|Thunderbolt|p2a: Chansey\n|-damage|p2a: Chansey|89/100 par\n|\n|upkeep\n|turn|135\n|inactive|Laroxyl has 210 seconds left.\n|inactive|Sceptross has 210 seconds left.\n|\n|t:|1774200990\n|cant|p2a: Chansey|par\n|move|p1a: Chansey|Thunder Wave|p2a: Chansey\n|-fail|p2a: Chansey|par\n|\n|upkeep\n|turn|136\n|\n|t:|1774200999\n|move|p1a: Chansey|Thunderbolt|p2a: Chansey\n|-damage|p2a: Chansey|79/100 par\n|cant|p2a: Chansey|par\n|\n|upkeep\n|turn|137\n|\n|t:|1774201007\n|move|p1a: Chansey|Thunderbolt|p2a: Chansey\n|-damage|p2a: Chansey|69/100 par\n|move|p2a: Chansey|Soft-Boiled|p2a: Chansey\n|-heal|p2a: Chansey|100/100 par\n|\n|upkeep\n|turn|138\n|\n|t:|1774201010\n|cant|p2a: Chansey|par\n|move|p1a: Chansey|Thunderbolt|p2a: Chansey\n|-damage|p2a: Chansey|91/100 par\n|\n|upkeep\n|turn|139\n|\n|t:|1774201020\n|cant|p2a: Chansey|par\n|cant|p1a: Chansey|par\n|\n|upkeep\n|turn|140\n|\n|t:|1774201024\n|move|p1a: Chansey|Thunderbolt|p2a: Chansey\n|-damage|p2a: Chansey|79/100 par\n|move|p2a: Chansey|Thunderbolt|p1a: Chansey\n|-damage|p1a: Chansey|68/100 par\n|\n|upkeep\n|turn|141\n|\n|t:|1774201031\n|move|p1a: Chansey|Soft-Boiled|p1a: Chansey\n|-heal|p1a: Chansey|100/100 par\n|move|p2a: Chansey|Soft-Boiled|p2a: Chansey\n|-heal|p2a: Chansey|100/100 par\n|\n|upkeep\n|turn|142\n|\n|t:|1774201036\n|move|p2a: Chansey|Thunderbolt|p1a: Chansey\n|-damage|p1a: Chansey|89/100 par\n|move|p1a: Chansey|Thunderbolt|p2a: Chansey\n|-damage|p2a: Chansey|90/100 par\n|\n|upkeep\n|turn|143\n|inactive|Laroxyl has 270 seconds left.\n|\n|t:|1774201045\n|move|p1a: Chansey|Ice Beam|p2a: Chansey\n|-damage|p2a: Chansey|79/100 par\n|move|p2a: Chansey|Thunderbolt|p1a: Chansey\n|-damage|p1a: Chansey|78/100 par\n|\n|upkeep\n|turn|144\n|inactive|Sceptross has 270 seconds left.\n|inactive|Laroxyl has 270 seconds left.\n|\n|t:|1774201055\n|move|p2a: Chansey|Soft-Boiled|p2a: Chansey\n|-heal|p2a: Chansey|100/100 par\n|cant|p1a: Chansey|par\n|\n|upkeep\n|turn|145\n|\n|t:|1774201061\n|move|p1a: Chansey|Thunder Wave|p2a: Chansey\n|-fail|p2a: Chansey|par\n|move|p2a: Chansey|Thunderbolt|p1a: Chansey\n|-damage|p1a: Chansey|68/100 par\n|\n|upkeep\n|turn|146\n|\n|t:|1774201069\n|move|p1a: Chansey|Soft-Boiled|p1a: Chansey\n|-heal|p1a: Chansey|100/100 par\n|cant|p2a: Chansey|par\n|\n|upkeep\n|turn|147\n|\n|t:|1774201073\n|move|p1a: Chansey|Thunder Wave|p2a: Chansey\n|-fail|p2a: Chansey|par\n|move|p2a: Chansey|Thunderbolt|p1a: Chansey\n|-damage|p1a: Chansey|90/100 par\n|\n|upkeep\n|turn|148\n|\n|t:|1774201083\n|move|p1a: Chansey|Ice Beam|p2a: Chansey\n|-damage|p2a: Chansey|90/100 par\n|move|p2a: Chansey|Thunderbolt|p1a: Chansey\n|-damage|p1a: Chansey|79/100 par\n|\n|upkeep\n|turn|149\n|c|☆Laroxyl|gg\n|inactive|Laroxyl has 270 seconds left.\n|c|☆Sceptross|gg\n|-message|Laroxyl forfeited.\n|\n|win|Sceptross\n","uploadtime":1774201116,"views":"794","formatid":"gen1ou","rating":null,"private":0,"password":null}