{"id":"smogtours-gen1ou-956588","format":"[Gen 1] OU","players":["stunner047","Soda Eesti"],"log":"|inactive|Battle timer is ON: inactive players will automatically lose when time's up.\n|t:|1784313158\n|gametype|singles\n|player|p1|stunner047|#rbypliiidingdangdewgongs|\n|player|p2|Soda Eesti|gwynn|\n|gen|1\n|tier|[Gen 1] OU\n|rule|Desync Clause Mod: Desyncs resolve to link battle behavior from the acting player's perspective.\n|rule|HP Percentage Mod: HP is shown in percentages\n|rule|Endless Battle Clause: Forcing endless battles is banned\n|rule|Sleep Clause Mod: Limit one foe put to sleep\n|rule|Freeze Clause Mod: Limit one foe frozen\n|rule|Species Clause: Limit one of each Pokémon\n|rule|OHKO Clause: OHKO moves are banned\n|rule|Evasion Moves Clause: Evasion moves are banned\n|\n|t:|1784313158\n|teamsize|p1|6\n|teamsize|p2|6\n|start\n|switch|p1a: Alakazam|Alakazam|100/100\n|switch|p2a: Jolteon|Jolteon|100/100\n|turn|1\n|c|☆stunner047|gl hf\n|\n|t:|1784313163\n|switch|p1a: Exeggutor|Exeggutor|100/100\n|move|p2a: Jolteon|Thunder Wave|p1a: Exeggutor\n|-status|p1a: Exeggutor|par\n|\n|upkeep\n|turn|2\n|\n|t:|1784313167\n|move|p2a: Jolteon|Pin Missile|p1a: Exeggutor|[miss]\n|-miss|p2a: Jolteon\n|move|p1a: Exeggutor|Sleep Powder|p2a: Jolteon|[miss]\n|-miss|p1a: Exeggutor\n|\n|upkeep\n|turn|3\n|\n|t:|1784313169\n|move|p2a: Jolteon|Pin Missile|p1a: Exeggutor\n|-supereffective|p1a: Exeggutor\n|-damage|p1a: Exeggutor|89/100 par\n|-damage|p1a: Exeggutor|77/100 par\n|-damage|p1a: Exeggutor|65/100 par\n|-hitcount|p1a: Exeggutor|3\n|move|p1a: Exeggutor|Sleep Powder|p2a: Jolteon|[miss]\n|-miss|p1a: Exeggutor\n|\n|upkeep\n|turn|4\n|\n|t:|1784313171\n|move|p2a: Jolteon|Pin Missile|p1a: Exeggutor\n|-crit|p1a: Exeggutor\n|-supereffective|p1a: Exeggutor\n|-damage|p1a: Exeggutor|45/100 par\n|-damage|p1a: Exeggutor|25/100 par\n|-damage|p1a: Exeggutor|4/100 par\n|-hitcount|p1a: Exeggutor|3\n|move|p1a: Exeggutor|Sleep Powder|p2a: Jolteon|[miss]\n|-miss|p1a: Exeggutor\n|\n|upkeep\n|turn|5\n|\n|t:|1784313175\n|switch|p1a: Chansey|Chansey|100/100\n|move|p2a: Jolteon|Thunderbolt|p1a: Chansey\n|-crit|p1a: Chansey\n|-damage|p1a: Chansey|71/100\n|\n|upkeep\n|turn|6\n|\n|t:|1784313177\n|move|p2a: Jolteon|Thunder Wave|p1a: Chansey\n|-status|p1a: Chansey|par\n|move|p1a: Chansey|Thunder Wave|p2a: Jolteon\n|-status|p2a: Jolteon|par\n|\n|upkeep\n|turn|7\n|\n|t:|1784313179\n|move|p2a: Jolteon|Double Kick|p1a: Chansey\n|-supereffective|p1a: Chansey\n|-damage|p1a: Chansey|56/100 par\n|-damage|p1a: Chansey|41/100 par\n|-hitcount|p1a: Chansey|2\n|cant|p1a: Chansey|par\n|\n|upkeep\n|turn|8\n|\n|t:|1784313185\n|move|p2a: Jolteon|Double Kick|p1a: Chansey\n|-supereffective|p1a: Chansey\n|-damage|p1a: Chansey|27/100 par\n|-damage|p1a: Chansey|14/100 par\n|-hitcount|p1a: Chansey|2\n|move|p1a: Chansey|Soft-Boiled|p1a: Chansey\n|-heal|p1a: Chansey|64/100 par\n|\n|upkeep\n|turn|9\n|\n|t:|1784313189\n|move|p2a: Jolteon|Double Kick|p1a: Chansey\n|-supereffective|p1a: Chansey\n|-damage|p1a: Chansey|50/100 par\n|-damage|p1a: Chansey|37/100 par\n|-hitcount|p1a: Chansey|2\n|move|p1a: Chansey|Soft-Boiled|p1a: Chansey\n|-heal|p1a: Chansey|87/100 par\n|\n|upkeep\n|turn|10\n|\n|t:|1784313192\n|move|p2a: Jolteon|Double Kick|p1a: Chansey\n|-crit|p1a: Chansey\n|-supereffective|p1a: Chansey\n|-damage|p1a: Chansey|59/100 par\n|-damage|p1a: Chansey|31/100 par\n|-hitcount|p1a: Chansey|2\n|cant|p1a: Chansey|par\n|\n|upkeep\n|turn|11\n|\n|t:|1784313196\n|move|p2a: Jolteon|Double Kick|p1a: Chansey\n|-crit|p1a: Chansey\n|-supereffective|p1a: Chansey\n|-damage|p1a: Chansey|2/100 par\n|-damage|p1a: Chansey|0 fnt\n|-hitcount|p1a: Chansey|2\n|faint|p1a: Chansey\n|\n|t:|1784313201\n|switch|p1a: Snorlax|Snorlax|100/100\n|turn|12\n|\n|t:|1784313206\n|move|p1a: Snorlax|Amnesia|p1a: Snorlax\n|-boost|p1a: Snorlax|spa|2\n|-boost|p1a: Snorlax|spd|2\n|move|p2a: Jolteon|Thunder Wave|p1a: Snorlax\n|-status|p1a: Snorlax|par\n|\n|upkeep\n|turn|13\n|\n|t:|1784313210\n|switch|p2a: Exeggutor|Exeggutor|100/100\n|move|p1a: Snorlax|Ice Beam|p2a: Exeggutor\n|-supereffective|p2a: Exeggutor\n|-damage|p2a: Exeggutor|49/100\n|\n|upkeep\n|turn|14\n|\n|t:|1784313212\n|move|p2a: Exeggutor|Psychic|p1a: Snorlax\n|-damage|p1a: Snorlax|85/100 par\n|move|p1a: Snorlax|Ice Beam|p2a: Exeggutor\n|-supereffective|p2a: Exeggutor\n|-damage|p2a: Exeggutor|0 fnt\n|faint|p2a: Exeggutor\n|\n|t:|1784313215\n|switch|p2a: Snorlax|Snorlax|100/100\n|turn|15\n|\n|t:|1784313217\n|move|p2a: Snorlax|Body Slam|p1a: Snorlax\n|-crit|p1a: Snorlax\n|-damage|p1a: Snorlax|33/100 par\n|move|p1a: Snorlax|Reflect|p1a: Snorlax\n|-start|p1a: Snorlax|Reflect\n|\n|upkeep\n|turn|16\n|\n|t:|1784313221\n|move|p2a: Snorlax|Body Slam|p1a: Snorlax\n|-damage|p1a: Snorlax|19/100 par\n|move|p1a: Snorlax|Rest|p1a: Snorlax\n|-status|p1a: Snorlax|slp|[from] move: Rest\n|-heal|p1a: Snorlax|100/100 slp|[silent]\n|\n|upkeep\n|turn|17\n|\n|t:|1784313223\n|switch|p2a: Zapdos|Zapdos|100/100\n|cant|p1a: Snorlax|slp\n|\n|upkeep\n|turn|18\n|\n|t:|1784313226\n|move|p2a: Zapdos|Thunderbolt|p1a: Snorlax\n|-crit|p1a: Snorlax\n|-damage|p1a: Snorlax|41/100 slp\n|-curestatus|p1a: Snorlax|slp|[msg]\n|\n|upkeep\n|turn|19\n|\n|t:|1784313228\n|move|p2a: Zapdos|Thunder Wave|p1a: Snorlax\n|-status|p1a: Snorlax|par\n|move|p1a: Snorlax|Ice Beam|p2a: Zapdos\n|-supereffective|p2a: Zapdos\n|-damage|p2a: Zapdos|48/100\n|\n|upkeep\n|turn|20\n|\n|t:|1784313231\n|move|p2a: Zapdos|Thunderbolt|p1a: Snorlax\n|-damage|p1a: Snorlax|25/100 par\n|move|p1a: Snorlax|Ice Beam|p2a: Zapdos\n|-crit|p2a: Zapdos\n|-supereffective|p2a: Zapdos\n|-damage|p2a: Zapdos|0 fnt\n|faint|p2a: Zapdos\n|\n|t:|1784313234\n|switch|p2a: Tauros|Tauros|100/100\n|turn|21\n|\n|t:|1784313236\n|move|p2a: Tauros|Body Slam|p1a: Snorlax\n|-damage|p1a: Snorlax|13/100 par\n|move|p1a: Snorlax|Rest|p1a: Snorlax\n|-status|p1a: Snorlax|slp|[from] move: Rest\n|-heal|p1a: Snorlax|100/100 slp|[silent]\n|\n|upkeep\n|turn|22\n|\n|t:|1784313239\n|move|p2a: Tauros|Body Slam|p1a: Snorlax\n|-crit|p1a: Snorlax\n|-damage|p1a: Snorlax|53/100 slp\n|cant|p1a: Snorlax|slp\n|\n|upkeep\n|turn|23\n|\n|t:|1784313241\n|move|p2a: Tauros|Body Slam|p1a: Snorlax\n|-crit|p1a: Snorlax\n|-damage|p1a: Snorlax|6/100 slp\n|-curestatus|p1a: Snorlax|slp|[msg]\n|\n|upkeep\n|turn|24\n|\n|t:|1784313243\n|move|p2a: Tauros|Body Slam|p1a: Snorlax\n|-crit|p1a: Snorlax\n|-damage|p1a: Snorlax|0 fnt\n|faint|p1a: Snorlax\n|\n|t:|1784313244\n|switch|p1a: Cloyster|Cloyster|100/100\n|turn|25\n|\n|t:|1784313247\n|move|p2a: Tauros|Body Slam|p1a: Cloyster\n|-damage|p1a: Cloyster|80/100\n|move|p1a: Cloyster|Blizzard|p2a: Tauros\n|-damage|p2a: Tauros|56/100\n|\n|upkeep\n|turn|26\n|\n|t:|1784313249\n|switch|p2a: Starmie|Starmie|100/100\n|move|p1a: Cloyster|Blizzard|p2a: Starmie\n|-resisted|p2a: Starmie\n|-damage|p2a: Starmie|83/100\n|\n|upkeep\n|turn|27\n|\n|t:|1784313252\n|switch|p1a: Exeggutor|Exeggutor|4/100 par\n|move|p2a: Starmie|Recover|p2a: Starmie\n|-heal|p2a: Starmie|100/100\n|\n|upkeep\n|turn|28\n|\n|t:|1784313258\n|move|p2a: Starmie|Psychic|p1a: Exeggutor\n|-resisted|p1a: Exeggutor\n|-damage|p1a: Exeggutor|0 fnt\n|faint|p1a: Exeggutor\n|\n|t:|1784313260\n|switch|p1a: Alakazam|Alakazam|100/100\n|turn|29\n|\n|t:|1784313263\n|switch|p2a: Jolteon|Jolteon|100/100 par\n|move|p1a: Alakazam|Thunder Wave|p2a: Jolteon\n|-fail|p2a: Jolteon|par\n|\n|upkeep\n|turn|30\n|\n|t:|1784313265\n|move|p1a: Alakazam|Psychic|p2a: Jolteon\n|-damage|p2a: Jolteon|61/100 par\n|move|p2a: Jolteon|Thunder Wave|p1a: Alakazam\n|-status|p1a: Alakazam|par\n|\n|upkeep\n|turn|31\n|\n|t:|1784313268\n|move|p2a: Jolteon|Thunderbolt|p1a: Alakazam\n|-damage|p1a: Alakazam|69/100 par\n|move|p1a: Alakazam|Psychic|p2a: Jolteon\n|-crit|p2a: Jolteon\n|-damage|p2a: Jolteon|0 fnt\n|faint|p2a: Jolteon\n|\n|t:|1784313272\n|switch|p2a: Snorlax|Snorlax|100/100\n|turn|32\n|\n|t:|1784313275\n|switch|p1a: Cloyster|Cloyster|80/100\n|move|p2a: Snorlax|Body Slam|p1a: Cloyster\n|-damage|p1a: Cloyster|57/100\n|\n|upkeep\n|turn|33\n|\n|t:|1784313277\n|move|p1a: Cloyster|Blizzard|p2a: Snorlax\n|-damage|p2a: Snorlax|71/100\n|move|p2a: Snorlax|Body Slam|p1a: Cloyster\n|-damage|p1a: Cloyster|35/100\n|\n|upkeep\n|turn|34\n|\n|t:|1784313280\n|switch|p2a: Starmie|Starmie|100/100\n|move|p1a: Cloyster|Rest|p1a: Cloyster\n|-status|p1a: Cloyster|slp|[from] move: Rest\n|-heal|p1a: Cloyster|100/100 slp|[silent]\n|\n|upkeep\n|turn|35\n|\n|t:|1784313286\n|switch|p2a: Tauros|Tauros|56/100\n|switch|p1a: Alakazam|Alakazam|69/100 par\n|\n|upkeep\n|turn|36\n|\n|t:|1784313290\n|switch|p1a: Cloyster|Cloyster|100/100 slp\n|move|p2a: Tauros|Body Slam|p1a: Cloyster\n|-damage|p1a: Cloyster|80/100 slp\n|\n|upkeep\n|turn|37\n|\n|t:|1784313292\n|move|p2a: Tauros|Body Slam|p1a: Cloyster\n|-damage|p1a: Cloyster|56/100 slp\n|cant|p1a: Cloyster|slp\n|\n|upkeep\n|turn|38\n|\n|t:|1784313294\n|move|p2a: Tauros|Body Slam|p1a: Cloyster\n|-crit|p1a: Cloyster\n|-damage|p1a: Cloyster|16/100 slp\n|-curestatus|p1a: Cloyster|slp|[msg]\n|\n|upkeep\n|turn|39\n|\n|t:|1784313296\n|move|p2a: Tauros|Body Slam|p1a: Cloyster\n|-crit|p1a: Cloyster\n|-damage|p1a: Cloyster|0 fnt\n|faint|p1a: Cloyster\n|\n|t:|1784313299\n|switch|p1a: Tauros|Tauros|100/100\n|turn|40\n|\n|t:|1784313301\n|move|p1a: Tauros|Body Slam|p2a: Tauros\n|-crit|p2a: Tauros\n|-damage|p2a: Tauros|4/100\n|move|p2a: Tauros|Body Slam|p1a: Tauros\n|-damage|p1a: Tauros|70/100\n|\n|upkeep\n|turn|41\n|\n|t:|1784313306\n|move|p1a: Tauros|Body Slam|p2a: Tauros\n|-damage|p2a: Tauros|0 fnt\n|faint|p2a: Tauros\n|\n|t:|1784313307\n|switch|p2a: Snorlax|Snorlax|71/100\n|turn|42\n|\n|t:|1784313312\n|move|p1a: Tauros|Body Slam|p2a: Snorlax\n|-crit|p2a: Snorlax\n|-damage|p2a: Snorlax|26/100\n|move|p2a: Snorlax|Body Slam|p1a: Tauros\n|-damage|p1a: Tauros|39/100\n|\n|upkeep\n|turn|43\n|\n|t:|1784313320\n|move|p1a: Tauros|Body Slam|p2a: Snorlax\n|-damage|p2a: Snorlax|1/100\n|move|p2a: Snorlax|Hyper Beam|p1a: Tauros\n|-damage|p1a: Tauros|0 fnt\n|faint|p1a: Tauros\n|\n|t:|1784313344\n|switch|p1a: Alakazam|Alakazam|69/100 par\n|turn|44\n|\n|t:|1784313359\n|move|p2a: Snorlax|Hyper Beam|p1a: Alakazam\n|-damage|p1a: Alakazam|0 fnt\n|faint|p1a: Alakazam\n|\n|win|Soda Eesti\n|c|☆Soda Eesti|gg2\n|c|☆stunner047|gg\n|c|☆stunner047|/log stunner047 made the replay of this battle unlisted.\n|player|p1|\n","uploadtime":1784313359,"views":"53","formatid":"gen1ou","rating":null,"private":2,"password":null}