{"id":"smogtours-gen1ou-950693","format":"[Gen 1] OU","players":["TG2513","Soda Krys"],"log":"|inactive|Battle timer is ON: inactive players will automatically lose when time's up.\n|t:|1782580757\n|gametype|singles\n|player|p1|TG2513|brycenman|\n|player|p2|Soda Krys|gwynn|\n|gen|1\n|tier|[Gen 1] OU\n|rule|Desync Clause Mod: Desyncs changed to move failure.\n|rule|HP Percentage Mod: HP is shown in percentages\n|rule|Endless Battle Clause: Forcing endless battles is banned\n|rule|Sleep Clause Mod: Limit one foe put to sleep\n|rule|Freeze Clause Mod: Limit one foe frozen\n|rule|Species Clause: Limit one of each Pokémon\n|rule|OHKO Clause: OHKO moves are banned\n|rule|Evasion Moves Clause: Evasion moves are banned\n|\n|t:|1782580757\n|teamsize|p1|6\n|teamsize|p2|6\n|start\n|switch|p1a: Gengar|Gengar|100/100\n|switch|p2a: Starmie|Starmie|100/100\n|turn|1\n|\n|t:|1782580764\n|switch|p1a: Exeggutor|Exeggutor|100/100\n|move|p2a: Starmie|Psychic|p1a: Exeggutor\n|-resisted|p1a: Exeggutor\n|-damage|p1a: Exeggutor|90/100\n|\n|upkeep\n|turn|2\n|\n|t:|1782580768\n|move|p2a: Starmie|Thunder Wave|p1a: Exeggutor\n|-status|p1a: Exeggutor|par\n|move|p1a: Exeggutor|Sleep Powder|p2a: Starmie\n|-status|p2a: Starmie|slp|[from] move: Sleep Powder\n|\n|upkeep\n|turn|3\n|\n|t:|1782580772\n|switch|p2a: Exeggutor|Exeggutor|100/100\n|move|p1a: Exeggutor|Stun Spore|p2a: Exeggutor\n|-status|p2a: Exeggutor|par\n|\n|upkeep\n|turn|4\n|\n|t:|1782580774\n|move|p1a: Exeggutor|Psychic|p2a: Exeggutor\n|-resisted|p2a: Exeggutor\n|-damage|p2a: Exeggutor|88/100 par\n|-unboost|p2a: Exeggutor|spa|1\n|-unboost|p2a: Exeggutor|spd|1\n|move|p2a: Exeggutor|Psychic|p1a: Exeggutor\n|-resisted|p1a: Exeggutor\n|-damage|p1a: Exeggutor|80/100 par\n|-unboost|p1a: Exeggutor|spa|1\n|-unboost|p1a: Exeggutor|spd|1\n|\n|upkeep\n|turn|5\n|\n|t:|1782580780\n|switch|p2a: Snorlax|Snorlax|100/100\n|cant|p1a: Exeggutor|par\n|\n|upkeep\n|turn|6\n|\n|t:|1782580782\n|move|p2a: Snorlax|Body Slam|p1a: Exeggutor\n|-damage|p1a: Exeggutor|49/100 par\n|move|p1a: Exeggutor|Explosion|p2a: Snorlax\n|-damage|p2a: Snorlax|40/100\n|faint|p1a: Exeggutor\n|\n|t:|1782580794\n|switch|p1a: Cloyster|Cloyster|100/100\n|turn|7\n|\n|t:|1782580796\n|move|p1a: Cloyster|Clamp|p2a: Snorlax\n|-damage|p2a: Snorlax|31/100\n|cant|p2a: Snorlax|partiallytrapped\n|\n|upkeep\n|turn|8\n|\n|t:|1782580799\n|switch|p2a: Starmie|Starmie|100/100 slp\n|move|p1a: Cloyster|Clamp|p2a: Starmie\n|-resisted|p2a: Starmie\n|-damage|p2a: Starmie|95/100 slp\n|\n|upkeep\n|turn|9\n|\n|t:|1782580806\n|cant|p2a: Starmie|slp\n|move|p1a: Cloyster|Clamp|p2a: Starmie|[from] Clamp\n|-damage|p2a: Starmie|90/100 slp\n|\n|upkeep\n|turn|10\n|\n|t:|1782580810\n|switch|p1a: Zapdos|Zapdos|100/100\n|-curestatus|p2a: Starmie|slp|[msg]\n|\n|upkeep\n|turn|11\n|\n|t:|1782580815\n|move|p2a: Starmie|Thunder Wave|p1a: Zapdos\n|-status|p1a: Zapdos|par\n|move|p1a: Zapdos|Thunder Wave|p2a: Starmie\n|-status|p2a: Starmie|par\n|\n|upkeep\n|turn|12\n|\n|t:|1782580817\n|switch|p2a: Snorlax|Snorlax|31/100\n|move|p1a: Zapdos|Thunderbolt|p2a: Snorlax\n|-damage|p2a: Snorlax|0 fnt\n|faint|p2a: Snorlax\n|\n|t:|1782580821\n|switch|p2a: Zapdos|Zapdos|100/100\n|turn|13\n|\n|t:|1782580823\n|move|p2a: Zapdos|Thunderbolt|p1a: Zapdos\n|-damage|p1a: Zapdos|70/100 par\n|move|p1a: Zapdos|Thunder Wave|p2a: Zapdos\n|-status|p2a: Zapdos|par\n|\n|upkeep\n|turn|14\n|\n|t:|1782580827\n|move|p2a: Zapdos|Agility|p2a: Zapdos\n|-boost|p2a: Zapdos|spe|2\n|move|p1a: Zapdos|Thunderbolt|p2a: Zapdos\n|-damage|p2a: Zapdos|74/100 par\n|\n|upkeep\n|turn|15\n|\n|t:|1782580828\n|move|p2a: Zapdos|Thunderbolt|p1a: Zapdos\n|-damage|p1a: Zapdos|43/100 par\n|move|p1a: Zapdos|Agility|p1a: Zapdos\n|-boost|p1a: Zapdos|spe|2\n|\n|upkeep\n|turn|16\n|\n|t:|1782580830\n|move|p1a: Zapdos|Thunderbolt|p2a: Zapdos\n|-damage|p2a: Zapdos|47/100 par\n|move|p2a: Zapdos|Thunderbolt|p1a: Zapdos\n|-damage|p1a: Zapdos|16/100 par\n|\n|upkeep\n|turn|17\n|\n|t:|1782580834\n|move|p1a: Zapdos|Thunderbolt|p2a: Zapdos\n|-crit|p2a: Zapdos\n|-damage|p2a: Zapdos|0 fnt\n|faint|p2a: Zapdos\n|\n|t:|1782580837\n|switch|p2a: Chansey|Chansey|100/100\n|turn|18\n|\n|t:|1782580838\n|move|p1a: Zapdos|Thunder Wave|p2a: Chansey\n|-status|p2a: Chansey|par\n|move|p2a: Chansey|Seismic Toss|p1a: Zapdos\n|-damage|p1a: Zapdos|0 fnt\n|faint|p1a: Zapdos\n|\n|t:|1782580843\n|switch|p1a: Persian|Persian|100/100\n|turn|19\n|\n|t:|1782580846\n|move|p1a: Persian|Slash|p2a: Chansey\n|-crit|p2a: Chansey\n|-damage|p2a: Chansey|47/100 par\n|move|p2a: Chansey|Thunder Wave|p1a: Persian\n|-status|p1a: Persian|par\n|\n|upkeep\n|turn|20\n|\n|t:|1782580850\n|switch|p2a: Starmie|Starmie|90/100 par\n|move|p1a: Persian|Slash|p2a: Starmie\n|-crit|p2a: Starmie\n|-damage|p2a: Starmie|48/100 par\n|\n|upkeep\n|turn|21\n|\n|t:|1782580853\n|cant|p2a: Starmie|par\n|cant|p1a: Persian|par\n|\n|upkeep\n|turn|22\n|\n|t:|1782580855\n|move|p2a: Starmie|Psychic|p1a: Persian\n|-damage|p1a: Persian|61/100 par\n|-unboost|p1a: Persian|spa|1\n|-unboost|p1a: Persian|spd|1\n|move|p1a: Persian|Thunderbolt|p2a: Starmie\n|-crit|p2a: Starmie\n|-supereffective|p2a: Starmie\n|-damage|p2a: Starmie|0 fnt\n|faint|p2a: Starmie\n|\n|t:|1782580859\n|switch|p2a: Exeggutor|Exeggutor|88/100 par\n|turn|23\n|\n|t:|1782580870\n|switch|p1a: Cloyster|Cloyster|100/100\n|move|p2a: Exeggutor|Psychic|p1a: Cloyster\n|-damage|p1a: Cloyster|57/100\n|\n|upkeep\n|turn|24\n|\n|t:|1782580877\n|move|p1a: Cloyster|Blizzard|p2a: Exeggutor\n|-supereffective|p2a: Exeggutor\n|-damage|p2a: Exeggutor|28/100 par\n|move|p2a: Exeggutor|Psychic|p1a: Cloyster\n|-damage|p1a: Cloyster|13/100\n|\n|upkeep\n|turn|25\n|\n|t:|1782580883\n|switch|p2a: Chansey|Chansey|47/100 par\n|move|p1a: Cloyster|Blizzard|p2a: Chansey\n|-damage|p2a: Chansey|29/100 par\n|\n|upkeep\n|turn|26\n|\n|t:|1782580887\n|move|p1a: Cloyster|Clamp|p2a: Chansey|[miss]\n|-miss|p1a: Cloyster\n|move|p2a: Chansey|Soft-Boiled|p2a: Chansey\n|-heal|p2a: Chansey|79/100 par\n|\n|upkeep\n|turn|27\n|\n|t:|1782580890\n|move|p1a: Cloyster|Clamp|p2a: Chansey\n|-damage|p2a: Chansey|73/100 par\n|cant|p2a: Chansey|partiallytrapped\n|\n|upkeep\n|turn|28\n|\n|t:|1782580892\n|move|p1a: Cloyster|Clamp|p2a: Chansey|[from] Clamp\n|-damage|p2a: Chansey|68/100 par\n|\n|upkeep\n|turn|29\n|\n|t:|1782580894\n|move|p1a: Cloyster|Clamp|p2a: Chansey|[from] Clamp\n|-damage|p2a: Chansey|62/100 par\n|\n|upkeep\n|turn|30\n|\n|t:|1782580896\n|move|p1a: Cloyster|Clamp|p2a: Chansey|[from] Clamp\n|-damage|p2a: Chansey|57/100 par\n|\n|upkeep\n|turn|31\n|\n|t:|1782580900\n|move|p1a: Cloyster|Explosion|p2a: Chansey\n|-damage|p2a: Chansey|0 fnt\n|faint|p2a: Chansey\n|faint|p1a: Cloyster\n|\n|t:|1782580906\n|switch|p1a: Persian|Persian|61/100 par\n|switch|p2a: Tauros|Tauros|100/100\n|turn|32\n|\n|t:|1782580909\n|move|p2a: Tauros|Hyper Beam|p1a: Persian\n|-damage|p1a: Persian|0 fnt\n|faint|p1a: Persian\n|\n|t:|1782580914\n|switch|p1a: Gengar|Gengar|100/100\n|turn|33\n|\n|t:|1782580916\n|move|p2a: Tauros|Earthquake|p1a: Gengar\n|-crit|p1a: Gengar\n|-supereffective|p1a: Gengar\n|-damage|p1a: Gengar|0 fnt\n|faint|p1a: Gengar\n|\n|t:|1782580921\n|switch|p1a: Tauros|Tauros|100/100\n|turn|34\n|\n|t:|1782580924\n|move|p1a: Tauros|Body Slam|p2a: Tauros\n|-crit|p2a: Tauros\n|-damage|p2a: Tauros|41/100\n|move|p2a: Tauros|Body Slam|p1a: Tauros\n|-crit|p1a: Tauros\n|-damage|p1a: Tauros|41/100\n|\n|upkeep\n|turn|35\n|\n|t:|1782580928\n|move|p1a: Tauros|Hyper Beam|p2a: Tauros|[miss]\n|-miss|p1a: Tauros\n|move|p2a: Tauros|Hyper Beam|p1a: Tauros\n|-damage|p1a: Tauros|0 fnt\n|faint|p1a: Tauros\n|\n|win|Soda Krys\n|c|☆TG2513|fuck sake\n|c|☆Soda Krys|14-20\n|player|p1|\n","uploadtime":1782580928,"views":"66","formatid":"gen1ou","rating":null,"private":0,"password":null}