{"id":"smogtours-gen1ou-963410","format":"[Gen 1] OU","players":["violet river","Nails"],"log":"|inactive|Battle timer is ON: inactive players will automatically lose when time's up.\n|t:|1786671599\n|gametype|singles\n|player|p1|violet river|#advplvi|\n|player|p2|Nails|#scl2terrors|\n|gen|1\n|tier|[Gen 1] OU\n|rule|Desync Clause Mod: Desyncs resolve to link battle behavior from the acting player's perspective.\n|rule|HP Percentage Mod: HP is shown in percentages\n|rule|Endless Battle Clause: Forcing endless battles is banned\n|rule|Sleep Clause Mod: Limit one foe put to sleep\n|rule|Freeze Clause Mod: Limit one foe frozen\n|rule|Species Clause: Limit one of each Pokémon\n|rule|OHKO Clause: OHKO moves are banned\n|rule|Evasion Moves Clause: Evasion moves are banned\n|\n|t:|1786671599\n|teamsize|p1|6\n|teamsize|p2|6\n|start\n|switch|p1a: Jynx|Jynx|100/100\n|switch|p2a: Jynx|Jynx|100/100\n|turn|1\n|c|☆Nails|hf\n|c|☆violet river|Hfhf\n|c|☆violet river|Can u link ?\n|c|☆Nails|ye i did\n|\n|t:|1786671626\n|move|p1a: Jynx|Lovely Kiss|p2a: Jynx\n|-status|p2a: Jynx|slp|[from] move: Lovely Kiss\n|-curestatus|p2a: Jynx|slp|[msg]\n|\n|upkeep\n|turn|2\n|\n|t:|1786671633\n|move|p1a: Jynx|Lovely Kiss|p2a: Jynx\n|-status|p2a: Jynx|slp|[from] move: Lovely Kiss\n|cant|p2a: Jynx|slp\n|\n|upkeep\n|turn|3\n|\n|t:|1786671638\n|move|p1a: Jynx|Ice Beam|p2a: Jynx\n|-resisted|p2a: Jynx\n|-damage|p2a: Jynx|85/100 slp\n|cant|p2a: Jynx|slp\n|\n|upkeep\n|turn|4\n|\n|t:|1786671641\n|switch|p1a: Tauros|Tauros|100/100\n|cant|p2a: Jynx|slp\n|\n|upkeep\n|turn|5\n|\n|t:|1786671658\n|switch|p2a: Snorlax|Snorlax|100/100\n|move|p1a: Tauros|Body Slam|p2a: Snorlax\n|-damage|p2a: Snorlax|76/100\n|\n|upkeep\n|turn|6\n|\n|t:|1786671676\n|switch|p1a: Snorlax|Snorlax|100/100\n|move|p2a: Snorlax|Reflect|p2a: Snorlax\n|-start|p2a: Snorlax|Reflect\n|\n|upkeep\n|turn|7\n|inactive|Nails has 270 seconds left.\n|\n|t:|1786671708\n|switch|p2a: Chansey|Chansey|100/100\n|move|p1a: Snorlax|Reflect|p1a: Snorlax\n|-start|p1a: Snorlax|Reflect\n|\n|upkeep\n|turn|8\n|\n|t:|1786671713\n|switch|p1a: Jynx|Jynx|100/100\n|move|p2a: Chansey|Ice Beam|p1a: Jynx\n|-resisted|p1a: Jynx\n|-damage|p1a: Jynx|89/100\n|\n|upkeep\n|turn|9\n|inactive|Nails has 270 seconds left.\n|\n|t:|1786671726\n|move|p1a: Jynx|Ice Beam|p2a: Chansey\n|-damage|p2a: Chansey|85/100\n|move|p2a: Chansey|Thunderbolt|p1a: Jynx\n|-damage|p1a: Jynx|66/100\n|\n|upkeep\n|turn|10\n|inactive|Nails has 270 seconds left.\n|\n|t:|1786671739\n|switch|p2a: Jynx|Jynx|85/100 slp\n|move|p1a: Jynx|Ice Beam|p2a: Jynx\n|-crit|p2a: Jynx\n|-resisted|p2a: Jynx\n|-damage|p2a: Jynx|51/100 slp\n|\n|upkeep\n|turn|11\n|\n|t:|1786671743\n|switch|p2a: Starmie|Starmie|100/100\n|switch|p1a: Tauros|Tauros|100/100\n|\n|upkeep\n|turn|12\n|\n|t:|1786671748\n|switch|p1a: Chansey|Chansey|100/100\n|move|p2a: Starmie|Blizzard|p1a: Chansey\n|-crit|p1a: Chansey\n|-damage|p1a: Chansey|74/100\n|\n|upkeep\n|turn|13\n|\n|t:|1786671755\n|switch|p2a: Chansey|Chansey|85/100\n|move|p1a: Chansey|Reflect|p1a: Chansey\n|-start|p1a: Chansey|Reflect\n|\n|upkeep\n|turn|14\n|\n|t:|1786671761\n|switch|p1a: Jynx|Jynx|66/100\n|move|p2a: Chansey|Ice Beam|p1a: Jynx\n|-resisted|p1a: Jynx\n|-damage|p1a: Jynx|54/100\n|\n|upkeep\n|turn|15\n|\n|t:|1786671767\n|move|p1a: Jynx|Ice Beam|p2a: Chansey\n|-crit|p2a: Chansey\n|-damage|p2a: Chansey|55/100\n|move|p2a: Chansey|Thunderbolt|p1a: Jynx\n|-damage|p1a: Jynx|30/100\n|\n|upkeep\n|turn|16\n|\n|t:|1786671781\n|move|p1a: Jynx|Ice Beam|p2a: Chansey\n|-damage|p2a: Chansey|40/100\n|move|p2a: Chansey|Soft-Boiled|p2a: Chansey\n|-heal|p2a: Chansey|90/100\n|\n|upkeep\n|turn|17\n|\n|t:|1786671785\n|move|p1a: Jynx|Ice Beam|p2a: Chansey\n|-damage|p2a: Chansey|74/100\n|move|p2a: Chansey|Thunderbolt|p1a: Jynx\n|-crit|p1a: Jynx\n|-damage|p1a: Jynx|0 fnt\n|faint|p1a: Jynx\n|\n|t:|1786671796\n|switch|p1a: Chansey|Chansey|74/100\n|turn|18\n|\n|t:|1786671808\n|switch|p2a: Snorlax|Snorlax|76/100\n|move|p1a: Chansey|Ice Beam|p2a: Snorlax\n|-damage|p2a: Snorlax|56/100\n|\n|upkeep\n|turn|19\n|\n|t:|1786671829\n|move|p1a: Chansey|Reflect|p1a: Chansey\n|-start|p1a: Chansey|Reflect\n|move|p2a: Snorlax|Amnesia|p2a: Snorlax\n|-boost|p2a: Snorlax|spa|2\n|-boost|p2a: Snorlax|spd|2\n|\n|upkeep\n|turn|20\n|\n|t:|1786671832\n|move|p1a: Chansey|Ice Beam|p2a: Snorlax\n|-damage|p2a: Snorlax|47/100\n|move|p2a: Snorlax|Reflect|p2a: Snorlax\n|-start|p2a: Snorlax|Reflect\n|\n|upkeep\n|turn|21\n|\n|t:|1786671836\n|move|p1a: Chansey|Ice Beam|p2a: Snorlax\n|-damage|p2a: Snorlax|37/100\n|move|p2a: Snorlax|Rest|p2a: Snorlax\n|-status|p2a: Snorlax|slp|[from] move: Rest\n|-heal|p2a: Snorlax|100/100 slp|[silent]\n|\n|upkeep\n|turn|22\n|inactive|violet river disconnected and has 300 seconds to reconnect!\n|player|p1|\n|inactive|violet river reconnected and has 295 seconds left.\n|player|p1|violet river|#advplvi|\n|inactive|violet river disconnected and has 295 seconds to reconnect!\n|player|p1|\n|inactive|violet river reconnected and has 285 seconds left.\n|player|p1|violet river|#advplvi|\n|\n|t:|1786671866\n|move|p1a: Chansey|Soft-Boiled|p1a: Chansey\n|-heal|p1a: Chansey|100/100\n|cant|p2a: Snorlax|slp\n|\n|upkeep\n|turn|23\n|\n|t:|1786671891\n|move|p1a: Chansey|Thunderbolt|p2a: Snorlax\n|-damage|p2a: Snorlax|91/100 slp\n|-curestatus|p2a: Snorlax|slp|[msg]\n|\n|upkeep\n|turn|24\n|\n|t:|1786671901\n|move|p1a: Chansey|Ice Beam|p2a: Snorlax\n|-damage|p2a: Snorlax|82/100\n|move|p2a: Snorlax|Amnesia|p2a: Snorlax\n|-boost|p2a: Snorlax|spa|2\n|-boost|p2a: Snorlax|spd|2\n|\n|upkeep\n|turn|25\n|\n|t:|1786671908\n|move|p1a: Chansey|Ice Beam|p2a: Snorlax\n|-crit|p2a: Snorlax\n|-damage|p2a: Snorlax|44/100\n|move|p2a: Snorlax|Amnesia|p2a: Snorlax\n|-boost|p2a: Snorlax|spa|2\n|-boost|p2a: Snorlax|spd|2\n|\n|upkeep\n|turn|26\n|\n|t:|1786671914\n|move|p1a: Chansey|Ice Beam|p2a: Snorlax\n|-damage|p2a: Snorlax|39/100\n|move|p2a: Snorlax|Rest|p2a: Snorlax\n|-status|p2a: Snorlax|slp|[from] move: Rest\n|-heal|p2a: Snorlax|100/100 slp|[silent]\n|\n|upkeep\n|turn|27\n|\n|t:|1786671919\n|move|p1a: Chansey|Thunderbolt|p2a: Snorlax\n|-damage|p2a: Snorlax|96/100 slp\n|cant|p2a: Snorlax|slp\n|\n|upkeep\n|turn|28\n|\n|t:|1786671921\n|move|p1a: Chansey|Thunderbolt|p2a: Snorlax\n|-damage|p2a: Snorlax|91/100 slp\n|-curestatus|p2a: Snorlax|slp|[msg]\n|\n|upkeep\n|turn|29\n|\n|t:|1786671922\n|move|p1a: Chansey|Ice Beam|p2a: Snorlax\n|-damage|p2a: Snorlax|86/100\n|move|p2a: Snorlax|Ice Beam|p1a: Chansey\n|-damage|p1a: Chansey|67/100\n|\n|upkeep\n|turn|30\n|\n|t:|1786671929\n|move|p1a: Chansey|Ice Beam|p2a: Snorlax\n|-crit|p2a: Snorlax\n|-damage|p2a: Snorlax|51/100\n|move|p2a: Snorlax|Ice Beam|p1a: Chansey\n|-damage|p1a: Chansey|38/100\n|\n|upkeep\n|turn|31\n|\n|t:|1786671936\n|move|p1a: Chansey|Soft-Boiled|p1a: Chansey\n|-heal|p1a: Chansey|88/100\n|move|p2a: Snorlax|Ice Beam|p1a: Chansey|[miss]\n|-miss|p2a: Snorlax\n|-hint|In Gen 1, moves with 100% accuracy can still miss 1/256 of the time.\n|\n|upkeep\n|turn|32\n|\n|t:|1786671939\n|move|p1a: Chansey|Ice Beam|p2a: Snorlax\n|-damage|p2a: Snorlax|47/100\n|move|p2a: Snorlax|Ice Beam|p1a: Chansey\n|-damage|p1a: Chansey|55/100\n|\n|upkeep\n|turn|33\n|\n|t:|1786671949\n|move|p1a: Chansey|Ice Beam|p2a: Snorlax\n|-damage|p2a: Snorlax|42/100\n|move|p2a: Snorlax|Ice Beam|p1a: Chansey\n|-damage|p1a: Chansey|24/100\n|\n|upkeep\n|turn|34\n|\n|t:|1786671955\n|move|p1a: Chansey|Soft-Boiled|p1a: Chansey\n|-heal|p1a: Chansey|74/100\n|move|p2a: Snorlax|Ice Beam|p1a: Chansey\n|-damage|p1a: Chansey|42/100\n|\n|upkeep\n|turn|35\n|\n|t:|1786671959\n|move|p1a: Chansey|Soft-Boiled|p1a: Chansey\n|-heal|p1a: Chansey|92/100\n|move|p2a: Snorlax|Rest|p2a: Snorlax\n|-status|p2a: Snorlax|slp|[from] move: Rest\n|-heal|p2a: Snorlax|100/100 slp|[silent]\n|\n|upkeep\n|turn|36\n|\n|t:|1786671961\n|move|p1a: Chansey|Ice Beam|p2a: Snorlax\n|-damage|p2a: Snorlax|96/100 slp\n|cant|p2a: Snorlax|slp\n|\n|upkeep\n|turn|37\n|\n|t:|1786671964\n|move|p1a: Chansey|Thunderbolt|p2a: Snorlax\n|-damage|p2a: Snorlax|91/100 slp\n|-curestatus|p2a: Snorlax|slp|[msg]\n|\n|upkeep\n|turn|38\n|\n|t:|1786671967\n|move|p1a: Chansey|Ice Beam|p2a: Snorlax\n|-damage|p2a: Snorlax|87/100\n|move|p2a: Snorlax|Ice Beam|p1a: Chansey\n|-damage|p1a: Chansey|63/100\n|\n|upkeep\n|turn|39\n|\n|t:|1786671970\n|move|p1a: Chansey|Ice Beam|p2a: Snorlax\n|-crit|p2a: Snorlax\n|-damage|p2a: Snorlax|48/100\n|move|p2a: Snorlax|Ice Beam|p1a: Chansey\n|-damage|p1a: Chansey|31/100\n|\n|upkeep\n|turn|40\n|\n|t:|1786671972\n|move|p1a: Chansey|Soft-Boiled|p1a: Chansey\n|-heal|p1a: Chansey|81/100\n|move|p2a: Snorlax|Ice Beam|p1a: Chansey\n|-damage|p1a: Chansey|50/100\n|\n|upkeep\n|turn|41\n|\n|t:|1786671974\n|move|p1a: Chansey|Ice Beam|p2a: Snorlax\n|-damage|p2a: Snorlax|43/100\n|move|p2a: Snorlax|Ice Beam|p1a: Chansey\n|-damage|p1a: Chansey|20/100\n|\n|upkeep\n|turn|42\n|\n|t:|1786671980\n|move|p1a: Chansey|Soft-Boiled|p1a: Chansey\n|-heal|p1a: Chansey|70/100\n|move|p2a: Snorlax|Ice Beam|p1a: Chansey\n|-damage|p1a: Chansey|39/100\n|\n|upkeep\n|turn|43\n|\n|t:|1786671986\n|move|p1a: Chansey|Soft-Boiled|p1a: Chansey\n|-heal|p1a: Chansey|89/100\n|move|p2a: Snorlax|Ice Beam|p1a: Chansey\n|-damage|p1a: Chansey|57/100\n|\n|upkeep\n|turn|44\n|\n|t:|1786671993\n|move|p1a: Chansey|Ice Beam|p2a: Snorlax\n|-damage|p2a: Snorlax|39/100\n|move|p2a: Snorlax|Rest|p2a: Snorlax\n|-status|p2a: Snorlax|slp|[from] move: Rest\n|-heal|p2a: Snorlax|100/100 slp|[silent]\n|\n|upkeep\n|turn|45\n|\n|t:|1786671996\n|move|p1a: Chansey|Soft-Boiled|p1a: Chansey\n|-heal|p1a: Chansey|100/100\n|cant|p2a: Snorlax|slp\n|\n|upkeep\n|turn|46\n|\n|t:|1786672003\n|move|p1a: Chansey|Thunderbolt|p2a: Snorlax\n|-damage|p2a: Snorlax|95/100 slp\n|-curestatus|p2a: Snorlax|slp|[msg]\n|\n|upkeep\n|turn|47\n|\n|t:|1786672024\n|switch|p2a: Jynx|Jynx|51/100 slp\n|move|p1a: Chansey|Ice Beam|p2a: Jynx\n|-resisted|p2a: Jynx\n|-damage|p2a: Jynx|39/100 slp\n|\n|upkeep\n|turn|48\n|\n|t:|1786672030\n|switch|p2a: Jolteon|Jolteon|100/100\n|move|p1a: Chansey|Thunderbolt|p2a: Jolteon\n|-resisted|p2a: Jolteon\n|-damage|p2a: Jolteon|89/100\n|\n|upkeep\n|turn|49\n|\n|t:|1786672034\n|move|p2a: Jolteon|Double Kick|p1a: Chansey\n|-supereffective|p1a: Chansey\n|-damage|p1a: Chansey|93/100\n|-damage|p1a: Chansey|85/100\n|-hitcount|p1a: Chansey|2\n|move|p1a: Chansey|Thunderbolt|p2a: Jolteon\n|-crit|p2a: Jolteon\n|-resisted|p2a: Jolteon\n|-damage|p2a: Jolteon|69/100\n|\n|upkeep\n|turn|50\n|\n|t:|1786672037\n|move|p2a: Jolteon|Double Kick|p1a: Chansey\n|-supereffective|p1a: Chansey\n|-damage|p1a: Chansey|78/100\n|-damage|p1a: Chansey|71/100\n|-hitcount|p1a: Chansey|2\n|move|p1a: Chansey|Soft-Boiled|p1a: Chansey\n|-heal|p1a: Chansey|100/100\n|\n|upkeep\n|turn|51\n|\n|t:|1786672045\n|switch|p1a: Snorlax|Snorlax|100/100\n|move|p2a: Jolteon|Double Kick|p1a: Snorlax|[miss]\n|-miss|p2a: Jolteon\n|-hint|In Gen 1, moves with 100% accuracy can still miss 1/256 of the time.\n|\n|upkeep\n|turn|52\n|\n|t:|1786672055\n|switch|p2a: Chansey|Chansey|74/100\n|move|p1a: Snorlax|Body Slam|p2a: Chansey\n|-damage|p2a: Chansey|34/100\n|\n|upkeep\n|turn|53\n|\n|t:|1786672058\n|move|p2a: Chansey|Soft-Boiled|p2a: Chansey\n|-heal|p2a: Chansey|84/100\n|move|p1a: Snorlax|Body Slam|p2a: Chansey\n|-damage|p2a: Chansey|40/100\n|\n|upkeep\n|turn|54\n|\n|t:|1786672068\n|move|p2a: Chansey|Soft-Boiled|p2a: Chansey\n|-heal|p2a: Chansey|90/100\n|move|p1a: Snorlax|Body Slam|p2a: Chansey\n|-damage|p2a: Chansey|49/100\n|\n|upkeep\n|turn|55\n|\n|t:|1786672082\n|switch|p1a: Chansey|Chansey|100/100\n|move|p2a: Chansey|Soft-Boiled|p2a: Chansey\n|-heal|p2a: Chansey|99/100\n|\n|upkeep\n|turn|56\n|\n|t:|1786672094\n|move|p2a: Chansey|Ice Beam|p1a: Chansey\n|-damage|p1a: Chansey|90/100\n|move|p1a: Chansey|Thunderbolt|p2a: Chansey\n|-damage|p2a: Chansey|89/100\n|\n|upkeep\n|turn|57\n|\n|t:|1786672097\n|switch|p2a: Jolteon|Jolteon|69/100\n|move|p1a: Chansey|Thunderbolt|p2a: Jolteon\n|-crit|p2a: Jolteon\n|-resisted|p2a: Jolteon\n|-damage|p2a: Jolteon|47/100\n|\n|upkeep\n|turn|58\n|\n|t:|1786672106\n|move|p2a: Jolteon|Double Kick|p1a: Chansey\n|-supereffective|p1a: Chansey\n|-damage|p1a: Chansey|76/100\n|-damage|p1a: Chansey|63/100\n|-hitcount|p1a: Chansey|2\n|move|p1a: Chansey|Thunderbolt|p2a: Jolteon\n|-resisted|p2a: Jolteon\n|-damage|p2a: Jolteon|36/100\n|\n|upkeep\n|turn|59\n|\n|t:|1786672111\n|move|p2a: Jolteon|Double Kick|p1a: Chansey\n|-crit|p1a: Chansey\n|-supereffective|p1a: Chansey\n|-damage|p1a: Chansey|35/100\n|-damage|p1a: Chansey|8/100\n|-hitcount|p1a: Chansey|2\n|move|p1a: Chansey|Soft-Boiled|p1a: Chansey\n|-heal|p1a: Chansey|58/100\n|\n|upkeep\n|turn|60\n|\n|t:|1786672115\n|move|p2a: Jolteon|Double Kick|p1a: Chansey\n|-supereffective|p1a: Chansey\n|-damage|p1a: Chansey|43/100\n|-damage|p1a: Chansey|28/100\n|-hitcount|p1a: Chansey|2\n|move|p1a: Chansey|Soft-Boiled|p1a: Chansey\n|-heal|p1a: Chansey|78/100\n|\n|upkeep\n|turn|61\n|\n|t:|1786672118\n|switch|p1a: Snorlax|Snorlax|100/100\n|move|p2a: Jolteon|Double Kick|p1a: Snorlax\n|-crit|p1a: Snorlax\n|-supereffective|p1a: Snorlax\n|-damage|p1a: Snorlax|83/100\n|-damage|p1a: Snorlax|65/100\n|-hitcount|p1a: Snorlax|2\n|\n|upkeep\n|turn|62\n|\n|t:|1786672123\n|switch|p2a: Chansey|Chansey|89/100\n|move|p1a: Snorlax|Body Slam|p2a: Chansey\n|-damage|p2a: Chansey|47/100\n|\n|upkeep\n|turn|63\n|\n|t:|1786672126\n|move|p2a: Chansey|Soft-Boiled|p2a: Chansey\n|-heal|p2a: Chansey|97/100\n|move|p1a: Snorlax|Body Slam|p2a: Chansey\n|-damage|p2a: Chansey|58/100\n|\n|upkeep\n|turn|64\n|\n|t:|1786672132\n|move|p2a: Chansey|Soft-Boiled|p2a: Chansey\n|-heal|p2a: Chansey|100/100\n|move|p1a: Snorlax|Self-Destruct|p2a: Chansey\n|-crit|p2a: Chansey\n|-damage|p2a: Chansey|0 fnt\n|faint|p2a: Chansey\n|faint|p1a: Snorlax\n|\n|t:|1786672154\n|switch|p2a: Starmie|Starmie|100/100\n|switch|p1a: Alakazam|Alakazam|100/100\n|turn|65\n|inactive|Nails has 270 seconds left.\n|\n|t:|1786672197\n|switch|p1a: Chansey|Chansey|78/100\n|move|p2a: Starmie|Thunder Wave|p1a: Chansey\n|-status|p1a: Chansey|par\n|\n|upkeep\n|turn|66\n|\n|t:|1786672202\n|switch|p2a: Jolteon|Jolteon|36/100\n|move|p1a: Chansey|Thunderbolt|p2a: Jolteon\n|-crit|p2a: Jolteon\n|-resisted|p2a: Jolteon\n|-damage|p2a: Jolteon|16/100\n|\n|upkeep\n|turn|67\n|inactive|Nails has 270 seconds left.\n|\n|t:|1786672223\n|move|p2a: Jolteon|Double Kick|p1a: Chansey\n|-supereffective|p1a: Chansey\n|-damage|p1a: Chansey|64/100 par\n|-damage|p1a: Chansey|51/100 par\n|-hitcount|p1a: Chansey|2\n|cant|p1a: Chansey|par\n|\n|upkeep\n|turn|68\n|\n|t:|1786672226\n|switch|p1a: Alakazam|Alakazam|100/100\n|move|p2a: Jolteon|Double Kick|p1a: Alakazam\n|-resisted|p1a: Alakazam\n|-damage|p1a: Alakazam|96/100\n|-damage|p1a: Alakazam|92/100\n|-hitcount|p1a: Alakazam|2\n|\n|upkeep\n|turn|69\n|\n|t:|1786672234\n|move|p2a: Jolteon|Thunder Wave|p1a: Alakazam\n|-status|p1a: Alakazam|par\n|move|p1a: Alakazam|Psychic|p2a: Jolteon\n|-damage|p2a: Jolteon|0 fnt\n|faint|p2a: Jolteon\n|\n|t:|1786672246\n|switch|p2a: Tauros|Tauros|100/100\n|turn|70\n|\n|t:|1786672254\n|switch|p1a: Starmie|Starmie|100/100\n|move|p2a: Tauros|Body Slam|p1a: Starmie\n|-damage|p1a: Starmie|69/100\n|\n|upkeep\n|turn|71\n|\n|t:|1786672266\n|move|p1a: Starmie|Thunder Wave|p2a: Tauros\n|-status|p2a: Tauros|par\n|move|p2a: Tauros|Body Slam|p1a: Starmie\n|-damage|p1a: Starmie|35/100\n|-status|p1a: Starmie|par\n|\n|upkeep\n|turn|72\n|\n|t:|1786672274\n|move|p1a: Starmie|Recover|p1a: Starmie\n|-heal|p1a: Starmie|85/100 par\n|move|p2a: Tauros|Body Slam|p1a: Starmie\n|-damage|p1a: Starmie|49/100 par\n|\n|upkeep\n|turn|73\n|\n|t:|1786672277\n|move|p1a: Starmie|Surf|p2a: Tauros\n|-damage|p2a: Tauros|59/100 par\n|move|p2a: Tauros|Body Slam|p1a: Starmie\n|-damage|p1a: Starmie|12/100 par\n|\n|upkeep\n|turn|74\n|\n|t:|1786672283\n|move|p1a: Starmie|Surf|p2a: Tauros\n|-damage|p2a: Tauros|20/100 par\n|move|p2a: Tauros|Hyper Beam|p1a: Starmie\n|-damage|p1a: Starmie|0 fnt\n|faint|p1a: Starmie\n|\n|t:|1786672285\n|switch|p1a: Tauros|Tauros|100/100\n|turn|75\n|\n|t:|1786672298\n|switch|p2a: Starmie|Starmie|100/100\n|move|p1a: Tauros|Body Slam|p2a: Starmie\n|-damage|p2a: Starmie|66/100\n|\n|upkeep\n|turn|76\n|\n|t:|1786672309\n|switch|p1a: Alakazam|Alakazam|92/100 par\n|move|p2a: Starmie|Psychic|p1a: Alakazam\n|-resisted|p1a: Alakazam\n|-damage|p1a: Alakazam|79/100 par\n|-unboost|p1a: Alakazam|spa|1\n|-unboost|p1a: Alakazam|spd|1\n|\n|upkeep\n|turn|77\n|\n|t:|1786672319\n|switch|p2a: Snorlax|Snorlax|95/100\n|move|p1a: Alakazam|Seismic Toss|p2a: Snorlax\n|-damage|p2a: Snorlax|76/100\n|\n|upkeep\n|turn|78\n|\n|t:|1786672323\n|move|p2a: Snorlax|Amnesia|p2a: Snorlax\n|-boost|p2a: Snorlax|spa|2\n|-boost|p2a: Snorlax|spd|2\n|move|p1a: Alakazam|Thunder Wave|p2a: Snorlax\n|-status|p2a: Snorlax|par\n|\n|upkeep\n|turn|79\n|\n|t:|1786672331\n|switch|p1a: Chansey|Chansey|51/100 par\n|move|p2a: Snorlax|Reflect|p2a: Snorlax\n|-start|p2a: Snorlax|Reflect\n|\n|upkeep\n|turn|80\n|\n|t:|1786672337\n|move|p1a: Chansey|Soft-Boiled|p1a: Chansey\n|-heal|p1a: Chansey|100/100 par\n|cant|p2a: Snorlax|par\n|\n|upkeep\n|turn|81\n|\n|t:|1786672342\n|switch|p1a: Tauros|Tauros|100/100\n|move|p2a: Snorlax|Amnesia|p2a: Snorlax\n|-boost|p2a: Snorlax|spa|2\n|-boost|p2a: Snorlax|spd|2\n|\n|upkeep\n|turn|82\n|\n|t:|1786672348\n|switch|p1a: Chansey|Chansey|100/100 par\n|move|p2a: Snorlax|Amnesia|p2a: Snorlax\n|-boost|p2a: Snorlax|spa|2\n|-boost|p2a: Snorlax|spd|2\n|\n|upkeep\n|turn|83\n|\n|t:|1786672353\n|cant|p2a: Snorlax|par\n|move|p1a: Chansey|Reflect|p1a: Chansey\n|-start|p1a: Chansey|Reflect\n|\n|upkeep\n|turn|84\n|\n|t:|1786672355\n|move|p2a: Snorlax|Reflect|p2a: Snorlax\n|-fail|p2a: Snorlax\n|move|p1a: Chansey|Reflect|p1a: Chansey\n|-fail|p1a: Chansey\n|\n|upkeep\n|turn|85\n|\n|t:|1786672357\n|move|p2a: Snorlax|Reflect|p2a: Snorlax\n|-fail|p2a: Snorlax\n|move|p1a: Chansey|Reflect|p1a: Chansey\n|-fail|p1a: Chansey\n|\n|upkeep\n|turn|86\n|\n|t:|1786672359\n|switch|p1a: Alakazam|Alakazam|79/100 par\n|cant|p2a: Snorlax|par\n|\n|upkeep\n|turn|87\n|\n|t:|1786672362\n|switch|p1a: Chansey|Chansey|100/100 par\n|move|p2a: Snorlax|Reflect|p2a: Snorlax\n|-fail|p2a: Snorlax\n|\n|upkeep\n|turn|88\n|\n|t:|1786672364\n|cant|p1a: Chansey|par\n|cant|p2a: Snorlax|par\n|\n|upkeep\n|turn|89\n|\n|t:|1786672366\n|move|p1a: Chansey|Reflect|p1a: Chansey\n|-start|p1a: Chansey|Reflect\n|move|p2a: Snorlax|Reflect|p2a: Snorlax\n|-fail|p2a: Snorlax\n|\n|upkeep\n|turn|90\n|\n|t:|1786672367\n|switch|p1a: Alakazam|Alakazam|79/100 par\n|cant|p2a: Snorlax|par\n|\n|upkeep\n|turn|91\n|\n|t:|1786672370\n|cant|p1a: Alakazam|par\n|move|p2a: Snorlax|Reflect|p2a: Snorlax\n|-fail|p2a: Snorlax\n|\n|upkeep\n|turn|92\n|\n|t:|1786672375\n|cant|p1a: Alakazam|par\n|move|p2a: Snorlax|Amnesia|p2a: Snorlax\n|-fail|p2a: Snorlax\n|\n|upkeep\n|turn|93\n|\n|t:|1786672379\n|switch|p1a: Chansey|Chansey|100/100 par\n|move|p2a: Snorlax|Ice Beam|p1a: Chansey\n|-damage|p1a: Chansey|71/100 par\n|\n|upkeep\n|turn|94\n|\n|t:|1786672393\n|move|p1a: Chansey|Reflect|p1a: Chansey\n|-start|p1a: Chansey|Reflect\n|move|p2a: Snorlax|Reflect|p2a: Snorlax\n|-fail|p2a: Snorlax\n|\n|upkeep\n|turn|95\n|\n|t:|1786672397\n|cant|p1a: Chansey|par\n|move|p2a: Snorlax|Reflect|p2a: Snorlax\n|-fail|p2a: Snorlax\n|\n|upkeep\n|turn|96\n|\n|t:|1786672400\n|move|p1a: Chansey|Reflect|p1a: Chansey\n|-fail|p1a: Chansey\n|move|p2a: Snorlax|Reflect|p2a: Snorlax\n|-fail|p2a: Snorlax\n|\n|upkeep\n|turn|97\n|\n|t:|1786672402\n|cant|p1a: Chansey|par\n|move|p2a: Snorlax|Reflect|p2a: Snorlax\n|-fail|p2a: Snorlax\n|\n|upkeep\n|turn|98\n|\n|t:|1786672413\n|move|p1a: Chansey|Reflect|p1a: Chansey\n|-fail|p1a: Chansey\n|move|p2a: Snorlax|Reflect|p2a: Snorlax\n|-fail|p2a: Snorlax\n|\n|upkeep\n|turn|99\n|\n|t:|1786672417\n|move|p1a: Chansey|Reflect|p1a: Chansey\n|-fail|p1a: Chansey\n|move|p2a: Snorlax|Reflect|p2a: Snorlax\n|-fail|p2a: Snorlax\n|\n|upkeep\n|turn|100\n|\n|t:|1786672419\n|switch|p1a: Alakazam|Alakazam|79/100 par\n|move|p2a: Snorlax|Reflect|p2a: Snorlax\n|-fail|p2a: Snorlax\n|\n|upkeep\n|turn|101\n|\n|t:|1786672428\n|switch|p1a: Chansey|Chansey|71/100 par\n|move|p2a: Snorlax|Ice Beam|p1a: Chansey\n|-damage|p1a: Chansey|41/100 par\n|\n|upkeep\n|turn|102\n|\n|t:|1786672431\n|switch|p2a: Tauros|Tauros|20/100 par\n|move|p1a: Chansey|Soft-Boiled|p1a: Chansey\n|-heal|p1a: Chansey|91/100 par\n|\n|upkeep\n|turn|103\n|\n|t:|1786672434\n|switch|p2a: Snorlax|Snorlax|76/100 par\n|move|p1a: Chansey|Thunderbolt|p2a: Snorlax\n|-damage|p2a: Snorlax|57/100 par\n|\n|upkeep\n|turn|104\n|\n|t:|1786672444\n|switch|p1a: Alakazam|Alakazam|79/100 par\n|move|p2a: Snorlax|Amnesia|p2a: Snorlax\n|-boost|p2a: Snorlax|spa|2\n|-boost|p2a: Snorlax|spd|2\n|\n|upkeep\n|turn|105\n|\n|t:|1786672447\n|move|p2a: Snorlax|Reflect|p2a: Snorlax\n|-start|p2a: Snorlax|Reflect\n|move|p1a: Alakazam|Psychic|p2a: Snorlax\n|-damage|p2a: Snorlax|40/100 par\n|\n|upkeep\n|turn|106\n|\n|t:|1786672451\n|cant|p2a: Snorlax|par\n|move|p1a: Alakazam|Psychic|p2a: Snorlax\n|-damage|p2a: Snorlax|24/100 par\n|\n|upkeep\n|turn|107\n|\n|t:|1786672471\n|move|p2a: Snorlax|Amnesia|p2a: Snorlax\n|-boost|p2a: Snorlax|spa|2\n|-boost|p2a: Snorlax|spd|2\n|move|p1a: Alakazam|Psychic|p2a: Snorlax\n|-crit|p2a: Snorlax\n|-damage|p2a: Snorlax|0 fnt\n|faint|p2a: Snorlax\n|\n|t:|1786672480\n|switch|p2a: Tauros|Tauros|20/100 par\n|turn|108\n|c|☆violet river|ok wait\n|c|☆Nails|sup\n|c|☆violet river|i need to mentally check my mechanics knowledge here.\n|inactive|Nails has 270 seconds left.\n|c|☆violet river|can win.\n|inactive|Nails has 240 seconds left.\n|\n|t:|1786672536\n|switch|p1a: Tauros|Tauros|100/100\n|move|p2a: Tauros|Fire Blast|p1a: Tauros\n|-crit|p1a: Tauros\n|-damage|p1a: Tauros|48/100\n|\n|upkeep\n|turn|109\n|inactive|Nails has 240 seconds left.\n|\n|t:|1786672553\n|switch|p2a: Starmie|Starmie|66/100\n|move|p1a: Tauros|Body Slam|p2a: Starmie\n|-damage|p2a: Starmie|35/100\n|\n|upkeep\n|turn|110\n|inactive|Nails has 240 seconds left.\n|\n|t:|1786672565\n|move|p2a: Starmie|Recover|p2a: Starmie\n|-heal|p2a: Starmie|85/100\n|move|p1a: Tauros|Body Slam|p2a: Starmie\n|-damage|p2a: Starmie|52/100\n|-status|p2a: Starmie|par\n|\n|upkeep\n|turn|111\n|\n|t:|1786672569\n|move|p1a: Tauros|Hyper Beam|p2a: Starmie\n|-damage|p2a: Starmie|0 fnt\n|faint|p2a: Starmie\n|\n|t:|1786672571\n|switch|p2a: Jynx|Jynx|39/100 slp\n|turn|112\n|\n|t:|1786672575\n|move|p1a: Tauros|Body Slam|p2a: Jynx\n|-damage|p2a: Jynx|0 fnt\n|faint|p2a: Jynx\n|\n|t:|1786672576\n|switch|p2a: Tauros|Tauros|20/100 par\n|turn|113\n|\n|t:|1786672583\n|move|p1a: Tauros|Body Slam|p2a: Tauros\n|-damage|p2a: Tauros|0 fnt\n|faint|p2a: Tauros\n|\n|win|violet river\n|c|☆Nails|gg\n|c|☆violet river|gg\n","uploadtime":1786672583,"views":"122","formatid":"gen1ou","rating":null,"private":0,"password":null}