{"id":"smogtours-gen1ou-900583","format":"[Gen 1] OU","players":["Serpi n_n","Ct0wn"],"log":"|inactive|Battle timer is ON: inactive players will automatically lose when time's up.\n|t:|1768769534\n|gametype|singles\n|player|p1|Serpi n_n|#splxviibigs2|\n|player|p2|Ct0wn|#splxviiclassiest2|\n|gen|1\n|tier|[Gen 1] OU\n|rule|Desync Clause Mod: Desyncs changed to move failure.\n|rule|Sleep Clause Mod: Limit one foe put to sleep\n|rule|Freeze Clause Mod: Limit one foe frozen\n|rule|Species Clause: Limit one of each Pokémon\n|rule|OHKO Clause: OHKO moves are banned\n|rule|Evasion Moves Clause: Evasion moves are banned\n|rule|Endless Battle Clause: Forcing endless battles is banned\n|rule|HP Percentage Mod: HP is shown in percentages\n|\n|t:|1768769534\n|teamsize|p1|6\n|teamsize|p2|6\n|start\n|switch|p1a: Gengar|Gengar|100/100\n|switch|p2a: Gengar|Gengar|100/100\n|turn|1\n|c|☆Serpi n_n|hf\n|c|☆Ct0wn|Hf\n|\n|t:|1768769547\n|move|p2a: Gengar|Psychic|p1a: Gengar\n|-supereffective|p1a: Gengar\n|-damage|p1a: Gengar|58/100\n|move|p1a: Gengar|Psychic|p2a: Gengar\n|-supereffective|p2a: Gengar\n|-damage|p2a: Gengar|55/100\n|-unboost|p2a: Gengar|spa|1\n|-unboost|p2a: Gengar|spd|1\n|\n|upkeep\n|turn|2\n|rated|Smogon Premier League\n|\n|t:|1768769559\n|move|p1a: Gengar|Hypnosis|p2a: Gengar|[miss]\n|-miss|p1a: Gengar\n|move|p2a: Gengar|Psychic|p1a: Gengar\n|-supereffective|p1a: Gengar\n|-damage|p1a: Gengar|28/100\n|\n|upkeep\n|turn|3\n|\n|t:|1768769570\n|switch|p1a: Starmie|Starmie|100/100\n|move|p2a: Gengar|Psychic|p1a: Starmie\n|-resisted|p1a: Starmie\n|-damage|p1a: Starmie|92/100\n|\n|upkeep\n|turn|4\n|\n|t:|1768769585\n|switch|p1a: Chansey|Chansey|100/100\n|switch|p2a: Alakazam|Alakazam|100/100\n|\n|upkeep\n|turn|5\n|\n|t:|1768769597\n|switch|p2a: Gengar|Gengar|55/100\n|move|p1a: Chansey|Thunder Wave|p2a: Gengar\n|-status|p2a: Gengar|par\n|\n|upkeep\n|turn|6\n|\n|t:|1768769622\n|move|p1a: Chansey|Seismic Toss|p2a: Gengar\n|-damage|p2a: Gengar|24/100 par\n|move|p2a: Gengar|Hypnosis|p1a: Chansey\n|-status|p1a: Chansey|slp|[from] move: Hypnosis\n|\n|upkeep\n|turn|7\n|inactive|Serpi n_n has 270 seconds left.\n|\n|t:|1768769647\n|switch|p1a: Snorlax|Snorlax|100/100\n|cant|p2a: Gengar|par\n|\n|upkeep\n|turn|8\n|\n|t:|1768769652\n|switch|p2a: Zapdos|Zapdos|100/100\n|move|p1a: Snorlax|Body Slam|p2a: Zapdos\n|-damage|p2a: Zapdos|70/100\n|-status|p2a: Zapdos|par\n|\n|upkeep\n|turn|9\n|\n|t:|1768769661\n|move|p1a: Snorlax|Body Slam|p2a: Zapdos\n|-damage|p2a: Zapdos|37/100 par\n|move|p2a: Zapdos|Thunder Wave|p1a: Snorlax\n|-status|p1a: Snorlax|par\n|\n|upkeep\n|turn|10\n|\n|t:|1768769673\n|switch|p2a: Gengar|Gengar|24/100 par\n|cant|p1a: Snorlax|par\n|\n|upkeep\n|turn|11\n|\n|t:|1768769687\n|switch|p1a: Gengar|Gengar|28/100\n|move|p2a: Gengar|Psychic|p1a: Gengar\n|-supereffective|p1a: Gengar\n|-damage|p1a: Gengar|0 fnt\n|faint|p1a: Gengar\n|\n|t:|1768769693\n|switch|p1a: Tauros|Tauros|100/100\n|turn|12\n|\n|t:|1768769704\n|switch|p2a: Snorlax|Snorlax|100/100\n|move|p1a: Tauros|Body Slam|p2a: Snorlax\n|-damage|p2a: Snorlax|77/100\n|\n|upkeep\n|turn|13\n|\n|t:|1768769721\n|switch|p1a: Snorlax|Snorlax|100/100 par\n|move|p2a: Snorlax|Body Slam|p1a: Snorlax\n|-damage|p1a: Snorlax|75/100 par\n|\n|upkeep\n|turn|14\n|inactive|Serpi n_n has 270 seconds left.\n|\n|t:|1768769763\n|switch|p2a: Zapdos|Zapdos|37/100 par\n|move|p1a: Snorlax|Reflect|p1a: Snorlax\n|-start|p1a: Snorlax|Reflect\n|\n|upkeep\n|turn|15\n|\n|t:|1768769771\n|move|p2a: Zapdos|Thunderbolt|p1a: Snorlax\n|-damage|p1a: Snorlax|42/100 par\n|move|p1a: Snorlax|Body Slam|p2a: Zapdos\n|-damage|p2a: Zapdos|4/100 par\n|\n|upkeep\n|turn|16\n|\n|t:|1768769783\n|switch|p1a: Exeggutor|Exeggutor|100/100\n|cant|p2a: Zapdos|par\n|\n|upkeep\n|turn|17\n|inactive|Ct0wn has 270 seconds left.\n|\n|t:|1768769822\n|move|p1a: Exeggutor|Psychic|p2a: Zapdos\n|-damage|p2a: Zapdos|0 fnt\n|faint|p2a: Zapdos\n|\n|t:|1768769828\n|switch|p2a: Alakazam|Alakazam|100/100\n|turn|18\n|inactive|Ct0wn has 270 seconds left.\n|\n|t:|1768769838\n|move|p2a: Alakazam|Thunder Wave|p1a: Exeggutor\n|-status|p1a: Exeggutor|par\n|cant|p1a: Exeggutor|par\n|\n|upkeep\n|turn|19\n|inactive|Ct0wn has 270 seconds left.\n|inactive|Serpi n_n has 270 seconds left.\n|inactive|Ct0wn has 240 seconds left.\n|\n|t:|1768769881\n|switch|p2a: Gengar|Gengar|24/100 par\n|move|p1a: Exeggutor|Psychic|p2a: Gengar\n|-supereffective|p2a: Gengar\n|-damage|p2a: Gengar|0 fnt\n|faint|p2a: Gengar\n|\n|t:|1768769883\n|switch|p2a: Jynx|Jynx|100/100\n|turn|20\n|inactive|Serpi n_n has 270 seconds left.\n|\n|t:|1768769899\n|switch|p1a: Chansey|Chansey|100/100 slp\n|move|p2a: Jynx|Ice Beam|p1a: Chansey\n|-damage|p1a: Chansey|86/100 slp\n|\n|upkeep\n|turn|21\n|\n|t:|1768769904\n|switch|p1a: Starmie|Starmie|92/100\n|move|p2a: Jynx|Ice Beam|p1a: Starmie\n|-resisted|p1a: Starmie\n|-damage|p1a: Starmie|74/100\n|\n|upkeep\n|turn|22\n|\n|t:|1768769908\n|move|p1a: Starmie|Thunder Wave|p2a: Jynx\n|-status|p2a: Jynx|par\n|move|p2a: Jynx|Ice Beam|p1a: Starmie\n|-crit|p1a: Starmie\n|-resisted|p1a: Starmie\n|-damage|p1a: Starmie|40/100\n|\n|upkeep\n|turn|23\n|\n|t:|1768769916\n|switch|p2a: Alakazam|Alakazam|100/100\n|move|p1a: Starmie|Surf|p2a: Alakazam\n|-damage|p2a: Alakazam|73/100\n|\n|upkeep\n|turn|24\n|inactive|Ct0wn has 270 seconds left.\n|\n|t:|1768769936\n|switch|p1a: Exeggutor|Exeggutor|100/100 par\n|move|p2a: Alakazam|Psychic|p1a: Exeggutor\n|-crit|p1a: Exeggutor\n|-resisted|p1a: Exeggutor\n|-damage|p1a: Exeggutor|72/100 par\n|\n|upkeep\n|turn|25\n|inactive|Ct0wn has 270 seconds left.\n|inactive|Serpi n_n has 270 seconds left.\n|\n|t:|1768769980\n|switch|p2a: Jynx|Jynx|100/100 par\n|switch|p1a: Starmie|Starmie|40/100\n|\n|upkeep\n|turn|26\n|inactive|Serpi n_n has 270 seconds left.\n|\n|t:|1768770002\n|move|p1a: Starmie|Thunder Wave|p2a: Jynx\n|-fail|p2a: Jynx|par\n|move|p2a: Jynx|Ice Beam|p1a: Starmie\n|-resisted|p1a: Starmie\n|-damage|p1a: Starmie|23/100\n|\n|upkeep\n|turn|27\n|\n|t:|1768770007\n|switch|p2a: Alakazam|Alakazam|73/100\n|move|p1a: Starmie|Recover|p1a: Starmie\n|-heal|p1a: Starmie|73/100\n|\n|upkeep\n|turn|28\n|inactive|Serpi n_n has 270 seconds left.\n|\n|t:|1768770042\n|move|p2a: Alakazam|Thunder Wave|p1a: Starmie\n|-status|p1a: Starmie|par\n|cant|p1a: Starmie|par\n|\n|upkeep\n|turn|29\n|inactive|Ct0wn has 270 seconds left.\n|\n|t:|1768770058\n|move|p2a: Alakazam|Psychic|p1a: Starmie\n|-resisted|p1a: Starmie\n|-damage|p1a: Starmie|53/100 par\n|-unboost|p1a: Starmie|spa|1\n|-unboost|p1a: Starmie|spd|1\n|cant|p1a: Starmie|par\n|\n|upkeep\n|turn|30\n|\n|t:|1768770070\n|move|p2a: Alakazam|Psychic|p1a: Starmie\n|-resisted|p1a: Starmie\n|-damage|p1a: Starmie|23/100 par\n|cant|p1a: Starmie|par\n|\n|upkeep\n|turn|31\n|\n|t:|1768770085\n|switch|p1a: Exeggutor|Exeggutor|72/100 par\n|move|p2a: Alakazam|Psychic|p1a: Exeggutor\n|-crit|p1a: Exeggutor\n|-resisted|p1a: Exeggutor\n|-damage|p1a: Exeggutor|44/100 par\n|\n|upkeep\n|turn|32\n|inactive|Ct0wn has 270 seconds left.\n|\n|t:|1768770107\n|switch|p1a: Starmie|Starmie|23/100 par\n|move|p2a: Alakazam|Psychic|p1a: Starmie\n|-resisted|p1a: Starmie\n|-damage|p1a: Starmie|4/100 par\n|\n|upkeep\n|turn|33\n|inactive|Ct0wn has 270 seconds left.\n|\n|t:|1768770115\n|switch|p1a: Exeggutor|Exeggutor|44/100 par\n|move|p2a: Alakazam|Seismic Toss|p1a: Exeggutor\n|-damage|p1a: Exeggutor|18/100 par\n|\n|upkeep\n|turn|34\n|\n|t:|1768770118\n|switch|p1a: Chansey|Chansey|86/100 slp\n|move|p2a: Alakazam|Seismic Toss|p1a: Chansey\n|-damage|p1a: Chansey|72/100 slp\n|\n|upkeep\n|turn|35\n|inactive|Serpi n_n has 270 seconds left.\n|\n|t:|1768770131\n|move|p2a: Alakazam|Psychic|p1a: Chansey\n|-crit|p1a: Chansey\n|-damage|p1a: Chansey|35/100 slp\n|cant|p1a: Chansey|slp\n|\n|upkeep\n|turn|36\n|\n|t:|1768770134\n|switch|p2a: Tauros|Tauros|100/100\n|cant|p1a: Chansey|slp\n|\n|upkeep\n|turn|37\n|\n|t:|1768770141\n|switch|p1a: Exeggutor|Exeggutor|18/100 par\n|move|p2a: Tauros|Body Slam|p1a: Exeggutor\n|-damage|p1a: Exeggutor|0 fnt\n|faint|p1a: Exeggutor\n|\n|t:|1768770142\n|switch|p1a: Tauros|Tauros|100/100\n|turn|38\n|\n|t:|1768770146\n|move|p1a: Tauros|Blizzard|p2a: Tauros\n|-damage|p2a: Tauros|76/100\n|move|p2a: Tauros|Body Slam|p1a: Tauros\n|-damage|p1a: Tauros|73/100\n|\n|upkeep\n|turn|39\n|\n|t:|1768770155\n|move|p1a: Tauros|Blizzard|p2a: Tauros|[miss]\n|-miss|p1a: Tauros\n|move|p2a: Tauros|Body Slam|p1a: Tauros\n|-damage|p1a: Tauros|42/100\n|\n|upkeep\n|turn|40\n|\n|t:|1768770160\n|move|p1a: Tauros|Hyper Beam|p2a: Tauros\n|-damage|p2a: Tauros|26/100\n|-mustrecharge|p1a: Tauros\n|move|p2a: Tauros|Hyper Beam|p1a: Tauros\n|-crit|p1a: Tauros\n|-damage|p1a: Tauros|0 fnt\n|faint|p1a: Tauros\n|\n|t:|1768770180\n|switch|p1a: Snorlax|Snorlax|42/100 par\n|turn|41\n|\n|t:|1768770184\n|move|p2a: Tauros|Hyper Beam|p1a: Snorlax\n|-damage|p1a: Snorlax|0 fnt\n|faint|p1a: Snorlax\n|\n|t:|1768770202\n|switch|p1a: Starmie|Starmie|4/100 par\n|turn|42\n|\n|t:|1768770205\n|move|p2a: Tauros|Body Slam|p1a: Starmie\n|-damage|p1a: Starmie|0 fnt\n|faint|p1a: Starmie\n|c|☆Serpi n_n|ggs\n|-message|Serpi n_n forfeited.\n|\n|win|Ct0wn\n|c|☆Ct0wn|Ggs\n","uploadtime":1768770209,"views":"1432","formatid":"gen1ou","rating":null,"private":0,"password":null}