{"id":"smogtours-gen1ou-974866","format":"[Gen 1] OU","players":["Amaranth","LNumbers"],"log":"|inactive|Battle timer is ON: inactive players will automatically lose when time's up.\n|t:|1790521484\n|gametype|singles\n|player|p1|Amaranth|#amaranth|\n|player|p2|LNumbers|#rbywc2026|\n|gen|1\n|tier|[Gen 1] OU\n|rule|Desync Clause Mod: Desyncs resolve to link battle behavior from the acting player's perspective.\n|rule|HP Percentage Mod: HP is shown in percentages\n|rule|Endless Battle Clause: Forcing endless battles is banned\n|rule|Sleep Clause Mod: Limit one foe put to sleep\n|rule|Freeze Clause Mod: Limit one foe frozen\n|rule|Species Clause: Limit one of each Pokémon\n|rule|OHKO Clause: OHKO moves are banned\n|rule|Evasion Moves Clause: Evasion moves are banned\n|\n|t:|1790521484\n|teamsize|p1|6\n|teamsize|p2|6\n|start\n|switch|p1a: Jynx|Jynx|100/100\n|switch|p2a: Jynx|Jynx|100/100\n|turn|1\n|c|☆LNumbers|hf\n|c|☆Amaranth|glhf\n|inactive|LNumbers has 270 seconds left.\n|\n|t:|1790521525\n|move|p1a: Jynx|Lovely Kiss|p2a: Jynx\n|-status|p2a: Jynx|slp|[from] move: Lovely Kiss\n|-curestatus|p2a: Jynx|slp|[msg]\n|\n|upkeep\n|turn|2\n|\n|t:|1790521532\n|move|p2a: Jynx|Lovely Kiss|p1a: Jynx\n|-status|p1a: Jynx|slp|[from] move: Lovely Kiss\n|cant|p1a: Jynx|slp\n|\n|upkeep\n|turn|3\n|\n|t:|1790521537\n|cant|p1a: Jynx|slp\n|move|p2a: Jynx|Body Slam|p1a: Jynx\n|-damage|p1a: Jynx|76/100 slp\n|\n|upkeep\n|turn|4\n|\n|t:|1790521552\n|switch|p1a: Chansey|Chansey|100/100\n|switch|p2a: Tauros|Tauros|100/100\n|\n|upkeep\n|turn|5\n|\n|t:|1790521569\n|switch|p2a: Jynx|Jynx|100/100\n|move|p1a: Chansey|Thunder Wave|p2a: Jynx\n|-status|p2a: Jynx|par\n|\n|upkeep\n|turn|6\n|\n|t:|1790521574\n|move|p1a: Chansey|Seismic Toss|p2a: Jynx\n|-damage|p2a: Jynx|70/100 par\n|move|p2a: Jynx|Blizzard|p1a: Chansey\n|-damage|p1a: Chansey|83/100\n|\n|upkeep\n|turn|7\n|\n|t:|1790521585\n|switch|p2a: Starmie|Starmie|100/100\n|move|p1a: Chansey|Seismic Toss|p2a: Starmie\n|-damage|p2a: Starmie|70/100\n|\n|upkeep\n|turn|8\n|\n|t:|1790521593\n|move|p2a: Starmie|Thunder Wave|p1a: Chansey\n|-status|p1a: Chansey|par\n|cant|p1a: Chansey|par\n|\n|upkeep\n|turn|9\n|\n|t:|1790521600\n|switch|p2a: Rhydon|Rhydon|100/100\n|cant|p1a: Chansey|par\n|\n|upkeep\n|turn|10\n|\n|t:|1790521615\n|switch|p1a: Exeggutor|Exeggutor|100/100\n|move|p2a: Rhydon|Earthquake|p1a: Exeggutor\n|-resisted|p1a: Exeggutor\n|-damage|p1a: Exeggutor|80/100\n|\n|upkeep\n|turn|11\n|\n|t:|1790521638\n|switch|p2a: Jynx|Jynx|70/100 par\n|move|p1a: Exeggutor|Psychic|p2a: Jynx\n|-resisted|p2a: Jynx\n|-damage|p2a: Jynx|52/100 par\n|\n|upkeep\n|turn|12\n|\n|t:|1790521650\n|switch|p1a: Snorlax|Snorlax|100/100\n|switch|p2a: Starmie|Starmie|70/100\n|\n|upkeep\n|turn|13\n|\n|t:|1790521658\n|switch|p2a: Snorlax|Snorlax|100/100\n|move|p1a: Snorlax|Body Slam|p2a: Snorlax|[miss]\n|-miss|p1a: Snorlax\n|-hint|In Gen 1, moves with 100% accuracy can still miss 1/256 of the time.\n|\n|upkeep\n|turn|14\n|\n|t:|1790521668\n|move|p2a: Snorlax|Body Slam|p1a: Snorlax\n|-damage|p1a: Snorlax|72/100\n|move|p1a: Snorlax|Reflect|p1a: Snorlax\n|-start|p1a: Snorlax|Reflect\n|\n|upkeep\n|turn|15\n|\n|t:|1790521672\n|move|p2a: Snorlax|Reflect|p2a: Snorlax\n|-start|p2a: Snorlax|Reflect\n|move|p1a: Snorlax|Body Slam|p2a: Snorlax\n|-damage|p2a: Snorlax|87/100\n|\n|upkeep\n|turn|16\n|\n|t:|1790521674\n|move|p2a: Snorlax|Body Slam|p1a: Snorlax\n|-damage|p1a: Snorlax|58/100\n|move|p1a: Snorlax|Body Slam|p2a: Snorlax\n|-damage|p2a: Snorlax|74/100\n|\n|upkeep\n|turn|17\n|\n|t:|1790521676\n|move|p1a: Snorlax|Body Slam|p2a: Snorlax\n|-damage|p2a: Snorlax|61/100\n|move|p2a: Snorlax|Body Slam|p1a: Snorlax\n|-damage|p1a: Snorlax|45/100\n|\n|upkeep\n|turn|18\n|\n|t:|1790521683\n|switch|p2a: Rhydon|Rhydon|100/100\n|move|p1a: Snorlax|Rest|p1a: Snorlax\n|-status|p1a: Snorlax|slp|[from] move: Rest\n|-heal|p1a: Snorlax|100/100 slp|[silent]\n|\n|upkeep\n|turn|19\n|\n|t:|1790521688\n|move|p2a: Rhydon|Earthquake|p1a: Snorlax\n|-damage|p1a: Snorlax|84/100 slp\n|cant|p1a: Snorlax|slp\n|\n|upkeep\n|turn|20\n|\n|t:|1790521690\n|move|p2a: Rhydon|Earthquake|p1a: Snorlax\n|-crit|p1a: Snorlax\n|-damage|p1a: Snorlax|16/100 slp\n|-curestatus|p1a: Snorlax|slp|[msg]\n|\n|upkeep\n|turn|21\n|c|☆Amaranth|well\n|\n|t:|1790521706\n|switch|p1a: Exeggutor|Exeggutor|80/100\n|move|p2a: Rhydon|Body Slam|p1a: Exeggutor\n|-damage|p1a: Exeggutor|58/100\n|-status|p1a: Exeggutor|par\n|\n|upkeep\n|turn|22\n|inactive|LNumbers has 270 seconds left.\n|\n|t:|1790521751\n|switch|p2a: Jynx|Jynx|52/100 par\n|cant|p1a: Exeggutor|par\n|\n|upkeep\n|turn|23\n|\n|t:|1790521769\n|switch|p1a: Starmie|Starmie|100/100\n|move|p2a: Jynx|Blizzard|p1a: Starmie\n|-crit|p1a: Starmie\n|-resisted|p1a: Starmie\n|-damage|p1a: Starmie|61/100\n|\n|upkeep\n|turn|24\n|inactive|LNumbers has 240 seconds left.\n|inactive|LNumbers has 210 seconds left.\n|\n|t:|1790521836\n|switch|p2a: Alakazam|Alakazam|100/100\n|move|p1a: Starmie|Thunder Wave|p2a: Alakazam|[miss]\n|-miss|p1a: Starmie\n|-hint|In Gen 1, moves with 100% accuracy can still miss 1/256 of the time.\n|\n|upkeep\n|turn|25\n|c|☆Amaranth|well\n|c|☆LNumbers|sry\n|\n|t:|1790521852\n|switch|p1a: Exeggutor|Exeggutor|58/100 par\n|move|p2a: Alakazam|Thunder Wave|p1a: Exeggutor\n|-fail|p1a: Exeggutor|par\n|\n|upkeep\n|turn|26\n|\n|t:|1790521859\n|move|p2a: Alakazam|Seismic Toss|p1a: Exeggutor\n|-damage|p1a: Exeggutor|32/100 par\n|move|p1a: Exeggutor|Rest|p1a: Exeggutor\n|-status|p1a: Exeggutor|slp|[from] move: Rest\n|-heal|p1a: Exeggutor|100/100 slp|[silent]\n|\n|upkeep\n|turn|27\n|inactive|LNumbers has 180 seconds left.\n|inactive|LNumbers has 150 seconds left.\n|\n|t:|1790521915\n|move|p2a: Alakazam|Seismic Toss|p1a: Exeggutor\n|-damage|p1a: Exeggutor|75/100 slp\n|cant|p1a: Exeggutor|slp\n|\n|upkeep\n|turn|28\n|\n|t:|1790521919\n|move|p2a: Alakazam|Seismic Toss|p1a: Exeggutor\n|-damage|p1a: Exeggutor|50/100 slp\n|-curestatus|p1a: Exeggutor|slp|[msg]\n|\n|upkeep\n|turn|29\n|\n|t:|1790521925\n|switch|p2a: Jynx|Jynx|52/100 par\n|move|p1a: Exeggutor|Rest|p1a: Exeggutor\n|-status|p1a: Exeggutor|slp|[from] move: Rest\n|-heal|p1a: Exeggutor|100/100 slp|[silent]\n|\n|upkeep\n|turn|30\n|\n|t:|1790521932\n|switch|p1a: Chansey|Chansey|83/100 par\n|move|p2a: Jynx|Body Slam|p1a: Chansey\n|-damage|p1a: Chansey|66/100 par\n|\n|upkeep\n|turn|31\n|\n|t:|1790521938\n|switch|p2a: Snorlax|Snorlax|61/100\n|cant|p1a: Chansey|par\n|\n|upkeep\n|turn|32\n|inactive|LNumbers has 180 seconds left.\n|inactive|Amaranth has 270 seconds left.\n|\n|t:|1790521975\n|switch|p1a: Exeggutor|Exeggutor|100/100 slp\n|move|p2a: Snorlax|Hyper Beam|p1a: Exeggutor\n|-damage|p1a: Exeggutor|48/100 slp\n|-mustrecharge|p2a: Snorlax\n|\n|upkeep\n|turn|33\n|\n|t:|1790521980\n|cant|p1a: Exeggutor|slp\n|cant|p2a: Snorlax|recharge\n|\n|upkeep\n|turn|34\n|inactive|Amaranth has 270 seconds left.\n|\n|t:|1790521996\n|switch|p1a: Jynx|Jynx|76/100 slp\n|move|p2a: Snorlax|Hyper Beam|p1a: Jynx\n|-damage|p1a: Jynx|0 fnt\n|faint|p1a: Jynx\n|inactive|Amaranth has 270 seconds left.\n|\n|t:|1790522001\n|switch|p1a: Tauros|Tauros|100/100\n|turn|35\n|inactive|LNumbers has 150 seconds left.\n|inactive|LNumbers has 120 seconds left.\n|inactive|LNumbers has 90 seconds left.\n|inactive|LNumbers has 60 seconds left.\n|\n|t:|1790522134\n|switch|p2a: Jynx|Jynx|52/100 par\n|move|p1a: Tauros|Body Slam|p2a: Jynx\n|-damage|p2a: Jynx|1/100 par\n|\n|upkeep\n|turn|36\n|\n|t:|1790522142\n|move|p1a: Tauros|Body Slam|p2a: Jynx\n|-damage|p2a: Jynx|0 fnt\n|faint|p2a: Jynx\n|\n|t:|1790522163\n|switch|p2a: Starmie|Starmie|70/100\n|turn|37\n|\n|t:|1790522173\n|switch|p1a: Chansey|Chansey|66/100 par\n|move|p2a: Starmie|Recover|p2a: Starmie\n|-heal|p2a: Starmie|100/100\n|\n|upkeep\n|turn|38\n|\n|t:|1790522187\n|switch|p2a: Snorlax|Snorlax|61/100\n|cant|p1a: Chansey|par\n|\n|upkeep\n|turn|39\n|c|☆Amaranth|well\n|inactive|LNumbers has 30 seconds left.\n|\n|t:|1790522211\n|switch|p1a: Snorlax|Snorlax|16/100\n|move|p2a: Snorlax|Body Slam|p1a: Snorlax\n|-damage|p1a: Snorlax|0 fnt\n|faint|p1a: Snorlax\n|\n|t:|1790522213\n|switch|p1a: Tauros|Tauros|100/100\n|turn|40\n|inactive|LNumbers has 30 seconds left.\n|\n|t:|1790522237\n|switch|p2a: Starmie|Starmie|100/100\n|move|p1a: Tauros|Body Slam|p2a: Starmie\n|-damage|p2a: Starmie|67/100\n|-status|p2a: Starmie|par\n|\n|upkeep\n|turn|41\n|inactive|LNumbers has 30 seconds left.\n|\n|t:|1790522244\n|move|p1a: Tauros|Thunderbolt|p2a: Starmie\n|-supereffective|p2a: Starmie\n|-damage|p2a: Starmie|29/100 par\n|cant|p2a: Starmie|par\n|\n|upkeep\n|turn|42\n|\n|t:|1790522251\n|move|p1a: Tauros|Body Slam|p2a: Starmie\n|-damage|p2a: Starmie|0 fnt\n|faint|p2a: Starmie\n|\n|t:|1790522252\n|switch|p2a: Tauros|Tauros|100/100\n|turn|43\n|\n|t:|1790522262\n|move|p2a: Tauros|Body Slam|p1a: Tauros\n|-damage|p1a: Tauros|70/100\n|move|p1a: Tauros|Body Slam|p2a: Tauros\n|-damage|p2a: Tauros|73/100\n|\n|upkeep\n|turn|44\n|\n|t:|1790522265\n|move|p2a: Tauros|Body Slam|p1a: Tauros\n|-damage|p1a: Tauros|39/100\n|move|p1a: Tauros|Body Slam|p2a: Tauros\n|-damage|p2a: Tauros|44/100\n|\n|upkeep\n|turn|45\n|inactive|LNumbers has 60 seconds left.\n|inactive|Amaranth has 270 seconds left.\n|inactive|LNumbers has 30 seconds left.\n|inactive|LNumbers has 20 seconds left.\n|inactive|LNumbers has 15 seconds left.\n|inactive|LNumbers has 10 seconds left.\n|inactive|LNumbers has 5 seconds left.\n|inactive|Amaranth has 240 seconds left.\n|\n|t:|1790522377\n|switch|p2a: Rhydon|Rhydon|100/100\n|move|p1a: Tauros|Blizzard|p2a: Rhydon\n|-supereffective|p2a: Rhydon\n|-damage|p2a: Rhydon|44/100\n|\n|upkeep\n|turn|46\n|inactive|LNumbers has 15 seconds left this turn.\n|inactive|LNumbers has 10 seconds left.\n|inactive|Amaranth has 210 seconds left.\n|\n|t:|1790522421\n|switch|p2a: Alakazam|Alakazam|100/100\n|move|p1a: Tauros|Blizzard|p2a: Alakazam\n|-damage|p2a: Alakazam|80/100\n|\n|upkeep\n|turn|47\n|inactive|LNumbers has 20 seconds left this turn.\n|inactive|LNumbers has 15 seconds left.\n|inactive|LNumbers has 10 seconds left.\n|\n|t:|1790522437\n|switch|p1a: Chansey|Chansey|66/100 par\n|move|p2a: Alakazam|Psychic|p1a: Chansey\n|-damage|p1a: Chansey|49/100 par\n|\n|upkeep\n|turn|48\n|inactive|LNumbers has 20 seconds left this turn.\n|inactive|LNumbers has 15 seconds left.\n|inactive|LNumbers has 10 seconds left.\n|\n|t:|1790522451\n|switch|p2a: Snorlax|Snorlax|61/100\n|move|p1a: Chansey|Soft-Boiled|p1a: Chansey\n|-heal|p1a: Chansey|99/100 par\n|\n|upkeep\n|turn|49\n|inactive|LNumbers has 20 seconds left this turn.\n|inactive|LNumbers has 15 seconds left.\n|\n|t:|1790522458\n|switch|p2a: Rhydon|Rhydon|44/100\n|move|p1a: Chansey|Thunder Wave|p2a: Rhydon\n|-immune|p2a: Rhydon\n|\n|upkeep\n|turn|50\n|inactive|LNumbers has 25 seconds left this turn.\n|inactive|Amaranth has 210 seconds left.\n|inactive|LNumbers has 20 seconds left.\n|inactive|LNumbers has 15 seconds left.\n|inactive|LNumbers has 10 seconds left.\n|inactive|LNumbers has 5 seconds left.\n|\n|t:|1790522481\n|switch|p1a: Exeggutor|Exeggutor|48/100 slp\n|move|p2a: Rhydon|Rock Slide|p1a: Exeggutor|[miss]\n|-miss|p2a: Rhydon\n|\n|upkeep\n|turn|51\n|inactive|LNumbers has 15 seconds left this turn.\n|inactive|LNumbers has 10 seconds left.\n|c|☆Amaranth|preemptive well\n|\n|t:|1790522487\n|switch|p2a: Tauros|Tauros|44/100\n|-curestatus|p1a: Exeggutor|slp|[msg]\n|\n|upkeep\n|turn|52\n|inactive|LNumbers has 20 seconds left this turn.\n|inactive|Amaranth has 210 seconds left.\n|c|☆LNumbers|well\n|c|☆LNumbers|there u have it\n|inactive|Amaranth has 180 seconds left.\n|\n|t:|1790522530\n|move|p2a: Tauros|Hyper Beam|p1a: Exeggutor|[miss]\n|-miss|p2a: Tauros\n|move|p1a: Exeggutor|Psychic|p2a: Tauros\n|-crit|p2a: Tauros\n|-damage|p2a: Tauros|0 fnt\n|faint|p2a: Tauros\n|inactive|LNumbers has 25 seconds left this turn.\n|c|☆Amaranth|well af\n|c|☆LNumbers|.\n|inactive|LNumbers has 20 seconds left.\n|\n|t:|1790522538\n|switch|p2a: Alakazam|Alakazam|80/100\n|turn|53\n|inactive|LNumbers has 30 seconds left this turn.\n|c|☆LNumbers|what a joke honestly\n|c|☆LNumbers|with the mie too\n|inactive|LNumbers has 20 seconds left.\n|c|☆Amaranth|yeah well\n|\n|t:|1790522548\n|switch|p1a: Chansey|Chansey|99/100 par\n|move|p2a: Alakazam|Thunder Wave|p1a: Chansey\n|-fail|p1a: Chansey|par\n|\n|upkeep\n|turn|54\n|inactive|LNumbers has 30 seconds left this turn.\n|c|☆Amaranth|what else can u say but: well\n|inactive|Amaranth has 180 seconds left.\n|c|☆Amaranth|look at this matchup for u if i dont lose the jynx tie btw\n|c|☆Amaranth|but no problem\n|c|☆Amaranth|better to just say well\n|c|☆LNumbers|that's not a 10% miss but ok\n|inactive|Amaranth has 150 seconds left.\n|\n|t:|1790522614\n|move|p2a: Alakazam|Psychic|p1a: Chansey\n|-damage|p1a: Chansey|80/100 par\n|cant|p1a: Chansey|par\n|\n|upkeep\n|turn|55\n|inactive|LNumbers has 30 seconds left.\n|\n|t:|1790522626\n|switch|p2a: Rhydon|Rhydon|44/100\n|move|p1a: Chansey|Seismic Toss|p2a: Rhydon\n|-damage|p2a: Rhydon|20/100\n|\n|upkeep\n|turn|56\n|inactive|LNumbers has 30 seconds left.\n|\n|t:|1790522646\n|move|p2a: Rhydon|Body Slam|p1a: Chansey\n|-damage|p1a: Chansey|49/100 par\n|move|p1a: Chansey|Seismic Toss|p2a: Rhydon\n|-damage|p2a: Rhydon|0 fnt\n|faint|p2a: Rhydon\n|inactive|LNumbers has 30 seconds left this turn.\n|\n|t:|1790522649\n|switch|p2a: Snorlax|Snorlax|61/100\n|turn|57\n|inactive|Amaranth has 150 seconds left.\n|inactive|Amaranth has 120 seconds left.\n|inactive|Amaranth has 90 seconds left.\n|\n|t:|1790522734\n|move|p2a: Snorlax|Hyper Beam|p1a: Chansey\n|-damage|p1a: Chansey|0 fnt\n|faint|p1a: Chansey\n|\n|t:|1790522735\n|switch|p1a: Exeggutor|Exeggutor|48/100\n|turn|58\n|inactive|LNumbers has 30 seconds left.\n|\n|t:|1790522761\n|move|p1a: Exeggutor|Psychic|p2a: Snorlax\n|-damage|p2a: Snorlax|32/100\n|move|p2a: Snorlax|Hyper Beam|p1a: Exeggutor|[miss]\n|-miss|p2a: Snorlax\n|\n|upkeep\n|turn|59\n|c|☆LNumbers|.\n|c|☆Amaranth|well\n|inactive|LNumbers has 30 seconds left.\n|\n|t:|1790522778\n|move|p1a: Exeggutor|Psychic|p2a: Snorlax\n|-damage|p2a: Snorlax|1/100\n|move|p2a: Snorlax|Hyper Beam|p1a: Exeggutor\n|-damage|p1a: Exeggutor|0 fnt\n|faint|p1a: Exeggutor\n|\n|t:|1790522787\n|switch|p1a: Starmie|Starmie|61/100\n|turn|60\n|\n|t:|1790522796\n|switch|p2a: Alakazam|Alakazam|80/100\n|move|p1a: Starmie|Surf|p2a: Alakazam\n|-damage|p2a: Alakazam|54/100\n|\n|upkeep\n|turn|61\n|\n|t:|1790522801\n|move|p2a: Alakazam|Thunder Wave|p1a: Starmie\n|-status|p1a: Starmie|par\n|move|p1a: Starmie|Thunder Wave|p2a: Alakazam\n|-status|p2a: Alakazam|par\n|\n|upkeep\n|turn|62\n|\n|t:|1790522808\n|move|p2a: Alakazam|Recover|p2a: Alakazam\n|-heal|p2a: Alakazam|100/100 par\n|move|p1a: Starmie|Surf|p2a: Alakazam\n|-damage|p2a: Alakazam|70/100 par\n|\n|upkeep\n|turn|63\n|\n|t:|1790522829\n|move|p2a: Alakazam|Recover|p2a: Alakazam\n|-heal|p2a: Alakazam|100/100 par\n|cant|p1a: Starmie|par\n|\n|upkeep\n|turn|64\n|\n|t:|1790522841\n|move|p2a: Alakazam|Psychic|p1a: Starmie\n|-resisted|p1a: Starmie\n|-damage|p1a: Starmie|39/100 par\n|move|p1a: Starmie|Surf|p2a: Alakazam\n|-crit|p2a: Alakazam\n|-damage|p2a: Alakazam|43/100 par\n|\n|upkeep\n|turn|65\n|inactive|Amaranth has 150 seconds left.\n|inactive|LNumbers has 30 seconds left.\n|\n|t:|1790522864\n|cant|p2a: Alakazam|par\n|move|p1a: Starmie|Surf|p2a: Alakazam\n|-crit|p2a: Alakazam\n|-damage|p2a: Alakazam|0 fnt\n|faint|p2a: Alakazam\n|c|☆LNumbers|sure\n|\n|t:|1790522869\n|switch|p2a: Snorlax|Snorlax|1/100\n|turn|66\n|\n|t:|1790522880\n|move|p2a: Snorlax|Rest|p2a: Snorlax\n|-status|p2a: Snorlax|slp|[from] move: Rest\n|-heal|p2a: Snorlax|100/100 slp|[silent]\n|cant|p1a: Starmie|par\n|\n|upkeep\n|turn|67\n|\n|t:|1790522888\n|cant|p2a: Snorlax|slp\n|move|p1a: Starmie|Recover|p1a: Starmie\n|-heal|p1a: Starmie|89/100 par\n|\n|upkeep\n|turn|68\n|\n|t:|1790522892\n|-curestatus|p2a: Snorlax|slp|[msg]\n|move|p1a: Starmie|Thunder Wave|p2a: Snorlax\n|-status|p2a: Snorlax|par\n|\n|upkeep\n|turn|69\n|\n|t:|1790522896\n|cant|p1a: Starmie|par\n|move|p2a: Snorlax|Body Slam|p1a: Starmie\n|-damage|p1a: Starmie|54/100 par\n|\n|upkeep\n|turn|70\n|\n|t:|1790522903\n|move|p1a: Starmie|Recover|p1a: Starmie\n|-heal|p1a: Starmie|100/100 par\n|move|p2a: Snorlax|Hyper Beam|p1a: Starmie\n|-damage|p1a: Starmie|31/100 par\n|-mustrecharge|p2a: Snorlax\n|\n|upkeep\n|turn|71\n|\n|t:|1790522905\n|cant|p1a: Starmie|par\n|cant|p2a: Snorlax|recharge\n|\n|upkeep\n|turn|72\n|\n|t:|1790522908\n|cant|p1a: Starmie|par\n|move|p2a: Snorlax|Body Slam|p1a: Starmie\n|-damage|p1a: Starmie|0 fnt\n|faint|p1a: Starmie\n|c|☆Amaranth|well!\n|\n|t:|1790522912\n|switch|p1a: Tauros|Tauros|39/100\n|turn|73\n|inactive|LNumbers has 90 seconds left.\n|\n|t:|1790522931\n|move|p1a: Tauros|Body Slam|p2a: Snorlax\n|-damage|p2a: Snorlax|74/100 par\n|move|p2a: Snorlax|Hyper Beam|p1a: Tauros\n|-damage|p1a: Tauros|0 fnt\n|faint|p1a: Tauros\n|\n|win|LNumbers\n|c|☆LNumbers|gg#\n|c|☆Amaranth|gg\n|player|p1|\n|c|☆LNumbers|/log LNumbers made the replay of this battle unlisted.\n|player|p2|\n","uploadtime":1790522931,"views":"79","formatid":"gen1ou","rating":null,"private":2,"password":null}