{"id":"smogtours-gen1ou-962618","format":"[Gen 1] OU","players":["LNumbers","Laroxyl"],"log":"|inactive|Battle timer is ON: inactive players will automatically lose when time's up.\n|t:|1786291897\n|gametype|singles\n|player|p1|LNumbers|#rbywc2026|\n|player|p2|Laroxyl|#splxviitigers2|\n|gen|1\n|tier|[Gen 1] OU\n|rule|Desync Clause Mod: Desyncs resolve to link battle behavior from the acting player's perspective.\n|rule|HP Percentage Mod: HP is shown in percentages\n|rule|Endless Battle Clause: Forcing endless battles is banned\n|rule|Sleep Clause Mod: Limit one foe put to sleep\n|rule|Freeze Clause Mod: Limit one foe frozen\n|rule|Species Clause: Limit one of each Pokémon\n|rule|OHKO Clause: OHKO moves are banned\n|rule|Evasion Moves Clause: Evasion moves are banned\n|\n|t:|1786291897\n|teamsize|p1|6\n|teamsize|p2|6\n|start\n|switch|p1a: Alakazam|Alakazam|100/100\n|switch|p2a: Gengar|Gengar|100/100\n|turn|1\n|c|☆LNumbers|hf\n|\n|t:|1786291911\n|switch|p1a: Jynx|Jynx|100/100\n|switch|p2a: Exeggutor|Exeggutor|100/100\n|\n|upkeep\n|turn|2\n|c|☆Laroxyl|hf\n|\n|t:|1786291929\n|switch|p2a: Gengar|Gengar|100/100\n|move|p1a: Jynx|Lovely Kiss|p2a: Gengar\n|-status|p2a: Gengar|slp|[from] move: Lovely Kiss\n|\n|upkeep\n|turn|3\n|\n|t:|1786291936\n|switch|p2a: Chansey|Chansey|100/100\n|move|p1a: Jynx|Blizzard|p2a: Chansey\n|-damage|p2a: Chansey|83/100\n|\n|upkeep\n|turn|4\n|\n|t:|1786291951\n|switch|p1a: Alakazam|Alakazam|100/100\n|move|p2a: Chansey|Thunderbolt|p1a: Alakazam\n|-damage|p1a: Alakazam|82/100\n|\n|upkeep\n|turn|5\n|\n|t:|1786291969\n|switch|p2a: Exeggutor|Exeggutor|100/100\n|move|p1a: Alakazam|Thunder Wave|p2a: Exeggutor\n|-status|p2a: Exeggutor|par\n|\n|upkeep\n|turn|6\n|\n|t:|1786291972\n|switch|p1a: Jynx|Jynx|100/100\n|move|p2a: Exeggutor|Sleep Powder|p1a: Jynx|[miss]\n|-miss|p2a: Exeggutor\n|\n|upkeep\n|turn|7\n|\n|t:|1786291976\n|switch|p2a: Chansey|Chansey|83/100\n|move|p1a: Jynx|Blizzard|p2a: Chansey\n|-damage|p2a: Chansey|64/100\n|\n|upkeep\n|turn|8\n|\n|t:|1786291995\n|move|p1a: Jynx|Blizzard|p2a: Chansey\n|-damage|p2a: Chansey|46/100\n|move|p2a: Chansey|Thunderbolt|p1a: Jynx\n|-damage|p1a: Jynx|77/100\n|\n|upkeep\n|turn|9\n|\n|t:|1786292007\n|move|p1a: Jynx|Blizzard|p2a: Chansey\n|-damage|p2a: Chansey|28/100\n|move|p2a: Chansey|Soft-Boiled|p2a: Chansey\n|-heal|p2a: Chansey|77/100\n|\n|upkeep\n|turn|10\n|\n|t:|1786292014\n|move|p1a: Jynx|Blizzard|p2a: Chansey\n|-damage|p2a: Chansey|59/100\n|move|p2a: Chansey|Thunderbolt|p1a: Jynx\n|-damage|p1a: Jynx|52/100\n|\n|upkeep\n|turn|11\n|\n|t:|1786292019\n|move|p1a: Jynx|Blizzard|p2a: Chansey\n|-damage|p2a: Chansey|40/100\n|move|p2a: Chansey|Soft-Boiled|p2a: Chansey\n|-heal|p2a: Chansey|90/100\n|\n|upkeep\n|turn|12\n|\n|t:|1786292026\n|move|p1a: Jynx|Blizzard|p2a: Chansey\n|-damage|p2a: Chansey|72/100\n|move|p2a: Chansey|Thunderbolt|p1a: Jynx\n|-damage|p1a: Jynx|28/100\n|\n|upkeep\n|turn|13\n|\n|t:|1786292034\n|switch|p1a: Alakazam|Alakazam|82/100\n|move|p2a: Chansey|Soft-Boiled|p2a: Chansey\n|-heal|p2a: Chansey|100/100\n|\n|upkeep\n|turn|14\n|inactive|LNumbers has 270 seconds left.\n|\n|t:|1786292081\n|move|p1a: Alakazam|Seismic Toss|p2a: Chansey\n|-damage|p2a: Chansey|86/100\n|move|p2a: Chansey|Ice Beam|p1a: Alakazam\n|-damage|p1a: Alakazam|62/100\n|\n|upkeep\n|turn|15\n|\n|t:|1786292088\n|switch|p2a: Exeggutor|Exeggutor|100/100 par\n|move|p1a: Alakazam|Psychic|p2a: Exeggutor\n|-resisted|p2a: Exeggutor\n|-damage|p2a: Exeggutor|86/100 par\n|-unboost|p2a: Exeggutor|spa|1\n|-unboost|p2a: Exeggutor|spd|1\n|\n|upkeep\n|turn|16\n|inactive|LNumbers has 270 seconds left.\n|\n|t:|1786292120\n|switch|p1a: Jynx|Jynx|28/100\n|move|p2a: Exeggutor|Sleep Powder|p1a: Jynx\n|-status|p1a: Jynx|slp|[from] move: Sleep Powder\n|\n|upkeep\n|turn|17\n|inactive|LNumbers has 240 seconds left.\n|inactive|Laroxyl has 270 seconds left.\n|inactive|LNumbers has 210 seconds left.\n|inactive|LNumbers has 180 seconds left.\n|\n|t:|1786292217\n|switch|p1a: Cloyster|Cloyster|100/100\n|switch|p2a: Snorlax|Snorlax|100/100\n|\n|upkeep\n|turn|18\n|inactive|Laroxyl has 270 seconds left.\n|\n|t:|1786292231\n|switch|p2a: Starmie|Starmie|100/100\n|move|p1a: Cloyster|Blizzard|p2a: Starmie\n|-resisted|p2a: Starmie\n|-damage|p2a: Starmie|81/100\n|-status|p2a: Starmie|frz\n|\n|upkeep\n|turn|19\n|inactive|Laroxyl has 270 seconds left.\n|\n|t:|1786292247\n|switch|p2a: Chansey|Chansey|86/100\n|switch|p1a: Alakazam|Alakazam|62/100\n|\n|upkeep\n|turn|20\n|inactive|Laroxyl has 270 seconds left.\n|inactive|LNumbers has 150 seconds left.\n|inactive|Laroxyl has 240 seconds left.\n|\n|t:|1786292303\n|move|p1a: Alakazam|Thunder Wave|p2a: Chansey\n|-status|p2a: Chansey|par\n|move|p2a: Chansey|Thunder Wave|p1a: Alakazam\n|-status|p1a: Alakazam|par\n|\n|upkeep\n|turn|21\n|\n|t:|1786292317\n|switch|p2a: Snorlax|Snorlax|100/100\n|move|p1a: Alakazam|Psychic|p2a: Snorlax\n|-crit|p2a: Snorlax\n|-damage|p2a: Snorlax|42/100\n|-unboost|p2a: Snorlax|spa|1\n|-unboost|p2a: Snorlax|spd|1\n|\n|upkeep\n|turn|22\n|inactive|LNumbers has 120 seconds left.\n|\n|t:|1786292339\n|switch|p1a: Cloyster|Cloyster|100/100\n|move|p2a: Snorlax|Body Slam|p1a: Cloyster\n|-damage|p1a: Cloyster|75/100\n|\n|upkeep\n|turn|23\n|inactive|LNumbers has 120 seconds left.\n|\n|t:|1786292347\n|switch|p2a: Chansey|Chansey|86/100 par\n|move|p1a: Cloyster|Blizzard|p2a: Chansey\n|-damage|p2a: Chansey|69/100 par\n|\n|upkeep\n|turn|24\n|inactive|LNumbers has 120 seconds left.\n|\n|t:|1786292386\n|move|p1a: Cloyster|Clamp|p2a: Chansey|[miss]\n|-miss|p1a: Cloyster\n|move|p2a: Chansey|Thunderbolt|p1a: Cloyster\n|-supereffective|p1a: Cloyster\n|-damage|p1a: Cloyster|22/100\n|\n|upkeep\n|turn|25\n|inactive|Laroxyl has 210 seconds left.\n|inactive|Laroxyl has 180 seconds left.\n|inactive|Laroxyl has 150 seconds left.\n|inactive|LNumbers has 90 seconds left.\n|inactive|Laroxyl has 120 seconds left.\n|\n|t:|1786292516\n|switch|p1a: Snorlax|Snorlax|100/100\n|move|p2a: Chansey|Thunder Wave|p1a: Snorlax\n|-status|p1a: Snorlax|par\n|\n|upkeep\n|turn|26\n|inactive|Laroxyl has 90 seconds left.\n|\n|t:|1786292540\n|switch|p2a: Exeggutor|Exeggutor|86/100 par\n|move|p1a: Snorlax|Body Slam|p2a: Exeggutor\n|-damage|p2a: Exeggutor|57/100 par\n|\n|upkeep\n|turn|27\n|inactive|LNumbers has 60 seconds left.\n|\n|t:|1786292583\n|move|p2a: Exeggutor|Psychic|p1a: Snorlax\n|-damage|p1a: Snorlax|72/100 par\n|-unboost|p1a: Snorlax|spa|1\n|-unboost|p1a: Snorlax|spd|1\n|cant|p1a: Snorlax|par\n|\n|upkeep\n|turn|28\n|inactive|LNumbers has 30 seconds left.\n|\n|t:|1786292604\n|switch|p1a: Starmie|Starmie|100/100\n|cant|p2a: Exeggutor|par\n|\n|upkeep\n|turn|29\n|inactive|Laroxyl has 90 seconds left.\n|\n|t:|1786292623\n|switch|p2a: Chansey|Chansey|69/100 par\n|move|p1a: Starmie|Blizzard|p2a: Chansey\n|-damage|p2a: Chansey|55/100 par\n|\n|upkeep\n|turn|30\n|inactive|LNumbers has 30 seconds left.\n|inactive|LNumbers has 20 seconds left.\n|\n|t:|1786292649\n|switch|p1a: Snorlax|Snorlax|72/100 par\n|cant|p2a: Chansey|par\n|\n|upkeep\n|turn|31\n|inactive|LNumbers has 30 seconds left this turn.\n|inactive|LNumbers has 20 seconds left.\n|inactive|LNumbers has 15 seconds left.\n|inactive|LNumbers has 10 seconds left.\n|\n|t:|1786292670\n|move|p2a: Chansey|Soft-Boiled|p2a: Chansey\n|-heal|p2a: Chansey|100/100 par\n|cant|p1a: Snorlax|par\n|\n|upkeep\n|turn|32\n|inactive|LNumbers has 20 seconds left this turn.\n|inactive|LNumbers has 15 seconds left.\n|inactive|Laroxyl has 90 seconds left.\n|\n|t:|1786292686\n|switch|p2a: Exeggutor|Exeggutor|57/100 par\n|move|p1a: Snorlax|Amnesia|p1a: Snorlax\n|-boost|p1a: Snorlax|spa|2\n|-boost|p1a: Snorlax|spd|2\n|\n|upkeep\n|turn|33\n|inactive|LNumbers has 25 seconds left this turn.\n|inactive|Laroxyl has 90 seconds left.\n|\n|t:|1786292705\n|switch|p2a: Gengar|Gengar|100/100 slp\n|cant|p1a: Snorlax|par\n|\n|upkeep\n|turn|34\n|inactive|LNumbers has 30 seconds left.\n|inactive|Laroxyl has 90 seconds left.\n|\n|t:|1786292722\n|switch|p1a: Tauros|Tauros|100/100\n|-curestatus|p2a: Gengar|slp|[msg]\n|\n|upkeep\n|turn|35\n|c|☆LNumbers|well\n|inactive|LNumbers has 30 seconds left.\n|inactive|Laroxyl disconnected and has 300 seconds to reconnect!\n|player|p2|\n|inactive|Laroxyl reconnected and has 70 seconds left.\n|player|p2|Laroxyl|#splxviitigers2|\n|inactive|Laroxyl has 60 seconds left.\n|\n|t:|1786292783\n|switch|p2a: Starmie|Starmie|81/100 frz\n|move|p1a: Tauros|Earthquake|p2a: Starmie\n|-crit|p2a: Starmie\n|-damage|p2a: Starmie|30/100 frz\n|\n|upkeep\n|turn|36\n|\n|t:|1786292786\n|cant|p2a: Starmie|frz\n|move|p1a: Tauros|Body Slam|p2a: Starmie\n|-damage|p2a: Starmie|0 fnt\n|faint|p2a: Starmie\n|inactive|Laroxyl has 60 seconds left.\n|\n|t:|1786292798\n|switch|p2a: Tauros|Tauros|100/100\n|turn|37\n|\n|t:|1786292813\n|move|p1a: Tauros|Body Slam|p2a: Tauros\n|-damage|p2a: Tauros|69/100\n|move|p2a: Tauros|Body Slam|p1a: Tauros\n|-crit|p1a: Tauros\n|-damage|p1a: Tauros|47/100\n|\n|upkeep\n|turn|38\n|inactive|Laroxyl has 60 seconds left.\n|inactive|LNumbers has 30 seconds left.\n|inactive|LNumbers has 20 seconds left.\n|inactive|Laroxyl has 30 seconds left.\n|\n|t:|1786292863\n|switch|p1a: Jynx|Jynx|28/100 slp\n|move|p2a: Tauros|Body Slam|p1a: Jynx\n|-crit|p1a: Jynx\n|-damage|p1a: Jynx|0 fnt\n|faint|p1a: Jynx\n|inactive|LNumbers has 25 seconds left this turn.\n|inactive|LNumbers has 20 seconds left.\n|\n|t:|1786292868\n|switch|p1a: Starmie|Starmie|100/100\n|turn|39\n|inactive|LNumbers has 30 seconds left this turn.\n|\n|t:|1786292881\n|move|p1a: Starmie|Psychic|p2a: Tauros\n|-damage|p2a: Tauros|31/100\n|move|p2a: Tauros|Body Slam|p1a: Starmie\n|-crit|p1a: Starmie\n|-damage|p1a: Starmie|37/100\n|-status|p1a: Starmie|par\n|\n|upkeep\n|turn|40\n|inactive|LNumbers has 30 seconds left.\n|c|☆LNumbers|bruh\n|inactive|LNumbers has 20 seconds left.\n|inactive|LNumbers has 15 seconds left.\n|inactive|LNumbers has 10 seconds left.\n|\n|t:|1786292908\n|switch|p1a: Snorlax|Snorlax|72/100 par\n|move|p2a: Tauros|Hyper Beam|p1a: Snorlax\n|-crit|p1a: Snorlax\n|-damage|p1a: Snorlax|0 fnt\n|faint|p1a: Snorlax\n|inactive|LNumbers has 15 seconds left this turn.\n|inactive|LNumbers has 10 seconds left.\n|c|☆LNumbers|yea sure\n|\n|t:|1786292915\n|switch|p1a: Tauros|Tauros|47/100\n|turn|41\n|inactive|LNumbers has 20 seconds left this turn.\n|inactive|LNumbers has 15 seconds left.\n|inactive|LNumbers has 10 seconds left.\n|\n|t:|1786292930\n|move|p1a: Tauros|Earthquake|p2a: Tauros\n|-damage|p2a: Tauros|9/100\n|move|p2a: Tauros|Hyper Beam|p1a: Tauros\n|-crit|p1a: Tauros\n|-damage|p1a: Tauros|0 fnt\n|faint|p1a: Tauros\n|inactive|LNumbers has 15 seconds left this turn.\n|\n|t:|1786292933\n|switch|p1a: Starmie|Starmie|37/100 par\n|turn|42\n|inactive|LNumbers has 25 seconds left this turn.\n|\n|t:|1786292937\n|move|p2a: Tauros|Hyper Beam|p1a: Starmie\n|-damage|p1a: Starmie|0 fnt\n|faint|p1a: Starmie\n|inactive|LNumbers has 30 seconds left this turn.\n|\n|t:|1786292940\n|switch|p1a: Cloyster|Cloyster|22/100\n|turn|43\n|\n|t:|1786292943\n|move|p2a: Tauros|Hyper Beam|p1a: Cloyster\n|-damage|p1a: Cloyster|0 fnt\n|faint|p1a: Cloyster\n|\n|t:|1786292945\n|switch|p1a: Alakazam|Alakazam|62/100 par\n|turn|44\n|\n|t:|1786292947\n|move|p2a: Tauros|Hyper Beam|p1a: Alakazam\n|-crit|p1a: Alakazam\n|-damage|p1a: Alakazam|0 fnt\n|faint|p1a: Alakazam\n|\n|win|Laroxyl\n","uploadtime":1786292947,"views":"101","formatid":"gen1ou","rating":null,"private":0,"password":null}