{"id":"smogtours-gen1ou-952834","format":"[Gen 1] OU","players":["RoboKyII","stunner047"],"log":"|inactive|Battle timer is ON: inactive players will automatically lose when time's up.\n|t:|1783153424\n|gametype|singles\n|player|p1|RoboKyII|rosa-pokestar3|\n|player|p2|stunner047|#rbypliiidingdangdewgongs|\n|gen|1\n|tier|[Gen 1] OU\n|rule|Desync Clause Mod: Desyncs changed to move failure.\n|rule|HP Percentage Mod: HP is shown in percentages\n|rule|Endless Battle Clause: Forcing endless battles is banned\n|rule|Sleep Clause Mod: Limit one foe put to sleep\n|rule|Freeze Clause Mod: Limit one foe frozen\n|rule|Species Clause: Limit one of each Pokémon\n|rule|OHKO Clause: OHKO moves are banned\n|rule|Evasion Moves Clause: Evasion moves are banned\n|\n|t:|1783153424\n|teamsize|p1|6\n|teamsize|p2|6\n|start\n|switch|p1a: Starmie|Starmie|100/100\n|switch|p2a: Starmie|Starmie|100/100\n|turn|1\n|c|☆stunner047|gl hf\n|\n|t:|1783153429\n|switch|p1a: Chansey|Chansey|100/100\n|switch|p2a: Chansey|Chansey|100/100\n|\n|upkeep\n|turn|2\n|\n|t:|1783153432\n|switch|p2a: Starmie|Starmie|100/100\n|move|p1a: Chansey|Sing|p2a: Starmie\n|-status|p2a: Starmie|slp|[from] move: Sing\n|\n|upkeep\n|turn|3\n|\n|t:|1783153436\n|switch|p2a: Chansey|Chansey|100/100\n|switch|p1a: Tauros|Tauros|100/100\n|\n|upkeep\n|turn|4\n|\n|t:|1783153441\n|switch|p1a: Chansey|Chansey|100/100\n|move|p2a: Chansey|Counter|p1a: Chansey\n|-fail|p2a: Chansey\n|\n|upkeep\n|turn|5\n|\n|t:|1783153446\n|switch|p2a: Exeggutor|Exeggutor|100/100\n|move|p1a: Chansey|Thunder Wave|p2a: Exeggutor\n|-status|p2a: Exeggutor|par\n|\n|upkeep\n|turn|6\n|\n|t:|1783153448\n|move|p1a: Chansey|Seismic Toss|p2a: Exeggutor\n|-damage|p2a: Exeggutor|75/100 par\n|move|p2a: Exeggutor|Sleep Powder|p1a: Chansey\n|-status|p1a: Chansey|slp|[from] move: Sleep Powder\n|\n|upkeep\n|turn|7\n|\n|t:|1783153451\n|switch|p1a: Starmie|Starmie|100/100\n|move|p2a: Exeggutor|Stun Spore|p1a: Starmie\n|-status|p1a: Starmie|par\n|\n|upkeep\n|turn|8\n|\n|t:|1783153453\n|switch|p2a: Chansey|Chansey|100/100\n|move|p1a: Starmie|Blizzard|p2a: Chansey|[miss]\n|-miss|p1a: Starmie\n|\n|upkeep\n|turn|9\n|\n|t:|1783153456\n|move|p2a: Chansey|Seismic Toss|p1a: Starmie\n|-damage|p1a: Starmie|70/100 par\n|move|p1a: Starmie|Thunder Wave|p2a: Chansey\n|-status|p2a: Chansey|par\n|\n|upkeep\n|turn|10\n|\n|t:|1783153457\n|move|p1a: Starmie|Recover|p1a: Starmie\n|-heal|p1a: Starmie|100/100 par\n|move|p2a: Chansey|Seismic Toss|p1a: Starmie\n|-damage|p1a: Starmie|70/100 par\n|\n|upkeep\n|turn|11\n|\n|t:|1783153460\n|move|p1a: Starmie|Recover|p1a: Starmie\n|-heal|p1a: Starmie|100/100 par\n|cant|p2a: Chansey|par\n|\n|upkeep\n|turn|12\n|\n|t:|1783153480\n|move|p1a: Starmie|Psychic|p2a: Chansey\n|-damage|p2a: Chansey|87/100 par\n|move|p2a: Chansey|Seismic Toss|p1a: Starmie\n|-damage|p1a: Starmie|70/100 par\n|\n|upkeep\n|turn|13\n|\n|t:|1783153483\n|move|p1a: Starmie|Recover|p1a: Starmie\n|-heal|p1a: Starmie|100/100 par\n|move|p2a: Chansey|Seismic Toss|p1a: Starmie\n|-damage|p1a: Starmie|70/100 par\n|\n|upkeep\n|turn|14\n|\n|t:|1783153484\n|cant|p1a: Starmie|par\n|move|p2a: Chansey|Seismic Toss|p1a: Starmie\n|-damage|p1a: Starmie|39/100 par\n|\n|upkeep\n|turn|15\n|\n|t:|1783153486\n|move|p1a: Starmie|Recover|p1a: Starmie\n|-heal|p1a: Starmie|88/100 par\n|move|p2a: Chansey|Seismic Toss|p1a: Starmie\n|-damage|p1a: Starmie|57/100 par\n|\n|upkeep\n|turn|16\n|\n|t:|1783153488\n|move|p1a: Starmie|Recover|p1a: Starmie\n|-heal|p1a: Starmie|100/100 par\n|cant|p2a: Chansey|par\n|\n|upkeep\n|turn|17\n|\n|t:|1783153490\n|switch|p1a: Rhydon Kuzunoha|Rhydon|100/100\n|move|p2a: Chansey|Seismic Toss|p1a: Rhydon Kuzunoha\n|-damage|p1a: Rhydon Kuzunoha|76/100\n|\n|upkeep\n|turn|18\n|\n|t:|1783153492\n|switch|p2a: Exeggutor|Exeggutor|75/100 par\n|move|p1a: Rhydon Kuzunoha|Rock Slide|p2a: Exeggutor\n|-damage|p2a: Exeggutor|43/100 par\n|\n|upkeep\n|turn|19\n|\n|t:|1783153495\n|switch|p1a: Chansey|Chansey|100/100 slp\n|move|p2a: Exeggutor|Psychic|p1a: Chansey\n|-damage|p1a: Chansey|85/100 slp\n|-unboost|p1a: Chansey|spa|1\n|-unboost|p1a: Chansey|spd|1\n|\n|upkeep\n|turn|20\n|\n|t:|1783153497\n|switch|p1a: Starmie|Starmie|100/100 par\n|cant|p2a: Exeggutor|par\n|\n|upkeep\n|turn|21\n|\n|t:|1783153499\n|switch|p1a: Rhydon Kuzunoha|Rhydon|76/100\n|cant|p2a: Exeggutor|par\n|\n|upkeep\n|turn|22\n|\n|t:|1783153501\n|switch|p1a: Starmie|Starmie|100/100 par\n|move|p2a: Exeggutor|Psychic|p1a: Starmie\n|-resisted|p1a: Starmie\n|-damage|p1a: Starmie|82/100 par\n|\n|upkeep\n|turn|23\n|\n|t:|1783153503\n|switch|p1a: Rhydon Kuzunoha|Rhydon|76/100\n|move|p2a: Exeggutor|Explosion|p1a: Rhydon Kuzunoha\n|-resisted|p1a: Rhydon Kuzunoha\n|-damage|p1a: Rhydon Kuzunoha|48/100\n|faint|p2a: Exeggutor\n|\n|t:|1783153506\n|switch|p2a: Alakazam|Alakazam|100/100\n|turn|24\n|\n|t:|1783153524\n|switch|p1a: Exeggutor|Exeggutor|100/100\n|move|p2a: Alakazam|Psychic|p1a: Exeggutor\n|-resisted|p1a: Exeggutor\n|-damage|p1a: Exeggutor|86/100\n|\n|upkeep\n|turn|25\n|\n|t:|1783153528\n|switch|p2a: Chansey|Chansey|87/100 par\n|switch|p1a: Rhydon Kuzunoha|Rhydon|48/100\n|\n|upkeep\n|turn|26\n|\n|t:|1783153534\n|switch|p2a: Snorlax|Snorlax|100/100\n|move|p1a: Rhydon Kuzunoha|Substitute|p1a: Rhydon Kuzunoha\n|-start|p1a: Rhydon Kuzunoha|Substitute\n|-damage|p1a: Rhydon Kuzunoha|23/100\n|\n|upkeep\n|turn|27\n|\n|t:|1783153536\n|move|p1a: Rhydon Kuzunoha|Earthquake|p2a: Snorlax\n|-damage|p2a: Snorlax|64/100\n|move|p2a: Snorlax|Reflect|p2a: Snorlax\n|-start|p2a: Snorlax|Reflect\n|\n|upkeep\n|turn|28\n|\n|t:|1783153538\n|move|p1a: Rhydon Kuzunoha|Earthquake|p2a: Snorlax\n|-damage|p2a: Snorlax|46/100\n|move|p2a: Snorlax|Earthquake|p1a: Rhydon Kuzunoha\n|-supereffective|p1a: Rhydon Kuzunoha\n|-end|p1a: Rhydon Kuzunoha|Substitute\n|\n|upkeep\n|turn|29\n|\n|t:|1783153540\n|switch|p1a: Exeggutor|Exeggutor|86/100\n|move|p2a: Snorlax|Body Slam|p1a: Exeggutor\n|-damage|p1a: Exeggutor|54/100\n|\n|upkeep\n|turn|30\n|\n|t:|1783153542\n|move|p1a: Exeggutor|Psychic|p2a: Snorlax\n|-damage|p2a: Snorlax|13/100\n|-unboost|p2a: Snorlax|spa|1\n|-unboost|p2a: Snorlax|spd|1\n|move|p2a: Snorlax|Body Slam|p1a: Exeggutor\n|-damage|p1a: Exeggutor|26/100\n|\n|upkeep\n|turn|31\n|\n|t:|1783153555\n|switch|p1a: Rhydon Kuzunoha|Rhydon|23/100\n|switch|p2a: Chansey|Chansey|87/100 par\n|\n|upkeep\n|turn|32\n|\n|t:|1783153562\n|move|p1a: Rhydon Kuzunoha|Earthquake|p2a: Chansey\n|-damage|p2a: Chansey|35/100 par\n|cant|p2a: Chansey|par\n|\n|upkeep\n|turn|33\n|\n|t:|1783153571\n|switch|p2a: Starmie|Starmie|100/100 slp\n|move|p1a: Rhydon Kuzunoha|Earthquake|p2a: Starmie\n|-damage|p2a: Starmie|55/100 slp\n|\n|upkeep\n|turn|34\n|\n|t:|1783153573\n|cant|p2a: Starmie|slp\n|move|p1a: Rhydon Kuzunoha|Earthquake|p2a: Starmie\n|-damage|p2a: Starmie|8/100 slp\n|\n|upkeep\n|turn|35\n|\n|t:|1783153576\n|cant|p2a: Starmie|slp\n|move|p1a: Rhydon Kuzunoha|Earthquake|p2a: Starmie\n|-damage|p2a: Starmie|0 fnt\n|faint|p2a: Starmie\n|\n|t:|1783153578\n|switch|p2a: Alakazam|Alakazam|100/100\n|turn|36\n|\n|t:|1783153606\n|switch|p1a: Exeggutor|Exeggutor|26/100\n|move|p2a: Alakazam|Seismic Toss|p1a: Exeggutor\n|-damage|p1a: Exeggutor|0 fnt\n|faint|p1a: Exeggutor\n|\n|t:|1783153611\n|switch|p1a: Snorlax|Snorlax|100/100\n|turn|37\n|\n|t:|1783153623\n|switch|p2a: Chansey|Chansey|35/100 par\n|move|p1a: Snorlax|Body Slam|p2a: Chansey\n|-damage|p2a: Chansey|0 fnt\n|faint|p2a: Chansey\n|\n|t:|1783153625\n|switch|p2a: Snorlax|Snorlax|13/100\n|turn|38\n|\n|t:|1783153627\n|move|p1a: Snorlax|Body Slam|p2a: Snorlax\n|-damage|p2a: Snorlax|0 fnt\n|faint|p2a: Snorlax\n|\n|t:|1783153637\n|switch|p2a: Tauros|Tauros|100/100\n|turn|39\n|\n|t:|1783153640\n|move|p2a: Tauros|Blizzard|p1a: Snorlax\n|-crit|p1a: Snorlax\n|-damage|p1a: Snorlax|64/100\n|move|p1a: Snorlax|Body Slam|p2a: Tauros\n|-damage|p2a: Tauros|70/100\n|\n|upkeep\n|turn|40\n|\n|t:|1783153649\n|move|p2a: Tauros|Body Slam|p1a: Snorlax\n|-damage|p1a: Snorlax|41/100\n|move|p1a: Snorlax|Hyper Beam|p2a: Tauros|[miss]\n|-miss|p1a: Snorlax\n|\n|upkeep\n|turn|41\n|\n|t:|1783153662\n|switch|p1a: Chansey|Chansey|85/100 slp\n|move|p2a: Tauros|Hyper Beam|p1a: Chansey\n|-damage|p1a: Chansey|21/100 slp\n|-mustrecharge|p2a: Tauros\n|\n|upkeep\n|turn|42\n|\n|t:|1783153668\n|switch|p1a: Starmie|Starmie|82/100 par\n|cant|p2a: Tauros|recharge\n|\n|upkeep\n|turn|43\n|\n|t:|1783153673\n|move|p2a: Tauros|Body Slam|p1a: Starmie\n|-damage|p1a: Starmie|47/100 par\n|move|p1a: Starmie|Thunder Wave|p2a: Tauros\n|-status|p2a: Tauros|par\n|\n|upkeep\n|turn|44\n|\n|t:|1783153679\n|switch|p1a: Rhydon Kuzunoha|Rhydon|23/100\n|move|p2a: Tauros|Hyper Beam|p1a: Rhydon Kuzunoha\n|-resisted|p1a: Rhydon Kuzunoha\n|-damage|p1a: Rhydon Kuzunoha|5/100\n|-mustrecharge|p2a: Tauros\n|\n|upkeep\n|turn|45\n|\n|t:|1783153681\n|move|p1a: Rhydon Kuzunoha|Earthquake|p2a: Tauros\n|-crit|p2a: Tauros\n|-damage|p2a: Tauros|0 fnt\n|faint|p2a: Tauros\n|\n|t:|1783153684\n|switch|p2a: Alakazam|Alakazam|100/100\n|turn|46\n|\n|t:|1783153696\n|switch|p1a: Chansey|Chansey|21/100 slp\n|move|p2a: Alakazam|Seismic Toss|p1a: Chansey\n|-damage|p1a: Chansey|6/100 slp\n|\n|upkeep\n|turn|47\n|\n|t:|1783153699\n|move|p2a: Alakazam|Seismic Toss|p1a: Chansey\n|-damage|p1a: Chansey|0 fnt\n|faint|p1a: Chansey\n|\n|t:|1783153701\n|switch|p1a: Starmie|Starmie|47/100 par\n|turn|48\n|\n|t:|1783153704\n|move|p2a: Alakazam|Seismic Toss|p1a: Starmie\n|-damage|p1a: Starmie|16/100 par\n|move|p1a: Starmie|Thunder Wave|p2a: Alakazam\n|-status|p2a: Alakazam|par\n|\n|upkeep\n|turn|49\n|\n|t:|1783153711\n|move|p2a: Alakazam|Seismic Toss|p1a: Starmie\n|-damage|p1a: Starmie|0 fnt\n|faint|p1a: Starmie\n|\n|t:|1783153712\n|switch|p1a: Rhydon Kuzunoha|Rhydon|5/100\n|turn|50\n|\n|t:|1783153714\n|move|p1a: Rhydon Kuzunoha|Earthquake|p2a: Alakazam\n|-damage|p2a: Alakazam|25/100 par\n|move|p2a: Alakazam|Seismic Toss|p1a: Rhydon Kuzunoha\n|-damage|p1a: Rhydon Kuzunoha|0 fnt\n|faint|p1a: Rhydon Kuzunoha\n|\n|t:|1783153716\n|switch|p1a: Snorlax|Snorlax|41/100\n|turn|51\n|\n|t:|1783153717\n|move|p1a: Snorlax|Body Slam|p2a: Alakazam\n|-damage|p2a: Alakazam|0 fnt\n|faint|p2a: Alakazam\n|\n|win|RoboKyII\n|c|☆stunner047|gg\n","uploadtime":1783153717,"views":"50","formatid":"gen1ou","rating":null,"private":2,"password":null}