{"id":"smogtours-gen1ou-956685","format":"[Gen 1] OU","players":["Cakeconnesseur","SOULWIND"],"log":"|inactive|Battle timer is ON: inactive players will automatically lose when time's up.\n|t:|1784323428\n|gametype|singles\n|player|p1|Cakeconnesseur|#adpl9|\n|player|p2|SOULWIND|#wcop2024spain2|\n|gen|1\n|tier|[Gen 1] OU\n|rule|Desync Clause Mod: Desyncs resolve to link battle behavior from the acting player's perspective.\n|rule|HP Percentage Mod: HP is shown in percentages\n|rule|Endless Battle Clause: Forcing endless battles is banned\n|rule|Sleep Clause Mod: Limit one foe put to sleep\n|rule|Freeze Clause Mod: Limit one foe frozen\n|rule|Species Clause: Limit one of each Pokémon\n|rule|OHKO Clause: OHKO moves are banned\n|rule|Evasion Moves Clause: Evasion moves are banned\n|\n|t:|1784323428\n|teamsize|p1|6\n|teamsize|p2|6\n|start\n|switch|p1a: Tauros|Tauros|100/100\n|switch|p2a: Starmie|Starmie|100/100\n|turn|1\n|\n|t:|1784323442\n|switch|p2a: Exeggutor|Exeggutor|100/100\n|switch|p1a: Chansey|Chansey|100/100\n|\n|upkeep\n|turn|2\n|c|☆SOULWIND|/log SOULWIND made the replay of this battle unlisted.\n|inactive|Cakeconnesseur has 270 seconds left.\n|\n|t:|1784323482\n|switch|p1a: Rhydon|Rhydon|100/100\n|move|p2a: Exeggutor|Sleep Powder|p1a: Rhydon\n|-status|p1a: Rhydon|slp|[from] move: Sleep Powder\n|\n|upkeep\n|turn|3\n|inactive|Cakeconnesseur has 270 seconds left.\n|\n|t:|1784323493\n|switch|p1a: Chansey|Chansey|100/100\n|move|p2a: Exeggutor|Stun Spore|p1a: Chansey\n|-status|p1a: Chansey|par\n|\n|upkeep\n|turn|4\n|\n|t:|1784323500\n|move|p2a: Exeggutor|Psychic|p1a: Chansey\n|-damage|p1a: Chansey|83/100 par\n|-unboost|p1a: Chansey|spa|1\n|-unboost|p1a: Chansey|spd|1\n|move|p1a: Chansey|Ice Beam|p2a: Exeggutor\n|-supereffective|p2a: Exeggutor\n|-damage|p2a: Exeggutor|79/100\n|-status|p2a: Exeggutor|frz\n|\n|upkeep\n|turn|5\n|\n|t:|1784323509\n|cant|p2a: Exeggutor|frz\n|cant|p1a: Chansey|par\n|\n|upkeep\n|turn|6\n|\n|t:|1784323513\n|switch|p2a: Snorlax|Snorlax|100/100\n|cant|p1a: Chansey|par\n|\n|upkeep\n|turn|7\n|\n|t:|1784323517\n|switch|p1a: Snorlax|Snorlax|100/100\n|move|p2a: Snorlax|Body Slam|p1a: Snorlax\n|-damage|p1a: Snorlax|75/100\n|\n|upkeep\n|turn|8\n|\n|t:|1784323522\n|switch|p2a: Chansey|Chansey|100/100\n|move|p1a: Snorlax|Body Slam|p2a: Chansey\n|-crit|p2a: Chansey\n|-damage|p2a: Chansey|25/100\n|\n|upkeep\n|turn|9\n|\n|t:|1784323540\n|switch|p1a: Chansey|Chansey|83/100 par\n|move|p2a: Chansey|Soft-Boiled|p2a: Chansey\n|-heal|p2a: Chansey|75/100\n|\n|upkeep\n|turn|10\n|\n|t:|1784323547\n|switch|p2a: Snorlax|Snorlax|100/100\n|move|p1a: Chansey|Sing|p2a: Snorlax\n|-status|p2a: Snorlax|slp|[from] move: Sing\n|\n|upkeep\n|turn|11\n|\n|t:|1784323552\n|switch|p1a: Tauros|Tauros|100/100\n|cant|p2a: Snorlax|slp\n|\n|upkeep\n|turn|12\n|\n|t:|1784323556\n|move|p1a: Tauros|Body Slam|p2a: Snorlax\n|-damage|p2a: Snorlax|75/100 slp\n|cant|p2a: Snorlax|slp\n|\n|upkeep\n|turn|13\n|\n|t:|1784323560\n|switch|p2a: Starmie|Starmie|100/100\n|move|p1a: Tauros|Body Slam|p2a: Starmie\n|-damage|p2a: Starmie|66/100\n|\n|upkeep\n|turn|14\n|\n|t:|1784323567\n|switch|p1a: Chansey|Chansey|83/100 par\n|move|p2a: Starmie|Thunder Wave|p1a: Chansey\n|-fail|p1a: Chansey|par\n|\n|upkeep\n|turn|15\n|\n|t:|1784323571\n|move|p2a: Starmie|Recover|p2a: Starmie\n|-heal|p2a: Starmie|100/100\n|cant|p1a: Chansey|par\n|\n|upkeep\n|turn|16\n|\n|t:|1784323575\n|switch|p2a: Snorlax|Snorlax|75/100 slp\n|move|p1a: Chansey|Ice Beam|p2a: Snorlax\n|-damage|p2a: Snorlax|57/100 slp\n|\n|upkeep\n|turn|17\n|\n|t:|1784323577\n|switch|p1a: Tauros|Tauros|100/100\n|-curestatus|p2a: Snorlax|slp|[msg]\n|\n|upkeep\n|turn|18\n|\n|t:|1784323582\n|switch|p2a: Starmie|Starmie|100/100\n|move|p1a: Tauros|Body Slam|p2a: Starmie\n|-damage|p2a: Starmie|68/100\n|\n|upkeep\n|turn|19\n|\n|t:|1784323588\n|switch|p1a: Chansey|Chansey|83/100 par\n|move|p2a: Starmie|Recover|p2a: Starmie\n|-heal|p2a: Starmie|100/100\n|\n|upkeep\n|turn|20\n|\n|t:|1784323613\n|move|p2a: Starmie|Surf|p1a: Chansey\n|-damage|p1a: Chansey|68/100 par\n|cant|p1a: Chansey|par\n|\n|upkeep\n|turn|21\n|\n|t:|1784323618\n|switch|p2a: Snorlax|Snorlax|57/100\n|cant|p1a: Chansey|par\n|\n|upkeep\n|turn|22\n|\n|t:|1784323621\n|switch|p1a: Rhydon|Rhydon|100/100 slp\n|move|p2a: Snorlax|Body Slam|p1a: Rhydon\n|-resisted|p1a: Rhydon\n|-damage|p1a: Rhydon|90/100 slp\n|\n|upkeep\n|turn|23\n|\n|t:|1784323624\n|-curestatus|p1a: Rhydon|slp|[msg]\n|move|p2a: Snorlax|Body Slam|p1a: Rhydon\n|-resisted|p1a: Rhydon\n|-damage|p1a: Rhydon|79/100\n|\n|upkeep\n|turn|24\n|\n|t:|1784323632\n|switch|p2a: Starmie|Starmie|100/100\n|move|p1a: Rhydon|Earthquake|p2a: Starmie|[miss]\n|-miss|p1a: Rhydon\n|-hint|In Gen 1, moves with 100% accuracy can still miss 1/256 of the time.\n|\n|upkeep\n|turn|25\n|\n|t:|1784323640\n|switch|p2a: Rhydon|Rhydon|100/100\n|switch|p1a: Exeggutor|Exeggutor|100/100\n|\n|upkeep\n|turn|26\n|\n|t:|1784323650\n|switch|p2a: Starmie|Starmie|100/100\n|move|p1a: Exeggutor|Psychic|p2a: Starmie\n|-resisted|p2a: Starmie\n|-damage|p2a: Starmie|81/100\n|\n|upkeep\n|turn|27\n|\n|t:|1784323656\n|switch|p1a: Chansey|Chansey|68/100 par\n|move|p2a: Starmie|Surf|p1a: Chansey\n|-damage|p1a: Chansey|53/100 par\n|\n|upkeep\n|turn|28\n|\n|t:|1784323659\n|switch|p2a: Rhydon|Rhydon|100/100\n|move|p1a: Chansey|Soft-Boiled|p1a: Chansey\n|-heal|p1a: Chansey|100/100 par\n|\n|upkeep\n|turn|29\n|\n|t:|1784323662\n|switch|p1a: Exeggutor|Exeggutor|100/100\n|move|p2a: Rhydon|Earthquake|p1a: Exeggutor\n|-resisted|p1a: Exeggutor\n|-damage|p1a: Exeggutor|81/100\n|\n|upkeep\n|turn|30\n|\n|t:|1784323667\n|switch|p2a: Starmie|Starmie|81/100\n|move|p1a: Exeggutor|Psychic|p2a: Starmie\n|-resisted|p2a: Starmie\n|-damage|p2a: Starmie|62/100\n|\n|upkeep\n|turn|31\n|\n|t:|1784323670\n|switch|p1a: Chansey|Chansey|100/100 par\n|move|p2a: Starmie|Recover|p2a: Starmie\n|-heal|p2a: Starmie|100/100\n|\n|upkeep\n|turn|32\n|\n|t:|1784323674\n|move|p2a: Starmie|Surf|p1a: Chansey\n|-damage|p1a: Chansey|84/100 par\n|cant|p1a: Chansey|par\n|\n|upkeep\n|turn|33\n|\n|t:|1784323687\n|move|p2a: Starmie|Surf|p1a: Chansey\n|-damage|p1a: Chansey|67/100 par\n|move|p1a: Chansey|Ice Beam|p2a: Starmie\n|-resisted|p2a: Starmie\n|-damage|p2a: Starmie|88/100\n|\n|upkeep\n|turn|34\n|\n|t:|1784323691\n|switch|p2a: Snorlax|Snorlax|57/100\n|move|p1a: Chansey|Sing|p2a: Snorlax|[miss]\n|-miss|p1a: Chansey\n|\n|upkeep\n|turn|35\n|\n|t:|1784323695\n|switch|p1a: Rhydon|Rhydon|79/100\n|move|p2a: Snorlax|Body Slam|p1a: Rhydon\n|-resisted|p1a: Rhydon\n|-damage|p1a: Rhydon|67/100\n|\n|upkeep\n|turn|36\n|\n|t:|1784323699\n|move|p1a: Rhydon|Earthquake|p2a: Snorlax\n|-damage|p2a: Snorlax|25/100\n|move|p2a: Snorlax|Reflect|p2a: Snorlax\n|-start|p2a: Snorlax|Reflect\n|\n|upkeep\n|turn|37\n|\n|t:|1784323705\n|switch|p1a: Exeggutor|Exeggutor|81/100\n|move|p2a: Snorlax|Rest|p2a: Snorlax\n|-status|p2a: Snorlax|slp|[from] move: Rest\n|-heal|p2a: Snorlax|100/100 slp|[silent]\n|\n|upkeep\n|turn|38\n|\n|t:|1784323709\n|switch|p2a: Starmie|Starmie|88/100\n|move|p1a: Exeggutor|Psychic|p2a: Starmie\n|-resisted|p2a: Starmie\n|-damage|p2a: Starmie|68/100\n|-unboost|p2a: Starmie|spa|1\n|-unboost|p2a: Starmie|spd|1\n|\n|upkeep\n|turn|39\n|\n|t:|1784323722\n|switch|p1a: Chansey|Chansey|67/100 par\n|move|p2a: Starmie|Recover|p2a: Starmie\n|-heal|p2a: Starmie|100/100\n|\n|upkeep\n|turn|40\n|\n|t:|1784323725\n|switch|p2a: Snorlax|Snorlax|100/100 slp\n|move|p1a: Chansey|Soft-Boiled|p1a: Chansey\n|-heal|p1a: Chansey|100/100 par\n|\n|upkeep\n|turn|41\n|\n|t:|1784323742\n|switch|p1a: Snorlax|Snorlax|75/100\n|cant|p2a: Snorlax|slp\n|\n|upkeep\n|turn|42\n|\n|t:|1784323746\n|switch|p2a: Chansey|Chansey|75/100\n|move|p1a: Snorlax|Body Slam|p2a: Chansey\n|-damage|p2a: Chansey|35/100\n|\n|upkeep\n|turn|43\n|\n|t:|1784323751\n|move|p2a: Chansey|Soft-Boiled|p2a: Chansey\n|-heal|p2a: Chansey|85/100\n|move|p1a: Snorlax|Body Slam|p2a: Chansey\n|-damage|p2a: Chansey|41/100\n|\n|upkeep\n|turn|44\n|\n|t:|1784323756\n|move|p2a: Chansey|Soft-Boiled|p2a: Chansey\n|-heal|p2a: Chansey|91/100\n|move|p1a: Snorlax|Body Slam|p2a: Chansey\n|-damage|p2a: Chansey|49/100\n|\n|upkeep\n|turn|45\n|\n|t:|1784323761\n|move|p2a: Chansey|Soft-Boiled|p2a: Chansey\n|-heal|p2a: Chansey|99/100\n|move|p1a: Snorlax|Body Slam|p2a: Chansey\n|-damage|p2a: Chansey|61/100\n|\n|upkeep\n|turn|46\n|\n|t:|1784323766\n|move|p2a: Chansey|Soft-Boiled|p2a: Chansey\n|-heal|p2a: Chansey|100/100\n|move|p1a: Snorlax|Body Slam|p2a: Chansey\n|-damage|p2a: Chansey|62/100\n|\n|upkeep\n|turn|47\n|\n|t:|1784323771\n|switch|p1a: Chansey|Chansey|100/100 par\n|move|p2a: Chansey|Counter|p1a: Chansey\n|-damage|p1a: Chansey|23/100 par\n|\n|upkeep\n|turn|48\n|\n|t:|1784323777\n|switch|p2a: Rhydon|Rhydon|100/100\n|move|p1a: Chansey|Soft-Boiled|p1a: Chansey\n|-heal|p1a: Chansey|73/100 par\n|\n|upkeep\n|turn|49\n|\n|t:|1784323782\n|switch|p1a: Exeggutor|Exeggutor|81/100\n|move|p2a: Rhydon|Body Slam|p1a: Exeggutor\n|-damage|p1a: Exeggutor|60/100\n|\n|upkeep\n|turn|50\n|\n|t:|1784323786\n|switch|p2a: Starmie|Starmie|100/100\n|move|p1a: Exeggutor|Mega Drain|p2a: Starmie\n|-supereffective|p2a: Starmie\n|-damage|p2a: Starmie|66/100\n|-heal|p1a: Exeggutor|74/100|[from] drain|[of] p2a: Starmie\n|\n|upkeep\n|turn|51\n|\n|t:|1784323792\n|switch|p1a: Chansey|Chansey|73/100 par\n|move|p2a: Starmie|Recover|p2a: Starmie\n|-heal|p2a: Starmie|100/100\n|\n|upkeep\n|turn|52\n|\n|t:|1784323796\n|switch|p2a: Snorlax|Snorlax|100/100 slp\n|switch|p1a: Snorlax|Snorlax|75/100\n|\n|upkeep\n|turn|53\n|\n|t:|1784323800\n|move|p1a: Snorlax|Body Slam|p2a: Snorlax\n|-damage|p2a: Snorlax|72/100 slp\n|-curestatus|p2a: Snorlax|slp|[msg]\n|\n|upkeep\n|turn|54\n|\n|t:|1784323804\n|switch|p2a: Chansey|Chansey|62/100\n|move|p1a: Snorlax|Body Slam|p2a: Chansey\n|-damage|p2a: Chansey|23/100\n|\n|upkeep\n|turn|55\n|\n|t:|1784323807\n|move|p2a: Chansey|Soft-Boiled|p2a: Chansey\n|-heal|p2a: Chansey|73/100\n|move|p1a: Snorlax|Hyper Beam|p2a: Chansey|[miss]\n|-miss|p1a: Snorlax\n|\n|upkeep\n|turn|56\n|\n|t:|1784323815\n|move|p2a: Chansey|Soft-Boiled|p2a: Chansey\n|-heal|p2a: Chansey|100/100\n|move|p1a: Snorlax|Earthquake|p2a: Chansey\n|-damage|p2a: Chansey|70/100\n|\n|upkeep\n|turn|57\n|\n|t:|1784323822\n|switch|p1a: Chansey|Chansey|73/100 par\n|move|p2a: Chansey|Thunder Wave|p1a: Chansey\n|-fail|p1a: Chansey|par\n|\n|upkeep\n|turn|58\n|\n|t:|1784323826\n|move|p2a: Chansey|Soft-Boiled|p2a: Chansey\n|-heal|p2a: Chansey|100/100\n|move|p1a: Chansey|Sing|p2a: Chansey|[miss]\n|-miss|p1a: Chansey\n|\n|upkeep\n|turn|59\n|inactive|SOULWIND has 270 seconds left.\n|\n|t:|1784323856\n|switch|p2a: Snorlax|Snorlax|72/100\n|move|p1a: Chansey|Sing|p2a: Snorlax\n|-status|p2a: Snorlax|slp|[from] move: Sing\n|\n|upkeep\n|turn|60\n|inactive|SOULWIND has 270 seconds left.\n|\n|t:|1784323867\n|switch|p2a: Starmie|Starmie|100/100\n|switch|p1a: Tauros|Tauros|100/100\n|\n|upkeep\n|turn|61\n|\n|t:|1784323873\n|switch|p2a: Rhydon|Rhydon|100/100\n|switch|p1a: Chansey|Chansey|73/100 par\n|\n|upkeep\n|turn|62\n|\n|t:|1784323878\n|switch|p1a: Exeggutor|Exeggutor|74/100\n|move|p2a: Rhydon|Body Slam|p1a: Exeggutor\n|-damage|p1a: Exeggutor|49/100\n|\n|upkeep\n|turn|63\n|\n|t:|1784323881\n|switch|p2a: Chansey|Chansey|100/100\n|move|p1a: Exeggutor|Stun Spore|p2a: Chansey\n|-status|p2a: Chansey|par\n|\n|upkeep\n|turn|64\n|\n|t:|1784323886\n|switch|p2a: Exeggutor|Exeggutor|79/100 frz\n|move|p1a: Exeggutor|Psychic|p2a: Exeggutor\n|-resisted|p2a: Exeggutor\n|-damage|p2a: Exeggutor|64/100 frz\n|\n|upkeep\n|turn|65\n|\n|t:|1784323890\n|switch|p2a: Chansey|Chansey|100/100 par\n|move|p1a: Exeggutor|Psychic|p2a: Chansey\n|-damage|p2a: Chansey|83/100 par\n|\n|upkeep\n|turn|66\n|\n|t:|1784323894\n|move|p1a: Exeggutor|Explosion|p2a: Chansey\n|-damage|p2a: Chansey|0 fnt\n|faint|p2a: Chansey\n|faint|p1a: Exeggutor\n|inactive|Cakeconnesseur has 270 seconds left.\n|\n|t:|1784323938\n|switch|p1a: Starmie|Starmie|100/100\n|switch|p2a: Starmie|Starmie|100/100\n|turn|67\n|\n|t:|1784323944\n|switch|p1a: Chansey|Chansey|73/100 par\n|move|p2a: Starmie|Thunder Wave|p1a: Chansey\n|-fail|p1a: Chansey|par\n|\n|upkeep\n|turn|68\n|\n|t:|1784323953\n|move|p2a: Starmie|Surf|p1a: Chansey\n|-damage|p1a: Chansey|56/100 par\n|move|p1a: Chansey|Ice Beam|p2a: Starmie\n|-resisted|p2a: Starmie\n|-damage|p2a: Starmie|89/100\n|\n|upkeep\n|turn|69\n|\n|t:|1784323960\n|move|p2a: Starmie|Surf|p1a: Chansey\n|-damage|p1a: Chansey|41/100 par\n|move|p1a: Chansey|Ice Beam|p2a: Starmie\n|-resisted|p2a: Starmie\n|-damage|p2a: Starmie|77/100\n|\n|upkeep\n|turn|70\n|\n|t:|1784323969\n|switch|p2a: Tauros|Tauros|100/100\n|cant|p1a: Chansey|par\n|\n|upkeep\n|turn|71\n|\n|t:|1784323989\n|switch|p1a: Rhydon|Rhydon|67/100\n|move|p2a: Tauros|Body Slam|p1a: Rhydon|[miss]\n|-miss|p2a: Tauros\n|-hint|In Gen 1, moves with 100% accuracy can still miss 1/256 of the time.\n|\n|upkeep\n|turn|72\n|\n|t:|1784323994\n|switch|p1a: Starmie|Starmie|100/100\n|move|p2a: Tauros|Body Slam|p1a: Starmie\n|-damage|p1a: Starmie|66/100\n|\n|upkeep\n|turn|73\n|\n|t:|1784323998\n|move|p1a: Starmie|Thunder Wave|p2a: Tauros\n|-status|p2a: Tauros|par\n|move|p2a: Tauros|Body Slam|p1a: Starmie\n|-crit|p1a: Starmie\n|-damage|p1a: Starmie|0 fnt\n|faint|p1a: Starmie\n|inactive|Cakeconnesseur has 270 seconds left.\n|\n|t:|1784324042\n|switch|p1a: Snorlax|Snorlax|75/100\n|turn|74\n|inactive|Cakeconnesseur has 270 seconds left.\n|\n|t:|1784324055\n|switch|p2a: Rhydon|Rhydon|100/100\n|move|p1a: Snorlax|Body Slam|p2a: Rhydon\n|-crit|p2a: Rhydon\n|-resisted|p2a: Rhydon\n|-damage|p2a: Rhydon|78/100\n|\n|upkeep\n|turn|75\n|\n|t:|1784324062\n|move|p2a: Rhydon|Earthquake|p1a: Snorlax\n|-damage|p1a: Snorlax|41/100\n|move|p1a: Snorlax|Earthquake|p2a: Rhydon\n|-crit|p2a: Rhydon\n|-supereffective|p2a: Rhydon\n|-damage|p2a: Rhydon|4/100\n|\n|upkeep\n|turn|76\n|\n|t:|1784324068\n|move|p2a: Rhydon|Earthquake|p1a: Snorlax\n|-damage|p1a: Snorlax|5/100\n|move|p1a: Snorlax|Body Slam|p2a: Rhydon\n|-resisted|p2a: Rhydon\n|-damage|p2a: Rhydon|0 fnt\n|faint|p2a: Rhydon\n|\n|t:|1784324072\n|switch|p2a: Starmie|Starmie|77/100\n|turn|77\n|\n|t:|1784324075\n|switch|p1a: Chansey|Chansey|41/100 par\n|move|p2a: Starmie|Surf|p1a: Chansey\n|-damage|p1a: Chansey|26/100 par\n|\n|upkeep\n|turn|78\n|\n|t:|1784324079\n|move|p2a: Starmie|Surf|p1a: Chansey\n|-damage|p1a: Chansey|9/100 par\n|cant|p1a: Chansey|par\n|\n|upkeep\n|turn|79\n|\n|t:|1784324084\n|move|p2a: Starmie|Surf|p1a: Chansey\n|-damage|p1a: Chansey|0 fnt\n|faint|p1a: Chansey\n|\n|t:|1784324084\n|switch|p1a: Tauros|Tauros|100/100\n|turn|80\n|inactive|SOULWIND has 270 seconds left.\n|\n|t:|1784324121\n|switch|p2a: Exeggutor|Exeggutor|64/100 frz\n|move|p1a: Tauros|Body Slam|p2a: Exeggutor\n|-crit|p2a: Exeggutor\n|-damage|p2a: Exeggutor|13/100 frz\n|\n|upkeep\n|turn|81\n|\n|t:|1784324130\n|switch|p1a: Rhydon|Rhydon|67/100\n|cant|p2a: Exeggutor|frz\n|\n|upkeep\n|turn|82\n|\n|t:|1784324138\n|switch|p2a: Starmie|Starmie|77/100\n|move|p1a: Rhydon|Substitute|p1a: Rhydon\n|-start|p1a: Rhydon|Substitute\n|-damage|p1a: Rhydon|42/100\n|\n|upkeep\n|turn|83\n|\n|t:|1784324141\n|move|p2a: Starmie|Surf|p1a: Rhydon\n|-supereffective|p1a: Rhydon\n|-end|p1a: Rhydon|Substitute\n|move|p1a: Rhydon|Body Slam|p2a: Starmie\n|-damage|p2a: Starmie|50/100\n|\n|upkeep\n|turn|84\n|\n|t:|1784324150\n|move|p2a: Starmie|Surf|p1a: Rhydon\n|-supereffective|p1a: Rhydon\n|-damage|p1a: Rhydon|0 fnt\n|faint|p1a: Rhydon\n|\n|t:|1784324151\n|switch|p1a: Tauros|Tauros|100/100\n|turn|85\n|\n|t:|1784324157\n|switch|p2a: Exeggutor|Exeggutor|13/100 frz\n|move|p1a: Tauros|Body Slam|p2a: Exeggutor\n|-damage|p2a: Exeggutor|0 fnt\n|faint|p2a: Exeggutor\n|\n|t:|1784324160\n|switch|p2a: Tauros|Tauros|100/100 par\n|turn|86\n|\n|t:|1784324165\n|move|p1a: Tauros|Body Slam|p2a: Tauros\n|-damage|p2a: Tauros|73/100 par\n|move|p2a: Tauros|Body Slam|p1a: Tauros\n|-crit|p1a: Tauros\n|-damage|p1a: Tauros|41/100\n|\n|upkeep\n|turn|87\n|\n|t:|1784324171\n|move|p1a: Tauros|Body Slam|p2a: Tauros\n|-damage|p2a: Tauros|43/100 par\n|cant|p2a: Tauros|par\n|\n|upkeep\n|turn|88\n|\n|t:|1784324186\n|move|p1a: Tauros|Hyper Beam|p2a: Tauros|[miss]\n|-miss|p1a: Tauros\n|move|p2a: Tauros|Body Slam|p1a: Tauros\n|-damage|p1a: Tauros|10/100\n|\n|upkeep\n|turn|89\n|\n|t:|1784324199\n|move|p1a: Tauros|Hyper Beam|p2a: Tauros\n|-crit|p2a: Tauros\n|-damage|p2a: Tauros|0 fnt\n|faint|p2a: Tauros\n|\n|t:|1784324203\n|switch|p2a: Starmie|Starmie|50/100\n|turn|90\n|\n|t:|1784324206\n|move|p2a: Starmie|Surf|p1a: Tauros\n|-crit|p1a: Tauros\n|-damage|p1a: Tauros|0 fnt\n|faint|p1a: Tauros\n|\n|t:|1784324207\n|switch|p1a: Snorlax|Snorlax|5/100\n|turn|91\n|\n|t:|1784324210\n|move|p2a: Starmie|Surf|p1a: Snorlax\n|-damage|p1a: Snorlax|0 fnt\n|faint|p1a: Snorlax\n|\n|win|SOULWIND\n|player|p1|\n|player|p2|\n","uploadtime":1784324210,"views":"100","formatid":"gen1ou","rating":null,"private":2,"password":null}