{"id":"smogtours-gen1ou-818447","format":"[Gen 1] OU","players":["chuva de perereca","Kaz"],"log":"|inactive|Battle timer is ON: inactive players will automatically lose when time's up.\n|t:|1738966594\n|gametype|singles\n|player|p1|chuva de perereca|lyra|\n|player|p2|Kaz|red|\n|teamsize|p1|6\n|teamsize|p2|6\n|gen|1\n|tier|[Gen 1] OU\n|rule|Desync Clause Mod: Desyncs changed to move failure.\n|rule|Sleep Clause Mod: Limit one foe put to sleep\n|rule|Freeze Clause Mod: Limit one foe frozen\n|rule|Species Clause: Limit one of each Pokémon\n|rule|OHKO Clause: OHKO moves are banned\n|rule|Evasion Moves Clause: Evasion moves are banned\n|rule|Endless Battle Clause: Forcing endless battles is banned\n|rule|HP Percentage Mod: HP is shown in percentages\n|\n|t:|1738966594\n|start\n|switch|p1a: Alakazam|Alakazam|100/100\n|switch|p2a: Gengar|Gengar|100/100\n|turn|1\n|rated|Smogon Premier League\n|c|☆chuva de perereca|hf\n|c|☆Kaz|hf\n|\n|t:|1738966617\n|switch|p1a: Gengar|Gengar|100/100\n|switch|p2a: Exeggutor|Exeggutor|100/100\n|\n|upkeep\n|turn|2\n|\n|t:|1738966628\n|switch|p2a: Gengar|Gengar|100/100\n|move|p1a: Gengar|Hypnosis|p2a: Gengar\n|-status|p2a: Gengar|slp|[from] move: Hypnosis\n|\n|upkeep\n|turn|3\n|inactive|Kaz has 270 seconds left.\n|\n|t:|1738966666\n|switch|p1a: Alakazam|Alakazam|100/100\n|switch|p2a: Snorlax|Snorlax|100/100\n|\n|upkeep\n|turn|4\n|inactive|Kaz has 270 seconds left.\n|\n|t:|1738966685\n|switch|p1a: Snorlax|Snorlax|100/100\n|move|p2a: Snorlax|Body Slam|p1a: Snorlax\n|-damage|p1a: Snorlax|72/100\n|\n|upkeep\n|turn|5\n|\n|t:|1738966690\n|move|p2a: Snorlax|Reflect|p2a: Snorlax\n|-start|p2a: Snorlax|Reflect\n|move|p1a: Snorlax|Body Slam|p2a: Snorlax\n|-damage|p2a: Snorlax|86/100\n|\n|upkeep\n|turn|6\n|\n|t:|1738966694\n|switch|p1a: Exeggutor|Exeggutor|100/100\n|move|p2a: Snorlax|Earthquake|p1a: Exeggutor\n|-resisted|p1a: Exeggutor\n|-damage|p1a: Exeggutor|90/100\n|\n|upkeep\n|turn|7\n|\n|t:|1738966698\n|switch|p2a: Exeggutor|Exeggutor|100/100\n|move|p1a: Exeggutor|Stun Spore|p2a: Exeggutor\n|-status|p2a: Exeggutor|par\n|\n|upkeep\n|turn|8\n|\n|t:|1738966710\n|switch|p1a: Gengar|Gengar|100/100\n|move|p2a: Exeggutor|Sleep Powder|p1a: Gengar|[miss]\n|-miss|p2a: Exeggutor\n|\n|upkeep\n|turn|9\n|\n|t:|1738966723\n|switch|p1a: Alakazam|Alakazam|100/100\n|move|p2a: Exeggutor|Psychic|p1a: Alakazam\n|-resisted|p1a: Alakazam\n|-damage|p1a: Alakazam|85/100\n|-unboost|p1a: Alakazam|spa|1\n|-unboost|p1a: Alakazam|spd|1\n|\n|upkeep\n|turn|10\n|\n|t:|1738966733\n|move|p1a: Alakazam|Seismic Toss|p2a: Exeggutor\n|-damage|p2a: Exeggutor|75/100 par\n|cant|p2a: Exeggutor|par\n|\n|upkeep\n|turn|11\n|\n|t:|1738966739\n|switch|p1a: Gengar|Gengar|100/100\n|move|p2a: Exeggutor|Sleep Powder|p1a: Gengar|[miss]\n|-miss|p2a: Exeggutor\n|\n|upkeep\n|turn|12\n|inactive|Kaz has 270 seconds left.\n|\n|t:|1738966773\n|switch|p1a: Alakazam|Alakazam|85/100\n|move|p2a: Exeggutor|Psychic|p1a: Alakazam\n|-resisted|p1a: Alakazam\n|-damage|p1a: Alakazam|70/100\n|\n|upkeep\n|turn|13\n|\n|t:|1738966777\n|move|p1a: Alakazam|Seismic Toss|p2a: Exeggutor\n|-damage|p2a: Exeggutor|50/100 par\n|move|p2a: Exeggutor|Sleep Powder|p1a: Alakazam\n|-status|p1a: Alakazam|slp|[from] move: Sleep Powder\n|\n|upkeep\n|turn|14\n|inactive|Kaz has 270 seconds left.\n|inactive|Kaz has 240 seconds left.\n|inactive|Kaz has 210 seconds left.\n|\n|t:|1738966863\n|switch|p2a: Tauros|Tauros|100/100\n|cant|p1a: Alakazam|slp\n|\n|upkeep\n|turn|15\n|inactive|Kaz has 210 seconds left.\n|\n|t:|1738966870\n|switch|p1a: Gengar|Gengar|100/100\n|move|p2a: Tauros|Blizzard|p1a: Gengar\n|-damage|p1a: Gengar|82/100\n|\n|upkeep\n|turn|16\n|inactive|Kaz has 210 seconds left.\n|\n|t:|1738966901\n|switch|p2a: Chansey|Chansey|100/100\n|move|p1a: Gengar|Psychic|p2a: Chansey\n|-crit|p2a: Chansey\n|-damage|p2a: Chansey|78/100\n|\n|upkeep\n|turn|17\n|\n|t:|1738966907\n|move|p1a: Gengar|Explosion|p2a: Chansey\n|-damage|p2a: Chansey|1/100\n|faint|p1a: Gengar\n|\n|t:|1738966910\n|switch|p1a: Tauros|Tauros|100/100\n|turn|18\n|inactive|Kaz has 180 seconds left.\n|inactive|Kaz has 150 seconds left.\n|inactive|Kaz has 120 seconds left.\n|\n|t:|1738967003\n|move|p1a: Tauros|Body Slam|p2a: Chansey\n|-damage|p2a: Chansey|0 fnt\n|faint|p2a: Chansey\n|inactive|Kaz has 120 seconds left.\n|inactive|Kaz has 90 seconds left.\n|\n|t:|1738967044\n|switch|p2a: Tauros|Tauros|100/100\n|turn|19\n|\n|t:|1738967048\n|move|p1a: Tauros|Body Slam|p2a: Tauros\n|-crit|p2a: Tauros\n|-damage|p2a: Tauros|46/100\n|move|p2a: Tauros|Body Slam|p1a: Tauros\n|-crit|p1a: Tauros\n|-damage|p1a: Tauros|40/100\n|\n|upkeep\n|turn|20\n|inactive|Kaz has 90 seconds left.\n|inactive|Kaz has 60 seconds left.\n|\n|t:|1738967096\n|switch|p2a: Starmie|Starmie|100/100\n|move|p1a: Tauros|Hyper Beam|p2a: Starmie\n|-damage|p2a: Starmie|43/100\n|-mustrecharge|p1a: Tauros\n|\n|upkeep\n|turn|21\n|inactive|Kaz has 60 seconds left.\n|\n|t:|1738967127\n|move|p2a: Starmie|Thunder Wave|p1a: Tauros\n|-status|p1a: Tauros|par\n|cant|p1a: Tauros|recharge\n|\n|upkeep\n|turn|22\n|\n|t:|1738967139\n|move|p2a: Starmie|Recover|p2a: Starmie\n|-heal|p2a: Starmie|93/100\n|move|p1a: Tauros|Body Slam|p2a: Starmie\n|-damage|p2a: Starmie|56/100\n|\n|upkeep\n|turn|23\n|inactive|Kaz has 30 seconds left.\n|\n|t:|1738967161\n|move|p2a: Starmie|Recover|p2a: Starmie\n|-heal|p2a: Starmie|100/100\n|move|p1a: Tauros|Body Slam|p2a: Starmie\n|-damage|p2a: Starmie|64/100\n|-status|p2a: Starmie|par\n|\n|upkeep\n|turn|24\n|\n|t:|1738967178\n|move|p2a: Starmie|Psychic|p1a: Tauros\n|-damage|p1a: Tauros|4/100 par\n|-unboost|p1a: Tauros|spa|1\n|-unboost|p1a: Tauros|spd|1\n|move|p1a: Tauros|Thunderbolt|p2a: Starmie\n|-supereffective|p2a: Starmie\n|-damage|p2a: Starmie|38/100 par\n|\n|upkeep\n|turn|25\n|\n|t:|1738967192\n|switch|p1a: Alakazam|Alakazam|70/100 slp\n|move|p2a: Starmie|Recover|p2a: Starmie\n|-heal|p2a: Starmie|87/100 par\n|\n|upkeep\n|turn|26\n|inactive|Kaz has 30 seconds left.\n|\n|t:|1738967217\n|switch|p2a: Snorlax|Snorlax|86/100\n|cant|p1a: Alakazam|slp\n|\n|upkeep\n|turn|27\n|\n|t:|1738967224\n|switch|p1a: Tauros|Tauros|4/100 par\n|move|p2a: Snorlax|Body Slam|p1a: Tauros\n|-damage|p1a: Tauros|0 fnt\n|faint|p1a: Tauros\n|\n|t:|1738967226\n|switch|p1a: Exeggutor|Exeggutor|90/100\n|turn|28\n|inactive|Kaz has 30 seconds left.\n|\n|t:|1738967255\n|move|p1a: Exeggutor|Psychic|p2a: Snorlax\n|-damage|p2a: Snorlax|54/100\n|-unboost|p2a: Snorlax|spa|1\n|-unboost|p2a: Snorlax|spd|1\n|move|p2a: Snorlax|Body Slam|p1a: Exeggutor\n|-damage|p1a: Exeggutor|57/100\n|\n|upkeep\n|turn|29\n|\n|t:|1738967265\n|switch|p2a: Exeggutor|Exeggutor|50/100 par\n|move|p1a: Exeggutor|Psychic|p2a: Exeggutor\n|-resisted|p2a: Exeggutor\n|-damage|p2a: Exeggutor|37/100 par\n|\n|upkeep\n|turn|30\n|inactive|Kaz has 30 seconds left.\n|\n|t:|1738967282\n|move|p1a: Exeggutor|Psychic|p2a: Exeggutor\n|-resisted|p2a: Exeggutor\n|-damage|p2a: Exeggutor|22/100 par\n|-unboost|p2a: Exeggutor|spa|1\n|-unboost|p2a: Exeggutor|spd|1\n|move|p2a: Exeggutor|Explosion|p1a: Exeggutor\n|-crit|p1a: Exeggutor\n|-damage|p1a: Exeggutor|0 fnt\n|faint|p1a: Exeggutor\n|faint|p2a: Exeggutor\n|inactive|Kaz has 30 seconds left.\n|\n|t:|1738967301\n|switch|p1a: Zapdos|Zapdos|100/100\n|switch|p2a: Snorlax|Snorlax|54/100\n|turn|31\n|\n|t:|1738967308\n|move|p1a: Zapdos|Thunderbolt|p2a: Snorlax\n|-crit|p2a: Snorlax\n|-damage|p2a: Snorlax|0 fnt\n|faint|p2a: Snorlax\n|inactive|Kaz has 30 seconds left.\n|\n|t:|1738967325\n|switch|p2a: Gengar|Gengar|100/100 slp\n|turn|32\n|\n|t:|1738967328\n|cant|p2a: Gengar|slp\n|move|p1a: Zapdos|Thunderbolt|p2a: Gengar\n|-damage|p2a: Gengar|66/100 slp\n|\n|upkeep\n|turn|33\n|\n|t:|1738967331\n|cant|p2a: Gengar|slp\n|move|p1a: Zapdos|Thunderbolt|p2a: Gengar\n|-crit|p2a: Gengar\n|-damage|p2a: Gengar|4/100 slp\n|\n|upkeep\n|turn|34\n|\n|t:|1738967334\n|-curestatus|p2a: Gengar|slp|[msg]\n|move|p1a: Zapdos|Agility|p1a: Zapdos\n|-boost|p1a: Zapdos|spe|2\n|\n|upkeep\n|turn|35\n|inactive|Kaz has 60 seconds left.\n|\n|t:|1738967359\n|move|p1a: Zapdos|Thunderbolt|p2a: Gengar\n|-damage|p2a: Gengar|0 fnt\n|faint|p2a: Gengar\n|\n|t:|1738967360\n|switch|p2a: Starmie|Starmie|87/100 par\n|turn|36\n|\n|t:|1738967365\n|move|p1a: Zapdos|Thunderbolt|p2a: Starmie\n|-supereffective|p2a: Starmie\n|-damage|p2a: Starmie|5/100 par\n|move|p2a: Starmie|Blizzard|p1a: Zapdos\n|-supereffective|p1a: Zapdos\n|-damage|p1a: Zapdos|59/100\n|\n|upkeep\n|turn|37\n|inactive|Kaz has 60 seconds left.\n|\n|t:|1738967374\n|move|p1a: Zapdos|Thunderbolt|p2a: Starmie\n|-supereffective|p2a: Starmie\n|-damage|p2a: Starmie|0 fnt\n|faint|p2a: Starmie\n|\n|t:|1738967376\n|switch|p2a: Tauros|Tauros|46/100\n|turn|38\n|inactive|Kaz has 60 seconds left.\n|\n|t:|1738967397\n|move|p1a: Zapdos|Thunder Wave|p2a: Tauros\n|-status|p2a: Tauros|par\n|move|p2a: Tauros|Blizzard|p1a: Zapdos\n|-supereffective|p1a: Zapdos\n|-damage|p1a: Zapdos|26/100\n|\n|upkeep\n|turn|39\n|inactive|Kaz has 60 seconds left.\n|\n|t:|1738967404\n|move|p1a: Zapdos|Thunderbolt|p2a: Tauros\n|-crit|p2a: Tauros\n|-damage|p2a: Tauros|0 fnt\n|faint|p2a: Tauros\n|\n|win|chuva de perereca\n|c|☆chuva de perereca|gg\n|c|☆Kaz|gg\n|player|p2|\n","uploadtime":1738967404,"views":"1760","formatid":"gen1ou","rating":null,"private":0,"password":null}