{"id":"smogtours-gen1ou-946339","format":"[Gen 1] OU","players":["Dridri457","RoboKyII"],"log":"|inactive|Battle timer is ON: inactive players will automatically lose when time's up.\n|t:|1781385723\n|gametype|singles\n|player|p1|Dridri457|#dridri457|\n|player|p2|RoboKyII|rosa-pokestar3|\n|gen|1\n|tier|[Gen 1] OU\n|rule|Desync Clause Mod: Desyncs changed to move failure.\n|rule|HP Percentage Mod: HP is shown in percentages\n|rule|Endless Battle Clause: Forcing endless battles is banned\n|rule|Sleep Clause Mod: Limit one foe put to sleep\n|rule|Freeze Clause Mod: Limit one foe frozen\n|rule|Species Clause: Limit one of each Pokémon\n|rule|OHKO Clause: OHKO moves are banned\n|rule|Evasion Moves Clause: Evasion moves are banned\n|\n|t:|1781385723\n|teamsize|p1|6\n|teamsize|p2|6\n|start\n|switch|p1a: Gengar|Gengar|100/100\n|switch|p2a: Starmie|Starmie|100/100\n|turn|1\n|c|☆Dridri457|hf\n|c|☆RoboKyII|glhf\n|\n|t:|1781385735\n|switch|p1a: Exeggutor|Exeggutor|100/100\n|move|p2a: Starmie|Thunder Wave|p1a: Exeggutor\n|-status|p1a: Exeggutor|par\n|\n|upkeep\n|turn|2\n|\n|t:|1781385749\n|switch|p1a: Chansey|Chansey|100/100\n|move|p2a: Starmie|Blizzard|p1a: Chansey\n|-crit|p1a: Chansey\n|-damage|p1a: Chansey|73/100\n|\n|upkeep\n|turn|3\n|\n|t:|1781385755\n|move|p2a: Starmie|Thunder Wave|p1a: Chansey\n|-status|p1a: Chansey|par\n|cant|p1a: Chansey|par\n|\n|upkeep\n|turn|4\n|\n|t:|1781385768\n|switch|p2a: Snorlax|Snorlax|100/100\n|move|p1a: Chansey|Sing|p2a: Snorlax|[miss]\n|-miss|p1a: Chansey\n|\n|upkeep\n|turn|5\n|\n|t:|1781385776\n|switch|p1a: Snorlax|Snorlax|100/100\n|move|p2a: Snorlax|Ice Beam|p1a: Snorlax\n|-damage|p1a: Snorlax|86/100\n|\n|upkeep\n|turn|6\n|\n|t:|1781385783\n|switch|p1a: Gengar|Gengar|100/100\n|switch|p2a: Rhydon|Rhydon|100/100\n|\n|upkeep\n|turn|7\n|\n|t:|1781385792\n|switch|p1a: Exeggutor|Exeggutor|100/100 par\n|move|p2a: Rhydon|Earthquake|p1a: Exeggutor\n|-resisted|p1a: Exeggutor\n|-damage|p1a: Exeggutor|82/100 par\n|\n|upkeep\n|turn|8\n|\n|t:|1781385801\n|switch|p2a: Starmie|Starmie|100/100\n|cant|p1a: Exeggutor|par\n|\n|upkeep\n|turn|9\n|\n|t:|1781385825\n|move|p2a: Starmie|Blizzard|p1a: Exeggutor\n|-crit|p1a: Exeggutor\n|-supereffective|p1a: Exeggutor\n|-damage|p1a: Exeggutor|0 fnt\n|faint|p1a: Exeggutor\n|\n|t:|1781385834\n|switch|p1a: Chansey|Chansey|73/100 par\n|turn|10\n|\n|t:|1781385841\n|move|p2a: Starmie|Blizzard|p1a: Chansey\n|-damage|p1a: Chansey|60/100 par\n|cant|p1a: Chansey|par\n|\n|upkeep\n|turn|11\n|\n|t:|1781385847\n|move|p2a: Starmie|Blizzard|p1a: Chansey\n|-damage|p1a: Chansey|48/100 par\n|move|p1a: Chansey|Sing|p2a: Starmie\n|-status|p2a: Starmie|slp|[from] move: Sing\n|\n|upkeep\n|turn|12\n|\n|t:|1781385856\n|switch|p2a: Rhydon|Rhydon|100/100\n|move|p1a: Chansey|Soft-Boiled|p1a: Chansey\n|-heal|p1a: Chansey|98/100 par\n|\n|upkeep\n|turn|13\n|\n|t:|1781385862\n|switch|p1a: Starmie|Starmie|100/100\n|move|p2a: Rhydon|Earthquake|p1a: Starmie\n|-damage|p1a: Starmie|50/100\n|\n|upkeep\n|turn|14\n|\n|t:|1781385869\n|switch|p2a: Chansey|Chansey|100/100\n|move|p1a: Starmie|Recover|p1a: Starmie\n|-heal|p1a: Starmie|99/100\n|\n|upkeep\n|turn|15\n|\n|t:|1781385885\n|switch|p1a: Chansey|Chansey|98/100 par\n|move|p2a: Chansey|Thunder Wave|p1a: Chansey\n|-fail|p1a: Chansey|par\n|\n|upkeep\n|turn|16\n|\n|t:|1781385891\n|switch|p1a: Starmie|Starmie|99/100\n|move|p2a: Chansey|Thunder Wave|p1a: Starmie\n|-status|p1a: Starmie|par\n|\n|upkeep\n|turn|17\n|\n|t:|1781385917\n|move|p2a: Chansey|Thunderbolt|p1a: Starmie\n|-supereffective|p1a: Starmie\n|-damage|p1a: Starmie|54/100 par\n|cant|p1a: Starmie|par\n|\n|upkeep\n|turn|18\n|\n|t:|1781385926\n|switch|p2a: Rhydon|Rhydon|100/100\n|switch|p1a: Chansey|Chansey|98/100 par\n|\n|upkeep\n|turn|19\n|\n|t:|1781385933\n|switch|p1a: Snorlax|Snorlax|86/100\n|move|p2a: Rhydon|Earthquake|p1a: Snorlax\n|-damage|p1a: Snorlax|50/100\n|\n|upkeep\n|turn|20\n|\n|t:|1781385943\n|move|p2a: Rhydon|Earthquake|p1a: Snorlax\n|-damage|p1a: Snorlax|16/100\n|move|p1a: Snorlax|Reflect|p1a: Snorlax\n|-start|p1a: Snorlax|Reflect\n|\n|upkeep\n|turn|21\n|c|☆Dridri457|yeah gg\n|c|☆RoboKyII|sry\n|c|☆Dridri457|i thought my ex was sleep powder rly threw me off at the start lol\n|\n|t:|1781385976\n|move|p2a: Rhydon|Earthquake|p1a: Snorlax\n|-damage|p1a: Snorlax|0 fnt\n|faint|p1a: Snorlax\n|-message|Dridri457 forfeited.\n|\n|win|RoboKyII\n|player|p1|\n|c|☆RoboKyII|i gotta stop loading ib lax tho it choked me both these games lol\n|c|☆RoboKyII|ggs\n","uploadtime":1781385981,"views":"76","formatid":"gen1ou","rating":null,"private":0,"password":null}