{"id":"smogtours-gen1ou-959963","format":"[Gen 1] OU","players":["Serpi n_n","Ct0wn"],"log":"|inactive|Battle timer is ON: inactive players will automatically lose when time's up.\n|t:|1785265226\n|gametype|singles\n|player|p1|Serpi n_n|#rbywc2023|\n|player|p2|Ct0wn|battlegirl-gen4|\n|gen|1\n|tier|[Gen 1] OU\n|rule|Desync Clause Mod: Desyncs resolve to link battle behavior from the acting player's perspective.\n|rule|HP Percentage Mod: HP is shown in percentages\n|rule|Endless Battle Clause: Forcing endless battles is banned\n|rule|Sleep Clause Mod: Limit one foe put to sleep\n|rule|Freeze Clause Mod: Limit one foe frozen\n|rule|Species Clause: Limit one of each Pokémon\n|rule|OHKO Clause: OHKO moves are banned\n|rule|Evasion Moves Clause: Evasion moves are banned\n|\n|t:|1785265226\n|teamsize|p1|6\n|teamsize|p2|6\n|start\n|switch|p1a: Alakazam|Alakazam|100/100\n|switch|p2a: Alakazam|Alakazam|100/100\n|turn|1\n|c|☆Serpi n_n|hf\n|c|☆Ct0wn|Hf\n|inactive|Serpi n_n has 270 seconds left.\n|inactive|Serpi n_n has 240 seconds left.\n|\n|t:|1785265295\n|move|p1a: Alakazam|Thunder Wave|p2a: Alakazam\n|-status|p2a: Alakazam|par\n|cant|p2a: Alakazam|par\n|\n|upkeep\n|turn|2\n|\n|t:|1785265301\n|move|p1a: Alakazam|Seismic Toss|p2a: Alakazam\n|-damage|p2a: Alakazam|69/100 par\n|move|p2a: Alakazam|Thunder Wave|p1a: Alakazam\n|-status|p1a: Alakazam|par\n|\n|upkeep\n|turn|3\n|\n|t:|1785265309\n|move|p2a: Alakazam|Recover|p2a: Alakazam\n|-heal|p2a: Alakazam|100/100 par\n|move|p1a: Alakazam|Seismic Toss|p2a: Alakazam\n|-damage|p2a: Alakazam|69/100 par\n|\n|upkeep\n|turn|4\n|\n|t:|1785265314\n|move|p2a: Alakazam|Recover|p2a: Alakazam\n|-heal|p2a: Alakazam|100/100 par\n|move|p1a: Alakazam|Seismic Toss|p2a: Alakazam\n|-damage|p2a: Alakazam|69/100 par\n|\n|upkeep\n|turn|5\n|\n|t:|1785265319\n|move|p2a: Alakazam|Psychic|p1a: Alakazam\n|-resisted|p1a: Alakazam\n|-damage|p1a: Alakazam|83/100 par\n|move|p1a: Alakazam|Seismic Toss|p2a: Alakazam\n|-damage|p2a: Alakazam|37/100 par\n|\n|upkeep\n|turn|6\n|\n|t:|1785265327\n|move|p1a: Alakazam|Seismic Toss|p2a: Alakazam\n|-damage|p2a: Alakazam|5/100 par\n|move|p2a: Alakazam|Recover|p2a: Alakazam\n|-heal|p2a: Alakazam|54/100 par\n|\n|upkeep\n|turn|7\n|\n|t:|1785265332\n|switch|p2a: Snorlax|Snorlax|100/100\n|move|p1a: Alakazam|Seismic Toss|p2a: Snorlax\n|-damage|p2a: Snorlax|81/100\n|\n|upkeep\n|turn|8\n|inactive|Serpi n_n has 270 seconds left.\n|inactive|Serpi n_n has 240 seconds left.\n|inactive|Serpi n_n has 210 seconds left.\n|\n|t:|1785265439\n|switch|p1a: Chansey|Chansey|100/100\n|move|p2a: Snorlax|Body Slam|p1a: Chansey\n|-damage|p1a: Chansey|62/100\n|\n|upkeep\n|turn|9\n|inactive|Serpi n_n has 180 seconds left.\n|\n|t:|1785265486\n|move|p1a: Chansey|Sing|p2a: Snorlax\n|-status|p2a: Snorlax|slp|[from] move: Sing\n|cant|p2a: Snorlax|slp\n|\n|upkeep\n|turn|10\n|inactive|Serpi n_n has 150 seconds left.\n|\n|t:|1785265508\n|move|p1a: Chansey|Soft-Boiled|p1a: Chansey\n|-heal|p1a: Chansey|100/100\n|cant|p2a: Snorlax|slp\n|\n|upkeep\n|turn|11\n|\n|t:|1785265513\n|move|p1a: Chansey|Seismic Toss|p2a: Snorlax\n|-damage|p2a: Snorlax|62/100 slp\n|cant|p2a: Snorlax|slp\n|\n|upkeep\n|turn|12\n|\n|t:|1785265518\n|move|p1a: Chansey|Seismic Toss|p2a: Snorlax\n|-damage|p2a: Snorlax|43/100 slp\n|-curestatus|p2a: Snorlax|slp|[msg]\n|\n|upkeep\n|turn|13\n|\n|t:|1785265523\n|switch|p1a: Rhydon|Rhydon|100/100\n|move|p2a: Snorlax|Self-Destruct|p1a: Rhydon\n|-resisted|p1a: Rhydon\n|-damage|p1a: Rhydon|65/100\n|faint|p2a: Snorlax\n|\n|t:|1785265528\n|switch|p2a: Venusaur|Venusaur|100/100\n|turn|14\n|inactive|Serpi n_n has 180 seconds left.\n|inactive|Serpi n_n has 150 seconds left.\n|\n|t:|1785265581\n|switch|p1a: Alakazam|Alakazam|83/100 par\n|move|p2a: Venusaur|Razor Leaf|p1a: Alakazam\n|-crit|p1a: Alakazam\n|-damage|p1a: Alakazam|52/100 par\n|\n|upkeep\n|turn|15\n|inactive|Serpi n_n has 150 seconds left.\n|\n|t:|1785265601\n|switch|p2a: Golem|Golem|100/100\n|move|p1a: Alakazam|Psychic|p2a: Golem\n|-damage|p2a: Golem|52/100\n|\n|upkeep\n|turn|16\n|inactive|Serpi n_n has 120 seconds left.\n|\n|t:|1785265633\n|switch|p1a: Exeggutor|Exeggutor|100/100\n|move|p2a: Golem|Earthquake|p1a: Exeggutor\n|-resisted|p1a: Exeggutor\n|-damage|p1a: Exeggutor|82/100\n|\n|upkeep\n|turn|17\n|inactive|Serpi n_n has 120 seconds left.\n|inactive|Ct0wn has 270 seconds left.\n|inactive|Serpi n_n has 90 seconds left.\n|\n|t:|1785265676\n|switch|p1a: Rhydon|Rhydon|65/100\n|move|p2a: Golem|Earthquake|p1a: Rhydon\n|-supereffective|p1a: Rhydon\n|-damage|p1a: Rhydon|8/100\n|\n|upkeep\n|turn|18\n|inactive|Ct0wn has 270 seconds left.\n|inactive|Serpi n_n has 90 seconds left.\n|inactive|Ct0wn has 240 seconds left.\n|\n|t:|1785265725\n|move|p2a: Golem|Earthquake|p1a: Rhydon\n|-supereffective|p1a: Rhydon\n|-damage|p1a: Rhydon|0 fnt\n|faint|p1a: Rhydon\n|\n|t:|1785265729\n|switch|p1a: Tauros|Tauros|100/100\n|turn|19\n|\n|t:|1785265732\n|switch|p2a: Starmie|Starmie|100/100\n|move|p1a: Tauros|Blizzard|p2a: Starmie|[miss]\n|-miss|p1a: Tauros\n|\n|upkeep\n|turn|20\n|inactive|Serpi n_n has 90 seconds left.\n|inactive|Ct0wn has 240 seconds left.\n|\n|t:|1785265756\n|switch|p2a: Venusaur|Venusaur|100/100\n|switch|p1a: Chansey|Chansey|100/100\n|\n|upkeep\n|turn|21\n|inactive|Serpi n_n has 90 seconds left.\n|inactive|Ct0wn has 240 seconds left.\n|\n|t:|1785265785\n|switch|p1a: Alakazam|Alakazam|52/100 par\n|move|p2a: Venusaur|Sleep Powder|p1a: Alakazam\n|-fail|p1a: Alakazam\n|\n|upkeep\n|turn|22\n|inactive|Ct0wn has 240 seconds left.\n|inactive|Serpi n_n has 60 seconds left.\n|\n|t:|1785265806\n|switch|p2a: Alakazam|Alakazam|54/100 par\n|switch|p1a: Exeggutor|Exeggutor|82/100\n|\n|upkeep\n|turn|23\n|inactive|Serpi n_n has 60 seconds left.\n|\n|t:|1785265836\n|move|p1a: Exeggutor|Psychic|p2a: Alakazam\n|-resisted|p2a: Alakazam\n|-damage|p2a: Alakazam|39/100 par\n|move|p2a: Alakazam|Recover|p2a: Alakazam\n|-heal|p2a: Alakazam|89/100 par\n|\n|upkeep\n|turn|24\n|\n|t:|1785265859\n|switch|p1a: Chansey|Chansey|100/100\n|move|p2a: Alakazam|Seismic Toss|p1a: Chansey\n|-damage|p1a: Chansey|86/100\n|\n|upkeep\n|turn|25\n|\n|t:|1785265866\n|move|p1a: Chansey|Seismic Toss|p2a: Alakazam\n|-damage|p2a: Alakazam|57/100 par\n|move|p2a: Alakazam|Thunder Wave|p1a: Chansey\n|-status|p1a: Chansey|par\n|\n|upkeep\n|turn|26\n|\n|t:|1785265873\n|move|p2a: Alakazam|Recover|p2a: Alakazam\n|-heal|p2a: Alakazam|100/100 par\n|move|p1a: Chansey|Seismic Toss|p2a: Alakazam\n|-damage|p2a: Alakazam|69/100 par\n|\n|upkeep\n|turn|27\n|\n|t:|1785265881\n|move|p2a: Alakazam|Psychic|p1a: Chansey\n|-damage|p1a: Chansey|68/100 par\n|-unboost|p1a: Chansey|spa|1\n|-unboost|p1a: Chansey|spd|1\n|move|p1a: Chansey|Seismic Toss|p2a: Alakazam\n|-damage|p2a: Alakazam|37/100 par\n|\n|upkeep\n|turn|28\n|\n|t:|1785265899\n|switch|p1a: Tauros|Tauros|100/100\n|move|p2a: Alakazam|Psychic|p1a: Tauros\n|-damage|p1a: Tauros|55/100\n|\n|upkeep\n|turn|29\n|inactive|Ct0wn has 270 seconds left.\n|\n|t:|1785265929\n|switch|p2a: Starmie|Starmie|100/100\n|move|p1a: Tauros|Body Slam|p2a: Starmie\n|-crit|p2a: Starmie\n|-damage|p2a: Starmie|35/100\n|\n|upkeep\n|turn|30\n|inactive|Serpi n_n has 60 seconds left.\n|inactive|Serpi n_n has 30 seconds left.\n|inactive|Serpi n_n has 20 seconds left.\n|inactive|Serpi n_n has 15 seconds left.\n|\n|t:|1785265980\n|move|p2a: Starmie|Surf|p1a: Tauros\n|-damage|p1a: Tauros|13/100\n|move|p1a: Tauros|Body Slam|p2a: Starmie\n|-damage|p2a: Starmie|0 fnt\n|faint|p2a: Starmie\n|\n|t:|1785265985\n|switch|p2a: Tauros|Tauros|100/100\n|turn|31\n|inactive|Serpi n_n has 30 seconds left this turn.\n|inactive|Serpi n_n has 20 seconds left.\n|\n|t:|1785265999\n|move|p1a: Tauros|Hyper Beam|p2a: Tauros\n|-crit|p2a: Tauros\n|-damage|p2a: Tauros|5/100\n|-mustrecharge|p1a: Tauros\n|move|p2a: Tauros|Body Slam|p1a: Tauros\n|-crit|p1a: Tauros\n|-damage|p1a: Tauros|0 fnt\n|faint|p1a: Tauros\n|inactive|Serpi n_n has 25 seconds left this turn.\n|inactive|Serpi n_n has 20 seconds left.\n|inactive|Serpi n_n has 15 seconds left.\n|\n|t:|1785266009\n|switch|p1a: Starmie|Starmie|100/100\n|turn|32\n|inactive|Serpi n_n has 25 seconds left this turn.\n|inactive|Serpi n_n has 20 seconds left.\n|inactive|Serpi n_n has 15 seconds left.\n|inactive|Ct0wn has 270 seconds left.\n|\n|t:|1785266032\n|switch|p2a: Golem|Golem|52/100\n|move|p1a: Starmie|Blizzard|p2a: Golem\n|-supereffective|p2a: Golem\n|-damage|p2a: Golem|0 fnt\n|faint|p2a: Golem\n|\n|t:|1785266035\n|switch|p2a: Alakazam|Alakazam|37/100 par\n|turn|33\n|inactive|Serpi n_n has 30 seconds left this turn.\n|inactive|Serpi n_n has 20 seconds left.\n|inactive|Serpi n_n has 15 seconds left.\n|inactive|Serpi n_n has 10 seconds left.\n|\n|t:|1785266058\n|switch|p1a: Alakazam|Alakazam|52/100 par\n|move|p2a: Alakazam|Thunder Wave|p1a: Alakazam\n|-fail|p1a: Alakazam|par\n|\n|upkeep\n|turn|34\n|inactive|Serpi n_n has 20 seconds left this turn.\n|inactive|Serpi n_n has 15 seconds left.\n|\n|t:|1785266067\n|move|p2a: Alakazam|Recover|p2a: Alakazam\n|-heal|p2a: Alakazam|86/100 par\n|move|p1a: Alakazam|Psychic|p2a: Alakazam\n|-resisted|p2a: Alakazam\n|-damage|p2a: Alakazam|70/100 par\n|-unboost|p2a: Alakazam|spa|1\n|-unboost|p2a: Alakazam|spd|1\n|\n|upkeep\n|turn|35\n|inactive|Serpi n_n has 25 seconds left this turn.\n|inactive|Serpi n_n has 20 seconds left.\n|\n|t:|1785266076\n|move|p1a: Alakazam|Psychic|p2a: Alakazam\n|-resisted|p2a: Alakazam\n|-damage|p2a: Alakazam|42/100 par\n|move|p2a: Alakazam|Seismic Toss|p1a: Alakazam\n|-damage|p1a: Alakazam|20/100 par\n|\n|upkeep\n|turn|36\n|inactive|Serpi n_n has 30 seconds left this turn.\n|\n|t:|1785266082\n|switch|p2a: Tauros|Tauros|5/100\n|cant|p1a: Alakazam|par\n|\n|upkeep\n|turn|37\n|inactive|Serpi n_n has 30 seconds left.\n|\n|t:|1785266098\n|move|p2a: Tauros|Body Slam|p1a: Alakazam\n|-damage|p1a: Alakazam|0 fnt\n|faint|p1a: Alakazam\n|inactive|Serpi n_n has 30 seconds left this turn.\n|\n|t:|1785266100\n|switch|p1a: Starmie|Starmie|100/100\n|turn|38\n|\n|t:|1785266110\n|move|p1a: Starmie|Blizzard|p2a: Tauros\n|-damage|p2a: Tauros|0 fnt\n|faint|p2a: Tauros\n|\n|t:|1785266111\n|switch|p2a: Alakazam|Alakazam|42/100 par\n|turn|39\n|\n|t:|1785266120\n|switch|p1a: Chansey|Chansey|68/100 par\n|move|p2a: Alakazam|Recover|p2a: Alakazam\n|-heal|p2a: Alakazam|92/100 par\n|\n|upkeep\n|turn|40\n|\n|t:|1785266122\n|move|p2a: Alakazam|Psychic|p1a: Chansey\n|-damage|p1a: Chansey|50/100 par\n|move|p1a: Chansey|Soft-Boiled|p1a: Chansey\n|-heal|p1a: Chansey|99/100 par\n|\n|upkeep\n|turn|41\n|\n|t:|1785266126\n|cant|p2a: Alakazam|par\n|cant|p1a: Chansey|par\n|\n|upkeep\n|turn|42\n|\n|t:|1785266127\n|move|p2a: Alakazam|Psychic|p1a: Chansey\n|-crit|p1a: Chansey\n|-damage|p1a: Chansey|65/100 par\n|move|p1a: Chansey|Seismic Toss|p2a: Alakazam\n|-damage|p2a: Alakazam|60/100 par\n|\n|upkeep\n|turn|43\n|\n|t:|1785266131\n|move|p2a: Alakazam|Psychic|p1a: Chansey\n|-damage|p1a: Chansey|46/100 par\n|-unboost|p1a: Chansey|spa|1\n|-unboost|p1a: Chansey|spd|1\n|move|p1a: Chansey|Soft-Boiled|p1a: Chansey\n|-heal|p1a: Chansey|96/100 par\n|\n|upkeep\n|turn|44\n|inactive|Serpi n_n has 90 seconds left.\n|\n|t:|1785266153\n|switch|p1a: Exeggutor|Exeggutor|82/100\n|move|p2a: Alakazam|Seismic Toss|p1a: Exeggutor\n|-damage|p1a: Exeggutor|56/100\n|\n|upkeep\n|turn|45\n|inactive|Serpi n_n has 60 seconds left.\n|\n|t:|1785266200\n|switch|p1a: Chansey|Chansey|96/100 par\n|move|p2a: Alakazam|Psychic|p1a: Chansey\n|-damage|p1a: Chansey|77/100 par\n|\n|upkeep\n|turn|46\n|\n|t:|1785266209\n|move|p2a: Alakazam|Psychic|p1a: Chansey\n|-damage|p1a: Chansey|60/100 par\n|-unboost|p1a: Chansey|spa|1\n|-unboost|p1a: Chansey|spd|1\n|move|p1a: Chansey|Seismic Toss|p2a: Alakazam\n|-damage|p2a: Alakazam|28/100 par\n|\n|upkeep\n|turn|47\n|inactive|Serpi n_n has 60 seconds left.\n|\n|t:|1785266217\n|move|p2a: Alakazam|Recover|p2a: Alakazam\n|-heal|p2a: Alakazam|78/100 par\n|move|p1a: Chansey|Seismic Toss|p2a: Alakazam\n|-damage|p2a: Alakazam|46/100 par\n|\n|upkeep\n|turn|48\n|\n|t:|1785266221\n|move|p2a: Alakazam|Psychic|p1a: Chansey\n|-crit|p1a: Chansey\n|-damage|p1a: Chansey|23/100 par\n|move|p1a: Chansey|Soft-Boiled|p1a: Chansey\n|-heal|p1a: Chansey|73/100 par\n|\n|upkeep\n|turn|49\n|\n|t:|1785266224\n|move|p2a: Alakazam|Psychic|p1a: Chansey\n|-damage|p1a: Chansey|44/100 par\n|-unboost|p1a: Chansey|spa|1\n|-unboost|p1a: Chansey|spd|1\n|move|p1a: Chansey|Soft-Boiled|p1a: Chansey\n|-heal|p1a: Chansey|94/100 par\n|\n|upkeep\n|turn|50\n|\n|t:|1785266232\n|switch|p1a: Exeggutor|Exeggutor|56/100\n|move|p2a: Alakazam|Seismic Toss|p1a: Exeggutor\n|-damage|p1a: Exeggutor|31/100\n|\n|upkeep\n|turn|51\n|inactive|Serpi n_n has 90 seconds left.\n|\n|t:|1785266249\n|move|p1a: Exeggutor|Explosion|p2a: Alakazam\n|-damage|p2a: Alakazam|0 fnt\n|faint|p2a: Alakazam\n|faint|p1a: Exeggutor\n|\n|t:|1785266273\n|switch|p1a: Chansey|Chansey|94/100 par\n|switch|p2a: Venusaur|Venusaur|100/100\n|turn|52\n|inactive|Serpi n_n has 60 seconds left.\n|\n|t:|1785266291\n|move|p2a: Venusaur|Swords Dance|p2a: Venusaur\n|-boost|p2a: Venusaur|atk|2\n|cant|p1a: Chansey|par\n|\n|upkeep\n|turn|53\n|inactive|Ct0wn has 270 seconds left.\n|\n|t:|1785266328\n|move|p2a: Venusaur|Body Slam|p1a: Chansey\n|-damage|p1a: Chansey|49/100 par\n|move|p1a: Chansey|Seismic Toss|p2a: Venusaur\n|-damage|p2a: Venusaur|73/100\n|\n|upkeep\n|turn|54\n|inactive|Ct0wn has 270 seconds left.\n|inactive|Serpi n_n has 60 seconds left.\n|\n|t:|1785266346\n|move|p2a: Venusaur|Body Slam|p1a: Chansey\n|-crit|p1a: Chansey\n|-damage|p1a: Chansey|7/100 par\n|cant|p1a: Chansey|par\n|\n|upkeep\n|turn|55\n|inactive|Ct0wn has 270 seconds left.\n|\n|t:|1785266351\n|move|p2a: Venusaur|Body Slam|p1a: Chansey\n|-damage|p1a: Chansey|0 fnt\n|faint|p1a: Chansey\n|\n|t:|1785266352\n|switch|p1a: Starmie|Starmie|100/100\n|turn|56\n|\n|t:|1785266355\n|move|p1a: Starmie|Blizzard|p2a: Venusaur\n|-crit|p2a: Venusaur\n|-supereffective|p2a: Venusaur\n|-damage|p2a: Venusaur|0 fnt\n|faint|p2a: Venusaur\n|\n|win|Serpi n_n\n|c|☆Serpi n_n|gg\n|c|☆Ct0wn|Gg\n|player|p1|\n|player|p2|\n","uploadtime":1785266355,"views":"81","formatid":"gen1ou","rating":null,"private":0,"password":null}