{"id":"smogtours-gen1ou-907026","format":"[Gen 1] OU","players":["Serpi n_n","Isza"],"log":"|inactive|Battle timer is ON: inactive players will automatically lose when time's up.\n|t:|1770570516\n|gametype|singles\n|player|p1|Serpi n_n|#splxviibigs2|\n|player|p2|Isza|shadowtriad|\n|gen|1\n|tier|[Gen 1] OU\n|rule|Desync Clause Mod: Desyncs changed to move failure.\n|rule|Sleep Clause Mod: Limit one foe put to sleep\n|rule|Freeze Clause Mod: Limit one foe frozen\n|rule|Species Clause: Limit one of each Pokémon\n|rule|OHKO Clause: OHKO moves are banned\n|rule|Evasion Moves Clause: Evasion moves are banned\n|rule|Endless Battle Clause: Forcing endless battles is banned\n|rule|HP Percentage Mod: HP is shown in percentages\n|\n|t:|1770570516\n|teamsize|p1|6\n|teamsize|p2|6\n|start\n|switch|p1a: Starmie|Starmie|100/100\n|switch|p2a: Alakazam|Alakazam|100/100\n|turn|1\n|c|☆Serpi n_n|hf\n|c|☆Isza|hf\n|inactive|Serpi n_n has 270 seconds left.\n|inactive|Isza has 270 seconds left.\n|rated|Smogon Premier League\n|inactive|Serpi n_n has 240 seconds left.\n|inactive|Serpi n_n has 210 seconds left.\n|inactive|Isza has 240 seconds left.\n|\n|t:|1770570618\n|switch|p1a: Exeggutor|Exeggutor|100/100\n|move|p2a: Alakazam|Seismic Toss|p1a: Exeggutor\n|-damage|p1a: Exeggutor|75/100\n|\n|upkeep\n|turn|2\n|\n|t:|1770570643\n|move|p2a: Alakazam|Seismic Toss|p1a: Exeggutor\n|-damage|p1a: Exeggutor|50/100\n|move|p1a: Exeggutor|Sleep Powder|p2a: Alakazam\n|-status|p2a: Alakazam|slp|[from] move: Sleep Powder\n|\n|upkeep\n|turn|3\n|\n|t:|1770570655\n|switch|p1a: Tauros|Tauros|100/100\n|cant|p2a: Alakazam|slp\n|\n|upkeep\n|turn|4\n|\n|t:|1770570667\n|switch|p2a: Snorlax|Snorlax|100/100\n|move|p1a: Tauros|Body Slam|p2a: Snorlax\n|-damage|p2a: Snorlax|74/100\n|\n|upkeep\n|turn|5\n|inactive|Serpi n_n has 270 seconds left.\n|inactive|Serpi n_n has 240 seconds left.\n|inactive|Serpi n_n has 210 seconds left.\n|inactive|Isza has 270 seconds left.\n|\n|t:|1770570777\n|move|p1a: Tauros|Blizzard|p2a: Snorlax\n|-damage|p2a: Snorlax|55/100\n|move|p2a: Snorlax|Body Slam|p1a: Tauros\n|-damage|p1a: Tauros|70/100\n|\n|upkeep\n|turn|6\n|inactive|Isza has 240 seconds left.\n|\n|t:|1770570796\n|switch|p1a: Rhydon|Rhydon|100/100\n|switch|p2a: Exeggutor|Exeggutor|100/100\n|\n|upkeep\n|turn|7\n|inactive|Isza has 240 seconds left.\n|\n|t:|1770570809\n|switch|p1a: Exeggutor|Exeggutor|50/100\n|move|p2a: Exeggutor|Sleep Powder|p1a: Exeggutor\n|-status|p1a: Exeggutor|slp|[from] move: Sleep Powder\n|\n|upkeep\n|turn|8\n|inactive|Serpi n_n has 210 seconds left.\n|\n|t:|1770570833\n|switch|p1a: Chansey|Chansey|100/100\n|move|p2a: Exeggutor|Stun Spore|p1a: Chansey\n|-status|p1a: Chansey|par\n|\n|upkeep\n|turn|9\n|inactive|Isza has 240 seconds left.\n|\n|t:|1770570860\n|switch|p2a: Chansey|Chansey|100/100\n|move|p1a: Chansey|Thunder Wave|p2a: Chansey\n|-status|p2a: Chansey|par\n|\n|upkeep\n|turn|10\n|inactive|Serpi n_n has 210 seconds left.\n|\n|t:|1770570868\n|move|p1a: Chansey|Seismic Toss|p2a: Chansey\n|-damage|p2a: Chansey|86/100 par\n|move|p2a: Chansey|Ice Beam|p1a: Chansey\n|-damage|p1a: Chansey|90/100 par\n|\n|upkeep\n|turn|11\n|inactive|Isza has 240 seconds left.\n|\n|t:|1770570877\n|move|p1a: Chansey|Seismic Toss|p2a: Chansey\n|-damage|p2a: Chansey|72/100 par\n|cant|p2a: Chansey|par\n|\n|upkeep\n|turn|12\n|\n|t:|1770570884\n|move|p1a: Chansey|Seismic Toss|p2a: Chansey\n|-damage|p2a: Chansey|58/100 par\n|move|p2a: Chansey|Ice Beam|p1a: Chansey\n|-damage|p1a: Chansey|79/100 par\n|\n|upkeep\n|turn|13\n|\n|t:|1770570889\n|switch|p1a: Snorlax|Snorlax|100/100\n|move|p2a: Chansey|Soft-Boiled|p2a: Chansey\n|-heal|p2a: Chansey|100/100 par\n|\n|upkeep\n|turn|14\n|inactive|Serpi n_n has 240 seconds left.\n|inactive|Isza has 240 seconds left.\n|inactive|Serpi n_n has 210 seconds left.\n|inactive|Isza has 210 seconds left.\n|inactive|Isza has 180 seconds left.\n|\n|t:|1770570978\n|switch|p1a: Rhydon|Rhydon|100/100\n|switch|p2a: Exeggutor|Exeggutor|100/100\n|\n|upkeep\n|turn|15\n|inactive|Serpi n_n has 180 seconds left.\n|\n|t:|1770571013\n|switch|p1a: Chansey|Chansey|79/100 par\n|move|p2a: Exeggutor|Psychic|p1a: Chansey\n|-damage|p1a: Chansey|61/100 par\n|\n|upkeep\n|turn|16\n|inactive|Serpi n_n has 180 seconds left.\n|inactive|Isza has 180 seconds left.\n|\n|t:|1770571035\n|switch|p2a: Snorlax|Snorlax|55/100\n|move|p1a: Chansey|Thunder Wave|p2a: Snorlax\n|-status|p2a: Snorlax|par\n|\n|upkeep\n|turn|17\n|inactive|Isza has 180 seconds left.\n|\n|t:|1770571053\n|switch|p1a: Snorlax|Snorlax|100/100\n|move|p2a: Snorlax|Body Slam|p1a: Snorlax\n|-damage|p1a: Snorlax|72/100\n|\n|upkeep\n|turn|18\n|inactive|Isza has 180 seconds left.\n|\n|t:|1770571073\n|move|p1a: Snorlax|Body Slam|p2a: Snorlax\n|-damage|p2a: Snorlax|28/100 par\n|move|p2a: Snorlax|Rest|p2a: Snorlax\n|-status|p2a: Snorlax|slp|[from] move: Rest\n|-heal|p2a: Snorlax|100/100 slp|[silent]\n|\n|upkeep\n|turn|19\n|\n|t:|1770571081\n|move|p1a: Snorlax|Body Slam|p2a: Snorlax\n|-damage|p2a: Snorlax|76/100 slp\n|cant|p2a: Snorlax|slp\n|\n|upkeep\n|turn|20\n|\n|t:|1770571085\n|switch|p2a: Exeggutor|Exeggutor|100/100\n|move|p1a: Snorlax|Body Slam|p2a: Exeggutor\n|-damage|p2a: Exeggutor|69/100\n|\n|upkeep\n|turn|21\n|inactive|Serpi n_n has 180 seconds left.\n|\n|t:|1770571121\n|move|p2a: Exeggutor|Psychic|p1a: Snorlax\n|-damage|p1a: Snorlax|40/100\n|move|p1a: Snorlax|Body Slam|p2a: Exeggutor\n|-damage|p2a: Exeggutor|39/100\n|-status|p2a: Exeggutor|par\n|\n|upkeep\n|turn|22\n|inactive|Isza has 180 seconds left.\n|inactive|Serpi n_n has 150 seconds left.\n|\n|t:|1770571162\n|switch|p2a: Starmie|Starmie|100/100\n|move|p1a: Snorlax|Hyper Beam|p2a: Starmie\n|-crit|p2a: Starmie\n|-damage|p2a: Starmie|0 fnt\n|faint|p2a: Starmie\n|c|☆Serpi n_n|sry\n|inactive|Isza has 150 seconds left.\n|inactive|Isza has 120 seconds left.\n|\n|t:|1770571218\n|switch|p2a: Tauros|Tauros|100/100\n|turn|23\n|inactive|Serpi n_n has 150 seconds left.\n|\n|t:|1770571241\n|move|p2a: Tauros|Hyper Beam|p1a: Snorlax\n|-damage|p1a: Snorlax|0 fnt\n|faint|p1a: Snorlax\n|\n|t:|1770571253\n|switch|p1a: Starmie|Starmie|100/100\n|turn|24\n|inactive|Isza has 90 seconds left.\n|\n|t:|1770571295\n|switch|p1a: Rhydon|Rhydon|100/100\n|switch|p2a: Chansey|Chansey|100/100 par\n|\n|upkeep\n|turn|25\n|\n|t:|1770571301\n|move|p1a: Rhydon|Earthquake|p2a: Chansey\n|-damage|p2a: Chansey|48/100 par\n|cant|p2a: Chansey|par\n|\n|upkeep\n|turn|26\n|\n|t:|1770571317\n|switch|p2a: Exeggutor|Exeggutor|39/100 par\n|move|p1a: Rhydon|Substitute|p1a: Rhydon\n|-start|p1a: Rhydon|Substitute\n|-damage|p1a: Rhydon|76/100\n|\n|upkeep\n|turn|27\n|\n|t:|1770571332\n|move|p1a: Rhydon|Body Slam|p2a: Exeggutor\n|-damage|p2a: Exeggutor|16/100 par\n|move|p2a: Exeggutor|Stun Spore|p1a: Rhydon\n|-status|p1a: Rhydon|par\n|\n|upkeep\n|turn|28\n|\n|t:|1770571340\n|move|p2a: Exeggutor|Psychic|p1a: Rhydon\n|-end|p1a: Rhydon|Substitute\n|cant|p1a: Rhydon|par\n|\n|upkeep\n|turn|29\n|\n|t:|1770571349\n|switch|p1a: Exeggutor|Exeggutor|50/100 slp\n|move|p2a: Exeggutor|Explosion|p1a: Exeggutor\n|-damage|p1a: Exeggutor|0 fnt\n|faint|p1a: Exeggutor\n|faint|p2a: Exeggutor\n|inactive|Serpi n_n has 120 seconds left.\n|inactive|Isza has 90 seconds left.\n|inactive|Isza has 60 seconds left.\n|\n|t:|1770571422\n|switch|p1a: Rhydon|Rhydon|76/100 par\n|switch|p2a: Chansey|Chansey|48/100 par\n|turn|30\n|\n|t:|1770571442\n|switch|p2a: Snorlax|Snorlax|76/100 slp\n|move|p1a: Rhydon|Earthquake|p2a: Snorlax\n|-damage|p2a: Snorlax|40/100 slp\n|\n|upkeep\n|turn|31\n|inactive|Serpi n_n has 120 seconds left.\n|inactive|Serpi n_n has 90 seconds left.\n|inactive|Serpi n_n has 60 seconds left.\n|\n|t:|1770571518\n|switch|p1a: Tauros|Tauros|70/100\n|-curestatus|p2a: Snorlax|slp|[msg]\n|\n|upkeep\n|turn|32\n|inactive|Serpi n_n has 60 seconds left.\n|\n|t:|1770571528\n|switch|p2a: Alakazam|Alakazam|100/100 slp\n|move|p1a: Tauros|Body Slam|p2a: Alakazam\n|-crit|p2a: Alakazam\n|-damage|p2a: Alakazam|6/100 slp\n|\n|upkeep\n|turn|33\n|inactive|Serpi n_n has 60 seconds left.\n|\n|t:|1770571539\n|cant|p2a: Alakazam|slp\n|move|p1a: Tauros|Body Slam|p2a: Alakazam\n|-damage|p2a: Alakazam|0 fnt\n|faint|p2a: Alakazam\n|\n|t:|1770571542\n|switch|p2a: Tauros|Tauros|100/100\n|turn|34\n|inactive|Serpi n_n has 60 seconds left.\n|inactive|Serpi n_n has 30 seconds left.\n|\n|t:|1770571590\n|switch|p1a: Starmie|Starmie|100/100\n|move|p2a: Tauros|Body Slam|p1a: Starmie\n|-damage|p1a: Starmie|64/100\n|-status|p1a: Starmie|par\n|\n|upkeep\n|turn|35\n|inactive|Serpi n_n has 30 seconds left.\n|\n|t:|1770571601\n|switch|p2a: Chansey|Chansey|48/100 par\n|move|p1a: Starmie|Recover|p1a: Starmie\n|-heal|p1a: Starmie|100/100 par\n|\n|upkeep\n|turn|36\n|inactive|Serpi n_n has 30 seconds left.\n|inactive|Serpi n_n has 20 seconds left.\n|\n|t:|1770571619\n|switch|p1a: Tauros|Tauros|70/100\n|move|p2a: Chansey|Soft-Boiled|p2a: Chansey\n|-heal|p2a: Chansey|98/100 par\n|\n|upkeep\n|turn|37\n|inactive|Serpi n_n has 30 seconds left this turn.\n|inactive|Serpi n_n has 20 seconds left.\n|\n|t:|1770571638\n|move|p1a: Tauros|Body Slam|p2a: Chansey\n|-damage|p2a: Chansey|56/100 par\n|move|p2a: Chansey|Thunder Wave|p1a: Tauros\n|-status|p1a: Tauros|par\n|\n|upkeep\n|turn|38\n|inactive|Serpi n_n has 30 seconds left this turn.\n|\n|t:|1770571647\n|switch|p2a: Tauros|Tauros|100/100\n|cant|p1a: Tauros|par\n|\n|upkeep\n|turn|39\n|inactive|Serpi n_n has 30 seconds left.\n|inactive|Serpi n_n has 20 seconds left.\n|inactive|Serpi n_n has 15 seconds left.\n|\n|t:|1770571668\n|switch|p1a: Starmie|Starmie|100/100 par\n|move|p2a: Tauros|Body Slam|p1a: Starmie\n|-damage|p1a: Starmie|65/100 par\n|\n|upkeep\n|turn|40\n|inactive|Serpi n_n has 25 seconds left this turn.\n|inactive|Serpi n_n has 20 seconds left.\n|inactive|Serpi n_n has 15 seconds left.\n|inactive|Isza has 90 seconds left.\n|\n|t:|1770571699\n|switch|p2a: Chansey|Chansey|56/100 par\n|cant|p1a: Starmie|par\n|\n|upkeep\n|turn|41\n|inactive|Serpi n_n has 25 seconds left this turn.\n|inactive|Serpi n_n has 20 seconds left.\n|inactive|Serpi n_n has 15 seconds left.\n|inactive|Serpi n_n has 10 seconds left.\n|\n|t:|1770571716\n|switch|p1a: Chansey|Chansey|61/100 par\n|move|p2a: Chansey|Thunderbolt|p1a: Chansey\n|-damage|p1a: Chansey|50/100 par\n|\n|upkeep\n|turn|42\n|inactive|Serpi n_n has 20 seconds left this turn.\n|inactive|Serpi n_n has 15 seconds left.\n|inactive|Serpi n_n has 10 seconds left.\n|\n|t:|1770571727\n|switch|p2a: Snorlax|Snorlax|40/100\n|move|p1a: Chansey|Soft-Boiled|p1a: Chansey\n|-heal|p1a: Chansey|99/100 par\n|\n|upkeep\n|turn|43\n|inactive|Serpi n_n has 20 seconds left this turn.\n|\n|t:|1770571732\n|switch|p1a: Rhydon|Rhydon|76/100 par\n|move|p2a: Snorlax|Body Slam|p1a: Rhydon\n|-resisted|p1a: Rhydon\n|-damage|p1a: Rhydon|64/100 par\n|\n|upkeep\n|turn|44\n|inactive|Serpi n_n has 30 seconds left this turn.\n|\n|t:|1770571745\n|move|p2a: Snorlax|Reflect|p2a: Snorlax\n|-start|p2a: Snorlax|Reflect\n|move|p1a: Rhydon|Substitute|p1a: Rhydon\n|-start|p1a: Rhydon|Substitute\n|-damage|p1a: Rhydon|39/100 par\n|\n|upkeep\n|turn|45\n|inactive|Serpi n_n has 30 seconds left.\n|\n|t:|1770571764\n|move|p2a: Snorlax|Rest|p2a: Snorlax\n|-status|p2a: Snorlax|slp|[from] move: Rest\n|-heal|p2a: Snorlax|100/100 slp|[silent]\n|move|p1a: Rhydon|Rest|p1a: Rhydon\n|-status|p1a: Rhydon|slp|[from] move: Rest\n|-heal|p1a: Rhydon|100/100 slp|[silent]\n|\n|upkeep\n|turn|46\n|\n|t:|1770571773\n|switch|p2a: Tauros|Tauros|100/100\n|cant|p1a: Rhydon|slp\n|\n|upkeep\n|turn|47\n|\n|t:|1770571775\n|move|p2a: Tauros|Earthquake|p1a: Rhydon\n|-crit|p1a: Rhydon\n|-supereffective|p1a: Rhydon\n|-end|p1a: Rhydon|Substitute\n|-curestatus|p1a: Rhydon|slp|[msg]\n|\n|upkeep\n|turn|48\n|inactive|Isza has 120 seconds left.\n|inactive|Serpi n_n has 30 seconds left.\n|\n|t:|1770571803\n|switch|p1a: Chansey|Chansey|99/100 par\n|move|p2a: Tauros|Blizzard|p1a: Chansey\n|-damage|p1a: Chansey|89/100 par\n|\n|upkeep\n|turn|49\n|inactive|Serpi n_n has 30 seconds left.\n|\n|t:|1770571815\n|switch|p2a: Chansey|Chansey|56/100 par\n|move|p1a: Chansey|Thunder Wave|p2a: Chansey\n|-fail|p2a: Chansey|par\n|\n|upkeep\n|turn|50\n|inactive|Isza has 120 seconds left.\n|\n|t:|1770571824\n|switch|p1a: Tauros|Tauros|70/100 par\n|cant|p2a: Chansey|par\n|\n|upkeep\n|turn|51\n|inactive|Serpi n_n has 30 seconds left.\n|\n|t:|1770571841\n|switch|p1a: Rhydon|Rhydon|100/100\n|switch|p2a: Snorlax|Snorlax|100/100 slp\n|\n|upkeep\n|turn|52\n|\n|t:|1770571847\n|move|p1a: Rhydon|Earthquake|p2a: Snorlax\n|-damage|p2a: Snorlax|64/100 slp\n|cant|p2a: Snorlax|slp\n|\n|upkeep\n|turn|53\n|\n|t:|1770571851\n|move|p1a: Rhydon|Earthquake|p2a: Snorlax\n|-damage|p2a: Snorlax|30/100 slp\n|-curestatus|p2a: Snorlax|slp|[msg]\n|\n|upkeep\n|turn|54\n|inactive|Isza has 150 seconds left.\n|\n|t:|1770571865\n|move|p1a: Rhydon|Earthquake|p2a: Snorlax\n|-damage|p2a: Snorlax|0 fnt\n|faint|p2a: Snorlax\n|\n|t:|1770571867\n|switch|p2a: Tauros|Tauros|100/100\n|turn|55\n|inactive|Serpi n_n has 30 seconds left.\n|inactive|Isza has 150 seconds left.\n|inactive|Serpi n_n has 20 seconds left.\n|\n|t:|1770571915\n|switch|p1a: Tauros|Tauros|70/100 par\n|move|p2a: Tauros|Blizzard|p1a: Tauros|[miss]\n|-miss|p2a: Tauros\n|\n|upkeep\n|turn|56\n|inactive|Serpi n_n has 30 seconds left this turn.\n|\n|t:|1770571919\n|move|p2a: Tauros|Body Slam|p1a: Tauros\n|-damage|p1a: Tauros|40/100 par\n|cant|p1a: Tauros|par\n|\n|upkeep\n|turn|57\n|inactive|Serpi n_n has 30 seconds left.\n|inactive|Isza has 150 seconds left.\n|\n|t:|1770571933\n|move|p2a: Tauros|Hyper Beam|p1a: Tauros\n|-damage|p1a: Tauros|0 fnt\n|faint|p1a: Tauros\n|inactive|Serpi n_n has 30 seconds left.\n|\n|t:|1770571945\n|switch|p1a: Chansey|Chansey|89/100 par\n|turn|58\n|\n|t:|1770571956\n|switch|p2a: Chansey|Chansey|56/100 par\n|move|p1a: Chansey|Thunder Wave|p2a: Chansey\n|-fail|p2a: Chansey|par\n|\n|upkeep\n|turn|59\n|\n|t:|1770571966\n|cant|p1a: Chansey|par\n|move|p2a: Chansey|Ice Beam|p1a: Chansey\n|-damage|p1a: Chansey|78/100 par\n|\n|upkeep\n|turn|60\n|\n|t:|1770571971\n|move|p1a: Chansey|Seismic Toss|p2a: Chansey\n|-damage|p2a: Chansey|42/100 par\n|cant|p2a: Chansey|par\n|\n|upkeep\n|turn|61\n|\n|t:|1770571986\n|cant|p2a: Chansey|par\n|cant|p1a: Chansey|par\n|\n|upkeep\n|turn|62\n|\n|t:|1770571991\n|move|p1a: Chansey|Seismic Toss|p2a: Chansey\n|-damage|p2a: Chansey|28/100 par\n|move|p2a: Chansey|Soft-Boiled|p2a: Chansey\n|-heal|p2a: Chansey|77/100 par\n|\n|upkeep\n|turn|63\n|inactive|Serpi n_n has 60 seconds left.\n|inactive|Isza has 180 seconds left.\n|\n|t:|1770572008\n|move|p2a: Chansey|Ice Beam|p1a: Chansey\n|-damage|p1a: Chansey|67/100 par\n|cant|p1a: Chansey|par\n|\n|upkeep\n|turn|64\n|\n|t:|1770572017\n|cant|p1a: Chansey|par\n|move|p2a: Chansey|Soft-Boiled|p2a: Chansey\n|-heal|p2a: Chansey|100/100 par\n|\n|upkeep\n|turn|65\n|inactive|Serpi n_n has 60 seconds left.\n|\n|t:|1770572022\n|cant|p1a: Chansey|par\n|move|p2a: Chansey|Thunderbolt|p1a: Chansey|[miss]\n|-miss|p2a: Chansey\n|-hint|In Gen 1, moves with 100% accuracy can still miss 1/256 of the time.\n|\n|upkeep\n|turn|66\n|\n|t:|1770572026\n|move|p1a: Chansey|Soft-Boiled|p1a: Chansey\n|-heal|p1a: Chansey|100/100 par\n|move|p2a: Chansey|Thunderbolt|p1a: Chansey\n|-damage|p1a: Chansey|89/100 par\n|\n|upkeep\n|turn|67\n|\n|t:|1770572030\n|move|p2a: Chansey|Thunderbolt|p1a: Chansey\n|-damage|p1a: Chansey|78/100 par\n|move|p1a: Chansey|Seismic Toss|p2a: Chansey\n|-damage|p2a: Chansey|86/100 par\n|\n|upkeep\n|turn|68\n|\n|t:|1770572038\n|move|p2a: Chansey|Ice Beam|p1a: Chansey\n|-damage|p1a: Chansey|68/100 par\n|move|p1a: Chansey|Soft-Boiled|p1a: Chansey\n|-heal|p1a: Chansey|100/100 par\n|\n|upkeep\n|turn|69\n|inactive|Serpi n_n has 90 seconds left.\n|\n|t:|1770572047\n|move|p2a: Chansey|Ice Beam|p1a: Chansey\n|-damage|p1a: Chansey|89/100 par\n|move|p1a: Chansey|Seismic Toss|p2a: Chansey\n|-damage|p2a: Chansey|72/100 par\n|\n|upkeep\n|turn|70\n|\n|t:|1770572053\n|cant|p2a: Chansey|par\n|move|p1a: Chansey|Sing|p2a: Chansey|[miss]\n|-miss|p1a: Chansey\n|\n|upkeep\n|turn|71\n|\n|t:|1770572060\n|move|p2a: Chansey|Thunderbolt|p1a: Chansey\n|-damage|p1a: Chansey|78/100 par\n|cant|p1a: Chansey|par\n|\n|upkeep\n|turn|72\n|\n|t:|1770572069\n|move|p2a: Chansey|Soft-Boiled|p2a: Chansey\n|-heal|p2a: Chansey|100/100 par\n|cant|p1a: Chansey|par\n|\n|upkeep\n|turn|73\n|\n|t:|1770572075\n|move|p1a: Chansey|Soft-Boiled|p1a: Chansey\n|-heal|p1a: Chansey|100/100 par\n|move|p2a: Chansey|Thunderbolt|p1a: Chansey\n|-damage|p1a: Chansey|89/100 par\n|\n|upkeep\n|turn|74\n|inactive|Isza has 270 seconds left.\n|\n|t:|1770572080\n|move|p2a: Chansey|Thunder Wave|p1a: Chansey\n|-fail|p1a: Chansey|par\n|cant|p1a: Chansey|par\n|\n|upkeep\n|turn|75\n|\n|t:|1770572082\n|move|p2a: Chansey|Thunder Wave|p1a: Chansey\n|-fail|p1a: Chansey|par\n|cant|p1a: Chansey|par\n|\n|upkeep\n|turn|76\n|\n|t:|1770572084\n|move|p2a: Chansey|Thunder Wave|p1a: Chansey\n|-fail|p1a: Chansey|par\n|move|p1a: Chansey|Seismic Toss|p2a: Chansey\n|-damage|p2a: Chansey|86/100 par\n|\n|upkeep\n|turn|77\n|\n|t:|1770572096\n|move|p2a: Chansey|Ice Beam|p1a: Chansey\n|-damage|p1a: Chansey|79/100 par\n|cant|p1a: Chansey|par\n|\n|upkeep\n|turn|78\n|\n|t:|1770572102\n|cant|p2a: Chansey|par\n|move|p1a: Chansey|Soft-Boiled|p1a: Chansey\n|-heal|p1a: Chansey|100/100 par\n|\n|upkeep\n|turn|79\n|\n|t:|1770572106\n|cant|p1a: Chansey|par\n|move|p2a: Chansey|Thunderbolt|p1a: Chansey\n|-damage|p1a: Chansey|90/100 par\n|\n|upkeep\n|turn|80\n|\n|t:|1770572108\n|move|p2a: Chansey|Thunder Wave|p1a: Chansey\n|-fail|p1a: Chansey|par\n|move|p1a: Chansey|Sing|p2a: Chansey\n|-fail|p2a: Chansey\n|\n|upkeep\n|turn|81\n|\n|t:|1770572116\n|move|p1a: Chansey|Sing|p2a: Chansey|[miss]\n|-miss|p1a: Chansey\n|move|p2a: Chansey|Thunder Wave|p1a: Chansey\n|-fail|p1a: Chansey|par\n|\n|upkeep\n|turn|82\n|\n|t:|1770572120\n|move|p1a: Chansey|Sing|p2a: Chansey|[miss]\n|-miss|p1a: Chansey\n|move|p2a: Chansey|Thunder Wave|p1a: Chansey\n|-fail|p1a: Chansey|par\n|\n|upkeep\n|turn|83\n|\n|t:|1770572129\n|move|p2a: Chansey|Thunderbolt|p1a: Chansey\n|-damage|p1a: Chansey|78/100 par\n|cant|p1a: Chansey|par\n|\n|upkeep\n|turn|84\n|\n|t:|1770572136\n|move|p1a: Chansey|Soft-Boiled|p1a: Chansey\n|-heal|p1a: Chansey|100/100 par\n|move|p2a: Chansey|Thunderbolt|p1a: Chansey\n|-crit|p1a: Chansey\n|-damage|p1a: Chansey|81/100 par\n|\n|upkeep\n|turn|85\n|\n|t:|1770572154\n|cant|p2a: Chansey|par\n|move|p1a: Chansey|Seismic Toss|p2a: Chansey\n|-damage|p2a: Chansey|72/100 par\n|\n|upkeep\n|turn|86\n|\n|t:|1770572159\n|move|p2a: Chansey|Soft-Boiled|p2a: Chansey\n|-heal|p2a: Chansey|100/100 par\n|move|p1a: Chansey|Sing|p2a: Chansey\n|-fail|p2a: Chansey\n|\n|upkeep\n|turn|87\n|\n|t:|1770572163\n|move|p2a: Chansey|Thunderbolt|p1a: Chansey\n|-damage|p1a: Chansey|70/100 par\n|move|p1a: Chansey|Seismic Toss|p2a: Chansey\n|-damage|p2a: Chansey|86/100 par\n|\n|upkeep\n|turn|88\n|inactive|Serpi n_n has 210 seconds left.\n|\n|t:|1770572170\n|move|p2a: Chansey|Thunderbolt|p1a: Chansey\n|-damage|p1a: Chansey|59/100 par\n|move|p1a: Chansey|Soft-Boiled|p1a: Chansey\n|-heal|p1a: Chansey|100/100 par\n|\n|upkeep\n|turn|89\n|\n|t:|1770572175\n|move|p1a: Chansey|Seismic Toss|p2a: Chansey\n|-damage|p2a: Chansey|72/100 par\n|move|p2a: Chansey|Thunder Wave|p1a: Chansey\n|-fail|p1a: Chansey|par\n|\n|upkeep\n|turn|90\n|\n|t:|1770572179\n|move|p2a: Chansey|Thunderbolt|p1a: Chansey\n|-damage|p1a: Chansey|90/100 par\n|cant|p1a: Chansey|par\n|\n|upkeep\n|turn|91\n|\n|t:|1770572184\n|move|p2a: Chansey|Soft-Boiled|p2a: Chansey\n|-heal|p2a: Chansey|100/100 par\n|move|p1a: Chansey|Sing|p2a: Chansey\n|-fail|p2a: Chansey\n|\n|upkeep\n|turn|92\n|\n|t:|1770572188\n|cant|p1a: Chansey|par\n|move|p2a: Chansey|Thunderbolt|p1a: Chansey\n|-damage|p1a: Chansey|80/100 par\n|\n|upkeep\n|turn|93\n|\n|t:|1770572193\n|move|p2a: Chansey|Thunderbolt|p1a: Chansey\n|-damage|p1a: Chansey|70/100 par\n|cant|p1a: Chansey|par\n|\n|upkeep\n|turn|94\n|\n|t:|1770572214\n|move|p1a: Chansey|Thunder Wave|p2a: Chansey\n|-fail|p2a: Chansey|par\n|move|p2a: Chansey|Thunderbolt|p1a: Chansey\n|-damage|p1a: Chansey|59/100 par\n|\n|upkeep\n|turn|95\n|\n|t:|1770572220\n|switch|p2a: Tauros|Tauros|100/100\n|move|p1a: Chansey|Thunder Wave|p2a: Tauros\n|-status|p2a: Tauros|par\n|\n|upkeep\n|turn|96\n|inactive|Serpi n_n has 240 seconds left.\n|inactive|Isza has 270 seconds left.\n|inactive|Serpi n_n has 210 seconds left.\n|inactive|Isza has 240 seconds left.\n|inactive|Serpi n_n has 180 seconds left.\n|inactive|Isza has 210 seconds left.\n|inactive|Serpi n_n has 150 seconds left.\n|inactive|Isza has 180 seconds left.\n|\n|t:|1770572376\n|switch|p1a: Starmie|Starmie|65/100 par\n|move|p2a: Tauros|Blizzard|p1a: Starmie\n|-resisted|p1a: Starmie\n|-damage|p1a: Starmie|53/100 par\n|\n|upkeep\n|turn|97\n|inactive|Isza has 150 seconds left.\n|\n|t:|1770572396\n|switch|p2a: Chansey|Chansey|100/100 par\n|move|p1a: Starmie|Recover|p1a: Starmie\n|-heal|p1a: Starmie|100/100 par\n|\n|upkeep\n|turn|98\n|inactive|Isza has 150 seconds left.\n|inactive|Serpi n_n has 120 seconds left.\n|\n|t:|1770572423\n|switch|p1a: Chansey|Chansey|59/100 par\n|cant|p2a: Chansey|par\n|\n|upkeep\n|turn|99\n|\n|t:|1770572428\n|switch|p2a: Tauros|Tauros|100/100 par\n|move|p1a: Chansey|Seismic Toss|p2a: Tauros\n|-damage|p2a: Tauros|72/100 par\n|\n|upkeep\n|turn|100\n|\n|t:|1770572435\n|switch|p1a: Starmie|Starmie|100/100 par\n|move|p2a: Tauros|Body Slam|p1a: Starmie\n|-crit|p1a: Starmie\n|-damage|p1a: Starmie|31/100 par\n|\n|upkeep\n|turn|101\n|\n|t:|1770572450\n|move|p1a: Starmie|Blizzard|p2a: Tauros|[miss]\n|-miss|p1a: Starmie\n|cant|p2a: Tauros|par\n|\n|upkeep\n|turn|102\n|\n|t:|1770572461\n|move|p1a: Starmie|Recover|p1a: Starmie\n|-heal|p1a: Starmie|81/100 par\n|move|p2a: Tauros|Body Slam|p1a: Starmie\n|-damage|p1a: Starmie|49/100 par\n|\n|upkeep\n|turn|103\n|\n|t:|1770572468\n|move|p1a: Starmie|Recover|p1a: Starmie\n|-heal|p1a: Starmie|99/100 par\n|move|p2a: Tauros|Hyper Beam|p1a: Starmie\n|-crit|p1a: Starmie\n|-damage|p1a: Starmie|0 fnt\n|faint|p1a: Starmie\n|\n|t:|1770572474\n|switch|p1a: Rhydon|Rhydon|100/100\n|turn|104\n|inactive|Isza has 180 seconds left.\n|inactive|Serpi n_n has 120 seconds left.\n|inactive|Isza has 150 seconds left.\n|\n|t:|1770572546\n|move|p1a: Rhydon|Substitute|p1a: Rhydon\n|-start|p1a: Rhydon|Substitute\n|-damage|p1a: Rhydon|76/100\n|move|p2a: Tauros|Blizzard|p1a: Rhydon\n|-supereffective|p1a: Rhydon\n|-end|p1a: Rhydon|Substitute\n|\n|upkeep\n|turn|105\n|\n|t:|1770572558\n|move|p1a: Rhydon|Earthquake|p2a: Tauros\n|-damage|p2a: Tauros|33/100 par\n|move|p2a: Tauros|Blizzard|p1a: Rhydon\n|-supereffective|p1a: Rhydon\n|-damage|p1a: Rhydon|19/100\n|\n|upkeep\n|turn|106\n|\n|t:|1770572584\n|move|p1a: Rhydon|Earthquake|p2a: Tauros\n|-damage|p2a: Tauros|0 fnt\n|faint|p2a: Tauros\n|\n|t:|1770572586\n|switch|p2a: Chansey|Chansey|100/100 par\n|turn|107\n|inactive|Serpi n_n has 120 seconds left.\n|\n|t:|1770572618\n|move|p1a: Rhydon|Earthquake|p2a: Chansey\n|-damage|p2a: Chansey|45/100 par\n|cant|p2a: Chansey|par\n|\n|upkeep\n|turn|108\n|\n|t:|1770572623\n|move|p1a: Rhydon|Earthquake|p2a: Chansey\n|-damage|p2a: Chansey|0 fnt\n|faint|p2a: Chansey\n|\n|win|Serpi n_n\n","uploadtime":1770572623,"views":"970","formatid":"gen1ou","rating":null,"private":0,"password":null}