{"id":"smogtours-gen1ou-902708","format":"[Gen 1] OU","players":["Ct0wn","LNumbers"],"log":"|inactive|Battle timer is ON: inactive players will automatically lose when time's up.\n|t:|1769373543\n|gametype|singles\n|player|p1|Ct0wn|#splxviiclassiest2|\n|player|p2|LNumbers|#splxviityrants|\n|gen|1\n|tier|[Gen 1] OU\n|rule|Desync Clause Mod: Desyncs changed to move failure.\n|rule|Sleep Clause Mod: Limit one foe put to sleep\n|rule|Freeze Clause Mod: Limit one foe frozen\n|rule|Species Clause: Limit one of each Pokémon\n|rule|OHKO Clause: OHKO moves are banned\n|rule|Evasion Moves Clause: Evasion moves are banned\n|rule|Endless Battle Clause: Forcing endless battles is banned\n|rule|HP Percentage Mod: HP is shown in percentages\n|\n|t:|1769373543\n|teamsize|p1|6\n|teamsize|p2|6\n|start\n|switch|p1a: Starmie|Starmie|100/100\n|switch|p2a: Tauros|Tauros|100/100\n|turn|1\n|c|☆LNumbers|hf\n|c|☆Ct0wn|Hf\n|\n|t:|1769373562\n|switch|p2a: Chansey|Chansey|100/100\n|move|p1a: Starmie|Blizzard|p2a: Chansey\n|-crit|p2a: Chansey\n|-damage|p2a: Chansey|74/100\n|\n|upkeep\n|turn|2\n|\n|t:|1769373572\n|move|p1a: Starmie|Blizzard|p2a: Chansey|[miss]\n|-miss|p1a: Starmie\n|move|p2a: Chansey|Thunderbolt|p1a: Starmie\n|-supereffective|p1a: Starmie\n|-damage|p1a: Starmie|55/100\n|\n|upkeep\n|turn|3\n|\n|t:|1769373581\n|switch|p2a: Exeggutor|Exeggutor|100/100\n|move|p1a: Starmie|Recover|p1a: Starmie\n|-heal|p1a: Starmie|100/100\n|\n|upkeep\n|turn|4\n|rated|Smogon Premier League\n|\n|t:|1769373607\n|move|p1a: Starmie|Blizzard|p2a: Exeggutor|[miss]\n|-miss|p1a: Starmie\n|move|p2a: Exeggutor|Sleep Powder|p1a: Starmie\n|-status|p1a: Starmie|slp|[from] move: Sleep Powder\n|\n|upkeep\n|turn|5\n|\n|t:|1769373617\n|switch|p2a: Tauros|Tauros|100/100\n|cant|p1a: Starmie|slp\n|\n|upkeep\n|turn|6\n|\n|t:|1769373620\n|switch|p1a: Snorlax|Snorlax|100/100\n|move|p2a: Tauros|Body Slam|p1a: Snorlax\n|-damage|p1a: Snorlax|74/100\n|\n|upkeep\n|turn|7\n|inactive|LNumbers has 270 seconds left.\n|inactive|LNumbers has 240 seconds left.\n|\n|t:|1769373690\n|switch|p2a: Snorlax|Snorlax|100/100\n|move|p1a: Snorlax|Body Slam|p2a: Snorlax\n|-damage|p2a: Snorlax|73/100\n|\n|upkeep\n|turn|8\n|\n|t:|1769373705\n|move|p1a: Snorlax|Reflect|p1a: Snorlax\n|-start|p1a: Snorlax|Reflect\n|move|p2a: Snorlax|Body Slam|p1a: Snorlax\n|-damage|p1a: Snorlax|61/100\n|\n|upkeep\n|turn|9\n|\n|t:|1769373708\n|switch|p1a: Exeggutor|Exeggutor|100/100\n|move|p2a: Snorlax|Reflect|p2a: Snorlax\n|-start|p2a: Snorlax|Reflect\n|\n|upkeep\n|turn|10\n|\n|t:|1769373712\n|switch|p2a: Exeggutor|Exeggutor|100/100\n|move|p1a: Exeggutor|Sleep Powder|p2a: Exeggutor\n|-status|p2a: Exeggutor|slp|[from] move: Sleep Powder\n|\n|upkeep\n|turn|11\n|inactive|LNumbers has 240 seconds left.\n|\n|t:|1769373757\n|switch|p2a: Chansey|Chansey|74/100\n|move|p1a: Exeggutor|Psychic|p2a: Chansey\n|-damage|p2a: Chansey|57/100\n|\n|upkeep\n|turn|12\n|\n|t:|1769373770\n|move|p1a: Exeggutor|Stun Spore|p2a: Chansey\n|-status|p2a: Chansey|par\n|move|p2a: Chansey|Thunder Wave|p1a: Exeggutor\n|-status|p1a: Exeggutor|par\n|\n|upkeep\n|turn|13\n|\n|t:|1769373783\n|switch|p1a: Snorlax|Snorlax|61/100\n|move|p2a: Chansey|Thunder Wave|p1a: Snorlax\n|-status|p1a: Snorlax|par\n|\n|upkeep\n|turn|14\n|inactive|LNumbers has 210 seconds left.\n|inactive|LNumbers has 180 seconds left.\n|\n|t:|1769373836\n|switch|p2a: Snorlax|Snorlax|73/100\n|move|p1a: Snorlax|Body Slam|p2a: Snorlax\n|-damage|p2a: Snorlax|48/100\n|\n|upkeep\n|turn|15\n|inactive|LNumbers has 180 seconds left.\n|inactive|LNumbers has 150 seconds left.\n|\n|t:|1769373879\n|move|p2a: Snorlax|Reflect|p2a: Snorlax\n|-start|p2a: Snorlax|Reflect\n|move|p1a: Snorlax|Reflect|p1a: Snorlax\n|-start|p1a: Snorlax|Reflect\n|\n|upkeep\n|turn|16\n|\n|t:|1769373892\n|move|p2a: Snorlax|Rest|p2a: Snorlax\n|-status|p2a: Snorlax|slp|[from] move: Rest\n|-heal|p2a: Snorlax|100/100 slp|[silent]\n|cant|p1a: Snorlax|par\n|\n|upkeep\n|turn|17\n|\n|t:|1769373897\n|cant|p2a: Snorlax|slp\n|move|p1a: Snorlax|Body Slam|p2a: Snorlax\n|-damage|p2a: Snorlax|88/100 slp\n|\n|upkeep\n|turn|18\n|\n|t:|1769373900\n|-curestatus|p2a: Snorlax|slp|[msg]\n|cant|p1a: Snorlax|par\n|\n|upkeep\n|turn|19\n|inactive|LNumbers has 180 seconds left.\n|\n|t:|1769373931\n|move|p2a: Snorlax|Body Slam|p1a: Snorlax\n|-damage|p1a: Snorlax|47/100 par\n|move|p1a: Snorlax|Body Slam|p2a: Snorlax\n|-damage|p2a: Snorlax|74/100\n|\n|upkeep\n|turn|20\n|\n|t:|1769373940\n|switch|p2a: Starmie|Starmie|100/100\n|move|p1a: Snorlax|Body Slam|p2a: Starmie|[miss]\n|-miss|p1a: Snorlax\n|-hint|In Gen 1, moves with 100% accuracy can still miss 1/256 of the time.\n|\n|upkeep\n|turn|21\n|\n|t:|1769373965\n|move|p2a: Starmie|Psychic|p1a: Snorlax\n|-damage|p1a: Snorlax|22/100 par\n|cant|p1a: Snorlax|par\n|\n|upkeep\n|turn|22\n|\n|t:|1769373984\n|switch|p1a: Alakazam|Alakazam|100/100\n|move|p2a: Starmie|Blizzard|p1a: Alakazam\n|-damage|p1a: Alakazam|74/100\n|\n|upkeep\n|turn|23\n|\n|t:|1769374012\n|switch|p1a: Snorlax|Snorlax|22/100 par\n|switch|p2a: Chansey|Chansey|57/100 par\n|\n|upkeep\n|turn|24\n|\n|t:|1769374024\n|switch|p2a: Rhydon|Rhydon|100/100\n|move|p1a: Snorlax|Body Slam|p2a: Rhydon\n|-resisted|p2a: Rhydon\n|-damage|p2a: Rhydon|88/100\n|\n|upkeep\n|turn|25\n|inactive|LNumbers has 150 seconds left.\n|\n|t:|1769374053\n|switch|p1a: Exeggutor|Exeggutor|100/100 par\n|move|p2a: Rhydon|Rock Slide|p1a: Exeggutor\n|-damage|p1a: Exeggutor|71/100 par\n|\n|upkeep\n|turn|26\n|\n|t:|1769374079\n|switch|p2a: Chansey|Chansey|57/100 par\n|move|p1a: Exeggutor|Psychic|p2a: Chansey\n|-damage|p2a: Chansey|40/100 par\n|\n|upkeep\n|turn|27\n|inactive|LNumbers has 120 seconds left.\n|\n|t:|1769374099\n|switch|p1a: Snorlax|Snorlax|22/100 par\n|move|p2a: Chansey|Soft-Boiled|p2a: Chansey\n|-heal|p2a: Chansey|90/100 par\n|\n|upkeep\n|turn|28\n|\n|t:|1769374106\n|switch|p2a: Rhydon|Rhydon|88/100\n|move|p1a: Snorlax|Earthquake|p2a: Rhydon\n|-supereffective|p2a: Rhydon\n|-damage|p2a: Rhydon|53/100\n|\n|upkeep\n|turn|29\n|inactive|LNumbers has 120 seconds left.\n|\n|t:|1769374129\n|move|p2a: Rhydon|Earthquake|p1a: Snorlax\n|-damage|p1a: Snorlax|0 fnt\n|faint|p1a: Snorlax\n|\n|t:|1769374138\n|switch|p1a: Tauros|Tauros|100/100\n|turn|30\n|inactive|LNumbers has 120 seconds left.\n|inactive|LNumbers has 90 seconds left.\n|\n|t:|1769374203\n|switch|p2a: Starmie|Starmie|100/100\n|move|p1a: Tauros|Earthquake|p2a: Starmie\n|-damage|p2a: Starmie|74/100\n|\n|upkeep\n|turn|31\n|\n|t:|1769374214\n|switch|p1a: Starmie|Starmie|100/100 slp\n|move|p2a: Starmie|Recover|p2a: Starmie\n|-heal|p2a: Starmie|100/100\n|\n|upkeep\n|turn|32\n|\n|t:|1769374227\n|switch|p2a: Tauros|Tauros|100/100\n|cant|p1a: Starmie|slp\n|\n|upkeep\n|turn|33\n|\n|t:|1769374231\n|cant|p1a: Starmie|slp\n|move|p2a: Tauros|Body Slam|p1a: Starmie\n|-damage|p1a: Starmie|64/100 slp\n|\n|upkeep\n|turn|34\n|\n|t:|1769374233\n|-curestatus|p1a: Starmie|slp|[msg]\n|move|p2a: Tauros|Body Slam|p1a: Starmie\n|-damage|p1a: Starmie|28/100\n|-status|p1a: Starmie|par\n|\n|upkeep\n|turn|35\n|\n|t:|1769374255\n|move|p2a: Tauros|Body Slam|p1a: Starmie\n|-damage|p1a: Starmie|0 fnt\n|faint|p1a: Starmie\n|\n|t:|1769374258\n|switch|p1a: Tauros|Tauros|100/100\n|turn|36\n|\n|t:|1769374265\n|move|p2a: Tauros|Body Slam|p1a: Tauros\n|-damage|p1a: Tauros|71/100\n|move|p1a: Tauros|Body Slam|p2a: Tauros\n|-damage|p2a: Tauros|72/100\n|\n|upkeep\n|turn|37\n|\n|t:|1769374270\n|move|p2a: Tauros|Body Slam|p1a: Tauros\n|-crit|p1a: Tauros\n|-damage|p1a: Tauros|10/100\n|move|p1a: Tauros|Body Slam|p2a: Tauros\n|-damage|p2a: Tauros|45/100\n|\n|upkeep\n|turn|38\n|inactive|LNumbers has 120 seconds left.\n|\n|t:|1769374284\n|move|p1a: Tauros|Hyper Beam|p2a: Tauros\n|-crit|p2a: Tauros\n|-damage|p2a: Tauros|0 fnt\n|faint|p2a: Tauros\n|\n|t:|1769374295\n|switch|p2a: Snorlax|Snorlax|74/100\n|turn|39\n|\n|t:|1769374310\n|move|p1a: Tauros|Hyper Beam|p2a: Snorlax\n|-damage|p2a: Snorlax|31/100\n|-mustrecharge|p1a: Tauros\n|move|p2a: Snorlax|Body Slam|p1a: Tauros\n|-damage|p1a: Tauros|0 fnt\n|faint|p1a: Tauros\n|inactive|Ct0wn has 270 seconds left.\n|\n|t:|1769374338\n|switch|p1a: Alakazam|Alakazam|74/100\n|turn|40\n|\n|t:|1769374345\n|switch|p2a: Exeggutor|Exeggutor|100/100 slp\n|move|p1a: Alakazam|Psychic|p2a: Exeggutor\n|-crit|p2a: Exeggutor\n|-resisted|p2a: Exeggutor\n|-damage|p2a: Exeggutor|71/100 slp\n|\n|upkeep\n|turn|41\n|\n|t:|1769374352\n|switch|p2a: Chansey|Chansey|90/100 par\n|move|p1a: Alakazam|Seismic Toss|p2a: Chansey\n|-damage|p2a: Chansey|76/100 par\n|\n|upkeep\n|turn|42\n|inactive|LNumbers has 120 seconds left.\n|\n|t:|1769374406\n|move|p1a: Alakazam|Psychic|p2a: Chansey\n|-damage|p2a: Chansey|57/100 par\n|cant|p2a: Chansey|par\n|\n|upkeep\n|turn|43\n|\n|t:|1769374412\n|switch|p1a: Rhydon|Rhydon|100/100\n|move|p2a: Chansey|Soft-Boiled|p2a: Chansey\n|-heal|p2a: Chansey|100/100 par\n|\n|upkeep\n|turn|44\n|inactive|LNumbers has 90 seconds left.\n|inactive|LNumbers has 60 seconds left.\n|\n|t:|1769374468\n|move|p1a: Rhydon|Earthquake|p2a: Chansey\n|-damage|p2a: Chansey|48/100 par\n|move|p2a: Chansey|Ice Beam|p1a: Rhydon\n|-supereffective|p1a: Rhydon\n|-damage|p1a: Rhydon|45/100\n|\n|upkeep\n|turn|45\n|inactive|LNumbers has 60 seconds left.\n|inactive|LNumbers has 30 seconds left.\n|\n|t:|1769374505\n|switch|p2a: Starmie|Starmie|100/100\n|move|p1a: Rhydon|Substitute|p1a: Rhydon\n|-start|p1a: Rhydon|Substitute\n|-damage|p1a: Rhydon|20/100\n|\n|upkeep\n|turn|46\n|\n|t:|1769374510\n|move|p2a: Starmie|Psychic|p1a: Rhydon\n|-end|p1a: Rhydon|Substitute\n|move|p1a: Rhydon|Body Slam|p2a: Starmie\n|-damage|p2a: Starmie|72/100\n|-status|p2a: Starmie|par\n|\n|upkeep\n|turn|47\n|\n|t:|1769374536\n|move|p1a: Rhydon|Earthquake|p2a: Starmie\n|-damage|p2a: Starmie|26/100 par\n|move|p2a: Starmie|Psychic|p1a: Rhydon\n|-damage|p1a: Rhydon|0 fnt\n|faint|p1a: Rhydon\n|\n|t:|1769374542\n|switch|p1a: Alakazam|Alakazam|74/100\n|turn|48\n|inactive|Ct0wn has 270 seconds left.\n|inactive|LNumbers has 30 seconds left.\n|inactive|LNumbers has 20 seconds left.\n|\n|t:|1769374582\n|move|p1a: Alakazam|Seismic Toss|p2a: Starmie\n|-damage|p2a: Starmie|0 fnt\n|faint|p2a: Starmie\n|inactive|LNumbers has 25 seconds left this turn.\n|\n|t:|1769374584\n|switch|p2a: Chansey|Chansey|48/100 par\n|turn|49\n|\n|t:|1769374593\n|switch|p1a: Exeggutor|Exeggutor|71/100 par\n|move|p2a: Chansey|Soft-Boiled|p2a: Chansey\n|-heal|p2a: Chansey|98/100 par\n|\n|upkeep\n|turn|50\n|inactive|LNumbers has 30 seconds left.\n|\n|t:|1769374618\n|switch|p2a: Exeggutor|Exeggutor|71/100 slp\n|move|p1a: Exeggutor|Psychic|p2a: Exeggutor\n|-resisted|p2a: Exeggutor\n|-damage|p2a: Exeggutor|59/100 slp\n|-unboost|p2a: Exeggutor|spa|1\n|-unboost|p2a: Exeggutor|spd|1\n|\n|upkeep\n|turn|51\n|inactive|LNumbers has 30 seconds left.\n|\n|t:|1769374629\n|cant|p2a: Exeggutor|slp\n|move|p1a: Exeggutor|Psychic|p2a: Exeggutor\n|-resisted|p2a: Exeggutor\n|-damage|p2a: Exeggutor|38/100 slp\n|\n|upkeep\n|turn|52\n|inactive|LNumbers has 30 seconds left.\n|\n|t:|1769374635\n|switch|p2a: Chansey|Chansey|98/100 par\n|cant|p1a: Exeggutor|par\n|\n|upkeep\n|turn|53\n|inactive|LNumbers has 30 seconds left.\n|\n|t:|1769374653\n|switch|p2a: Exeggutor|Exeggutor|38/100 slp\n|move|p1a: Exeggutor|Psychic|p2a: Exeggutor\n|-resisted|p2a: Exeggutor\n|-damage|p2a: Exeggutor|24/100 slp\n|\n|upkeep\n|turn|54\n|inactive|LNumbers has 30 seconds left.\n|\n|t:|1769374661\n|cant|p2a: Exeggutor|slp\n|move|p1a: Exeggutor|Psychic|p2a: Exeggutor\n|-resisted|p2a: Exeggutor\n|-damage|p2a: Exeggutor|10/100 slp\n|\n|upkeep\n|turn|55\n|\n|t:|1769374669\n|-curestatus|p2a: Exeggutor|slp|[msg]\n|move|p1a: Exeggutor|Explosion|p2a: Exeggutor\n|-damage|p2a: Exeggutor|0 fnt\n|faint|p2a: Exeggutor\n|faint|p1a: Exeggutor\n|\n|t:|1769374673\n|switch|p2a: Chansey|Chansey|98/100 par\n|switch|p1a: Alakazam|Alakazam|74/100\n|turn|56\n|\n|t:|1769374677\n|move|p1a: Alakazam|Psychic|p2a: Chansey\n|-damage|p2a: Chansey|79/100 par\n|move|p2a: Chansey|Thunder Wave|p1a: Alakazam\n|-status|p1a: Alakazam|par\n|\n|upkeep\n|turn|57\n|\n|t:|1769374685\n|move|p1a: Alakazam|Psychic|p2a: Chansey\n|-crit|p2a: Chansey\n|-damage|p2a: Chansey|45/100 par\n|move|p2a: Chansey|Ice Beam|p1a: Alakazam\n|-damage|p1a: Alakazam|55/100 par\n|\n|upkeep\n|turn|58\n|inactive|LNumbers has 60 seconds left.\n|\n|t:|1769374697\n|switch|p2a: Snorlax|Snorlax|31/100\n|cant|p1a: Alakazam|par\n|\n|upkeep\n|turn|59\n|inactive|LNumbers has 60 seconds left.\n|\n|t:|1769374705\n|move|p2a: Snorlax|Self-Destruct|p1a: Alakazam\n|-damage|p1a: Alakazam|0 fnt\n|faint|p1a: Alakazam\n|faint|p2a: Snorlax\n|\n|win|LNumbers\n|c|☆LNumbers|ggs\n|c|☆Ct0wn|Ggs\n|player|p1|\n","uploadtime":1769374705,"views":"1199","formatid":"gen1ou","rating":null,"private":0,"password":null}