{"id":"smogtours-gen1ou-950341","format":"[Gen 1] OU","players":["Mister Tim","TheStupe"],"log":"|inactive|Battle timer is ON: inactive players will automatically lose when time's up.\n|t:|1782508177\n|gametype|singles\n|player|p1|Mister Tim|265|\n|player|p2|TheStupe|psychicf-gen4|\n|gen|1\n|tier|[Gen 1] OU\n|rule|Desync Clause Mod: Desyncs changed to move failure.\n|rule|HP Percentage Mod: HP is shown in percentages\n|rule|Endless Battle Clause: Forcing endless battles is banned\n|rule|Sleep Clause Mod: Limit one foe put to sleep\n|rule|Freeze Clause Mod: Limit one foe frozen\n|rule|Species Clause: Limit one of each Pokémon\n|rule|OHKO Clause: OHKO moves are banned\n|rule|Evasion Moves Clause: Evasion moves are banned\n|\n|t:|1782508177\n|teamsize|p1|6\n|teamsize|p2|6\n|start\n|switch|p1a: Jolteon|Jolteon|100/100\n|switch|p2a: Gengar|Gengar|100/100\n|turn|1\n|c|☆TheStupe|hf\n|\n|t:|1782508200\n|switch|p2a: Chansey|Chansey|100/100\n|move|p1a: Jolteon|Thunder Wave|p2a: Chansey\n|-status|p2a: Chansey|par\n|\n|upkeep\n|turn|2\n|\n|t:|1782508203\n|switch|p2a: Exeggutor|Exeggutor|100/100\n|move|p1a: Jolteon|Double Kick|p2a: Exeggutor\n|-crit|p2a: Exeggutor\n|-resisted|p2a: Exeggutor\n|-damage|p2a: Exeggutor|96/100\n|-damage|p2a: Exeggutor|91/100\n|-hitcount|p2a: Exeggutor|2\n|\n|upkeep\n|turn|3\n|inactive|TheStupe has 270 seconds left.\n|\n|t:|1782508239\n|move|p1a: Jolteon|Thunder Wave|p2a: Exeggutor\n|-status|p2a: Exeggutor|par\n|move|p2a: Exeggutor|Sleep Powder|p1a: Jolteon|[miss]\n|-miss|p2a: Exeggutor\n|\n|upkeep\n|turn|4\n|inactive|TheStupe has 270 seconds left.\n|\n|t:|1782508245\n|move|p1a: Jolteon|Pin Missile|p2a: Exeggutor|[miss]\n|-miss|p1a: Jolteon\n|move|p2a: Exeggutor|Sleep Powder|p1a: Jolteon|[miss]\n|-miss|p2a: Exeggutor\n|\n|upkeep\n|turn|5\n|\n|t:|1782508249\n|move|p1a: Jolteon|Pin Missile|p2a: Exeggutor|[miss]\n|-miss|p1a: Jolteon\n|move|p2a: Exeggutor|Sleep Powder|p1a: Jolteon\n|-status|p1a: Jolteon|slp|[from] move: Sleep Powder\n|\n|upkeep\n|turn|6\n|\n|t:|1782508254\n|switch|p1a: Snorlax|Snorlax|100/100\n|move|p2a: Exeggutor|Stun Spore|p1a: Snorlax\n|-status|p1a: Snorlax|par\n|\n|upkeep\n|turn|7\n|\n|t:|1782508262\n|move|p2a: Exeggutor|Psychic|p1a: Snorlax\n|-damage|p1a: Snorlax|69/100 par\n|cant|p1a: Snorlax|par\n|\n|upkeep\n|turn|8\n|\n|t:|1782508268\n|switch|p2a: Gengar|Gengar|100/100\n|move|p1a: Snorlax|Self-Destruct|p2a: Gengar\n|-immune|p2a: Gengar\n|faint|p1a: Snorlax\n|\n|t:|1782508280\n|switch|p1a: Tauros|Tauros|100/100\n|turn|9\n|\n|t:|1782508291\n|move|p1a: Tauros|Earthquake|p2a: Gengar\n|-supereffective|p2a: Gengar\n|-damage|p2a: Gengar|36/100\n|move|p2a: Gengar|Psychic|p1a: Tauros\n|-damage|p1a: Tauros|72/100\n|-unboost|p1a: Tauros|spa|1\n|-unboost|p1a: Tauros|spd|1\n|\n|upkeep\n|turn|10\n|\n|t:|1782508296\n|switch|p2a: Exeggutor|Exeggutor|91/100 par\n|move|p1a: Tauros|Earthquake|p2a: Exeggutor\n|-resisted|p2a: Exeggutor\n|-damage|p2a: Exeggutor|81/100 par\n|\n|upkeep\n|turn|11\n|inactive|Mister Tim has 270 seconds left.\n|\n|t:|1782508338\n|switch|p1a: Jolteon|Jolteon|100/100 slp\n|cant|p2a: Exeggutor|par\n|\n|upkeep\n|turn|12\n|\n|t:|1782508341\n|cant|p1a: Jolteon|slp\n|move|p2a: Exeggutor|Psychic|p1a: Jolteon\n|-damage|p1a: Jolteon|63/100 slp\n|\n|upkeep\n|turn|13\n|\n|t:|1782508342\n|cant|p1a: Jolteon|slp\n|move|p2a: Exeggutor|Psychic|p1a: Jolteon\n|-crit|p1a: Jolteon\n|-damage|p1a: Jolteon|0 fnt\n|faint|p1a: Jolteon\n|\n|t:|1782508347\n|switch|p1a: Tauros|Tauros|72/100\n|turn|14\n|\n|t:|1782508353\n|move|p1a: Tauros|Body Slam|p2a: Exeggutor\n|-crit|p2a: Exeggutor\n|-damage|p2a: Exeggutor|23/100 par\n|move|p2a: Exeggutor|Sleep Powder|p1a: Tauros\n|-status|p1a: Tauros|slp|[from] move: Sleep Powder\n|\n|upkeep\n|turn|15\n|\n|t:|1782508357\n|cant|p1a: Tauros|slp\n|move|p2a: Exeggutor|Explosion|p1a: Tauros\n|-damage|p1a: Tauros|0 fnt\n|faint|p1a: Tauros\n|faint|p2a: Exeggutor\n|\n|t:|1782508367\n|switch|p1a: Exeggutor|Exeggutor|100/100\n|switch|p2a: Gengar|Gengar|36/100\n|turn|16\n|\n|t:|1782508385\n|switch|p2a: Chansey|Chansey|100/100 par\n|move|p1a: Exeggutor|Psychic|p2a: Chansey\n|-damage|p2a: Chansey|83/100 par\n|\n|upkeep\n|turn|17\n|\n|t:|1782508389\n|move|p1a: Exeggutor|Psychic|p2a: Chansey\n|-damage|p2a: Chansey|64/100 par\n|cant|p2a: Chansey|par\n|\n|upkeep\n|turn|18\n|\n|t:|1782508393\n|move|p1a: Exeggutor|Psychic|p2a: Chansey\n|-damage|p2a: Chansey|47/100 par\n|-unboost|p2a: Chansey|spa|1\n|-unboost|p2a: Chansey|spd|1\n|move|p2a: Chansey|Soft-Boiled|p2a: Chansey\n|-heal|p2a: Chansey|97/100 par\n|\n|upkeep\n|turn|19\n|\n|t:|1782508397\n|move|p1a: Exeggutor|Psychic|p2a: Chansey\n|-damage|p2a: Chansey|71/100 par\n|-unboost|p2a: Chansey|spa|1\n|-unboost|p2a: Chansey|spd|1\n|move|p2a: Chansey|Ice Beam|p1a: Exeggutor\n|-supereffective|p1a: Exeggutor\n|-damage|p1a: Exeggutor|85/100\n|\n|upkeep\n|turn|20\n|\n|t:|1782508399\n|move|p1a: Exeggutor|Psychic|p2a: Chansey\n|-damage|p2a: Chansey|34/100 par\n|-unboost|p2a: Chansey|spa|1\n|-unboost|p2a: Chansey|spd|1\n|move|p2a: Chansey|Soft-Boiled|p2a: Chansey\n|-heal|p2a: Chansey|84/100 par\n|\n|upkeep\n|turn|21\n|\n|t:|1782508403\n|move|p1a: Exeggutor|Psychic|p2a: Chansey\n|-damage|p2a: Chansey|38/100 par\n|-unboost|p2a: Chansey|spa|1\n|-unboost|p2a: Chansey|spd|1\n|cant|p2a: Chansey|par\n|\n|upkeep\n|turn|22\n|inactive|TheStupe has 270 seconds left.\n|\n|t:|1782508442\n|switch|p2a: Gengar|Gengar|36/100\n|move|p1a: Exeggutor|Psychic|p2a: Gengar\n|-supereffective|p2a: Gengar\n|-damage|p2a: Gengar|0 fnt\n|faint|p2a: Gengar\n|\n|t:|1782508443\n|switch|p2a: Chansey|Chansey|38/100 par\n|turn|23\n|\n|t:|1782508456\n|move|p1a: Exeggutor|Psychic|p2a: Chansey\n|-damage|p2a: Chansey|22/100 par\n|cant|p2a: Chansey|par\n|\n|upkeep\n|turn|24\n|\n|t:|1782508461\n|move|p1a: Exeggutor|Psychic|p2a: Chansey\n|-damage|p2a: Chansey|6/100 par\n|move|p2a: Chansey|Soft-Boiled|p2a: Chansey\n|-heal|p2a: Chansey|56/100 par\n|\n|upkeep\n|turn|25\n|\n|t:|1782508464\n|move|p1a: Exeggutor|Psychic|p2a: Chansey\n|-damage|p2a: Chansey|40/100 par\n|move|p2a: Chansey|Soft-Boiled|p2a: Chansey\n|-heal|p2a: Chansey|90/100 par\n|\n|upkeep\n|turn|26\n|\n|t:|1782508467\n|move|p1a: Exeggutor|Psychic|p2a: Chansey\n|-crit|p2a: Chansey\n|-damage|p2a: Chansey|56/100 par\n|move|p2a: Chansey|Ice Beam|p1a: Exeggutor\n|-supereffective|p1a: Exeggutor\n|-damage|p1a: Exeggutor|53/100\n|\n|upkeep\n|turn|27\n|\n|t:|1782508473\n|move|p1a: Exeggutor|Psychic|p2a: Chansey\n|-damage|p2a: Chansey|38/100 par\n|-unboost|p2a: Chansey|spa|1\n|-unboost|p2a: Chansey|spd|1\n|move|p2a: Chansey|Soft-Boiled|p2a: Chansey\n|-heal|p2a: Chansey|88/100 par\n|\n|upkeep\n|turn|28\n|\n|t:|1782508475\n|move|p1a: Exeggutor|Psychic|p2a: Chansey\n|-damage|p2a: Chansey|62/100 par\n|move|p2a: Chansey|Ice Beam|p1a: Exeggutor\n|-supereffective|p1a: Exeggutor\n|-damage|p1a: Exeggutor|30/100\n|\n|upkeep\n|turn|29\n|\n|t:|1782508478\n|move|p1a: Exeggutor|Psychic|p2a: Chansey\n|-damage|p2a: Chansey|37/100 par\n|move|p2a: Chansey|Soft-Boiled|p2a: Chansey\n|-heal|p2a: Chansey|87/100 par\n|\n|upkeep\n|turn|30\n|\n|t:|1782508481\n|move|p1a: Exeggutor|Mega Drain|p2a: Chansey\n|-damage|p2a: Chansey|75/100 par\n|-heal|p1a: Exeggutor|41/100|[from] drain|[of] p2a: Chansey\n|move|p2a: Chansey|Ice Beam|p1a: Exeggutor\n|-supereffective|p1a: Exeggutor\n|-damage|p1a: Exeggutor|18/100\n|\n|upkeep\n|turn|31\n|\n|t:|1782508484\n|move|p1a: Exeggutor|Psychic|p2a: Chansey\n|-damage|p2a: Chansey|50/100 par\n|move|p2a: Chansey|Ice Beam|p1a: Exeggutor\n|-supereffective|p1a: Exeggutor\n|-damage|p1a: Exeggutor|0 fnt\n|faint|p1a: Exeggutor\n|\n|t:|1782508488\n|switch|p1a: Victreebel|Victreebel|100/100\n|turn|32\n|\n|t:|1782508495\n|move|p1a: Victreebel|Wrap|p2a: Chansey\n|-damage|p2a: Chansey|45/100 par\n|cant|p2a: Chansey|partiallytrapped\n|\n|upkeep\n|turn|33\n|\n|t:|1782508500\n|switch|p2a: Zapdos|Zapdos|100/100\n|move|p1a: Victreebel|Wrap|p2a: Zapdos\n|-damage|p2a: Zapdos|97/100\n|\n|upkeep\n|turn|34\n|\n|t:|1782508509\n|move|p1a: Victreebel|Wrap|p2a: Zapdos|[from] Wrap\n|-damage|p2a: Zapdos|94/100\n|\n|upkeep\n|turn|35\n|\n|t:|1782508518\n|move|p1a: Victreebel|Wrap|p2a: Zapdos|[from] Wrap\n|-damage|p2a: Zapdos|90/100\n|\n|upkeep\n|turn|36\n|\n|t:|1782508532\n|switch|p1a: Zapdos|Zapdos|100/100\n|\n|upkeep\n|turn|37\n|\n|t:|1782508550\n|switch|p2a: Chansey|Chansey|45/100 par\n|move|p1a: Zapdos|Thunder Wave|p2a: Chansey\n|-fail|p2a: Chansey|par\n|\n|upkeep\n|turn|38\n|\n|t:|1782508560\n|switch|p1a: Victreebel|Victreebel|100/100\n|cant|p2a: Chansey|par\n|\n|upkeep\n|turn|39\n|\n|t:|1782508567\n|move|p1a: Victreebel|Wrap|p2a: Chansey\n|-damage|p2a: Chansey|40/100 par\n|cant|p2a: Chansey|partiallytrapped\n|\n|upkeep\n|turn|40\n|\n|t:|1782508572\n|switch|p2a: Zapdos|Zapdos|90/100\n|move|p1a: Victreebel|Wrap|p2a: Zapdos|[miss]\n|-miss|p1a: Victreebel\n|\n|upkeep\n|turn|41\n|\n|t:|1782508575\n|move|p2a: Zapdos|Thunder Wave|p1a: Victreebel\n|-status|p1a: Victreebel|par\n|move|p1a: Victreebel|Sleep Powder|p2a: Zapdos\n|-status|p2a: Zapdos|slp|[from] move: Sleep Powder\n|\n|upkeep\n|turn|42\n|\n|t:|1782508584\n|switch|p2a: Chansey|Chansey|40/100 par\n|switch|p1a: Zapdos|Zapdos|100/100\n|\n|upkeep\n|turn|43\n|\n|t:|1782508589\n|move|p1a: Zapdos|Drill Peck|p2a: Chansey\n|-damage|p2a: Chansey|5/100 par\n|cant|p2a: Chansey|par\n|\n|upkeep\n|turn|44\n|\n|t:|1782508592\n|move|p1a: Zapdos|Thunderbolt|p2a: Chansey\n|-damage|p2a: Chansey|0 fnt\n|faint|p2a: Chansey\n|\n|t:|1782508595\n|switch|p2a: Snorlax|Snorlax|100/100\n|turn|45\n|\n|t:|1782508597\n|move|p1a: Zapdos|Thunder Wave|p2a: Snorlax\n|-status|p2a: Snorlax|par\n|move|p2a: Snorlax|Body Slam|p1a: Zapdos\n|-damage|p1a: Zapdos|70/100\n|\n|upkeep\n|turn|46\n|\n|t:|1782508601\n|switch|p1a: Victreebel|Victreebel|100/100 par\n|move|p2a: Snorlax|Body Slam|p1a: Victreebel\n|-damage|p1a: Victreebel|61/100 par\n|\n|upkeep\n|turn|47\n|\n|t:|1782508609\n|move|p1a: Victreebel|Wrap|p2a: Snorlax\n|-damage|p2a: Snorlax|97/100 par\n|cant|p2a: Snorlax|partiallytrapped\n|\n|upkeep\n|turn|48\n|\n|t:|1782508612\n|move|p1a: Victreebel|Wrap|p2a: Snorlax|[from] Wrap\n|-damage|p2a: Snorlax|94/100 par\n|\n|upkeep\n|turn|49\n|\n|t:|1782508615\n|move|p1a: Victreebel|Wrap|p2a: Snorlax\n|-damage|p2a: Snorlax|91/100 par\n|cant|p2a: Snorlax|partiallytrapped\n|\n|upkeep\n|turn|50\n|\n|t:|1782508625\n|move|p1a: Victreebel|Wrap|p2a: Snorlax|[from] Wrap\n|-damage|p2a: Snorlax|88/100 par\n|\n|upkeep\n|turn|51\n|\n|t:|1782508628\n|cant|p1a: Victreebel|par\n|\n|upkeep\n|turn|52\n|\n|t:|1782508629\n|move|p1a: Victreebel|Wrap|p2a: Snorlax\n|-crit|p2a: Snorlax\n|-damage|p2a: Snorlax|83/100 par\n|cant|p2a: Snorlax|partiallytrapped\n|\n|upkeep\n|turn|53\n|\n|t:|1782508633\n|move|p1a: Victreebel|Wrap|p2a: Snorlax|[from] Wrap\n|-damage|p2a: Snorlax|77/100 par\n|\n|upkeep\n|turn|54\n|\n|t:|1782508636\n|move|p1a: Victreebel|Wrap|p2a: Snorlax\n|-damage|p2a: Snorlax|74/100 par\n|cant|p2a: Snorlax|partiallytrapped\n|\n|upkeep\n|turn|55\n|\n|t:|1782508643\n|move|p1a: Victreebel|Wrap|p2a: Snorlax|[from] Wrap\n|-damage|p2a: Snorlax|70/100 par\n|\n|upkeep\n|turn|56\n|\n|t:|1782508647\n|move|p1a: Victreebel|Wrap|p2a: Snorlax\n|-damage|p2a: Snorlax|67/100 par\n|cant|p2a: Snorlax|partiallytrapped\n|\n|upkeep\n|turn|57\n|\n|t:|1782508650\n|move|p1a: Victreebel|Wrap|p2a: Snorlax|[from] Wrap\n|-damage|p2a: Snorlax|63/100 par\n|\n|upkeep\n|turn|58\n|\n|t:|1782508654\n|move|p1a: Victreebel|Wrap|p2a: Snorlax|[from] Wrap\n|-damage|p2a: Snorlax|60/100 par\n|\n|upkeep\n|turn|59\n|\n|t:|1782508658\n|move|p1a: Victreebel|Wrap|p2a: Snorlax\n|-crit|p2a: Snorlax\n|-damage|p2a: Snorlax|54/100 par\n|cant|p2a: Snorlax|partiallytrapped\n|\n|upkeep\n|turn|60\n|\n|t:|1782508661\n|move|p1a: Victreebel|Wrap|p2a: Snorlax|[from] Wrap\n|-damage|p2a: Snorlax|48/100 par\n|\n|upkeep\n|turn|61\n|\n|t:|1782508671\n|move|p1a: Victreebel|Wrap|p2a: Snorlax|[from] Wrap\n|-damage|p2a: Snorlax|43/100 par\n|\n|upkeep\n|turn|62\n|\n|t:|1782508674\n|cant|p1a: Victreebel|par\n|\n|upkeep\n|turn|63\n|\n|t:|1782508677\n|cant|p1a: Victreebel|par\n|move|p2a: Snorlax|Body Slam|p1a: Victreebel\n|-crit|p1a: Victreebel\n|-damage|p1a: Victreebel|0 fnt\n|faint|p1a: Victreebel\n|\n|t:|1782508678\n|switch|p1a: Zapdos|Zapdos|70/100\n|turn|64\n|\n|t:|1782508685\n|move|p1a: Zapdos|Thunderbolt|p2a: Snorlax\n|-damage|p2a: Snorlax|12/100 par\n|move|p2a: Snorlax|Body Slam|p1a: Zapdos\n|-damage|p1a: Zapdos|40/100\n|\n|upkeep\n|turn|65\n|\n|t:|1782508688\n|move|p1a: Zapdos|Thunderbolt|p2a: Snorlax\n|-damage|p2a: Snorlax|0 fnt\n|faint|p2a: Snorlax\n|\n|t:|1782508690\n|switch|p2a: Tauros|Tauros|100/100\n|turn|66\n|\n|t:|1782508692\n|move|p2a: Tauros|Hyper Beam|p1a: Zapdos\n|-damage|p1a: Zapdos|0 fnt\n|faint|p1a: Zapdos\n|\n|win|TheStupe\n|c|☆TheStupe|gg\n|c|☆Mister Tim|ggs\n|player|p1|\n|c|☆TheStupe|It's bo5, isn't it?\n|player|p1|Mister Tim|265|\n|player|p1|\n","uploadtime":1782508692,"views":"69","formatid":"gen1ou","rating":null,"private":0,"password":null}