{"id":"smogtours-gen1ou-961947","format":"[Gen 1] OU","players":["1000papercranes","marcoasd"],"log":"|inactive|Battle timer is ON: inactive players will automatically lose when time's up.\n|t:|1786054151\n|gametype|singles\n|player|p1|1000papercranes|psychic-gen1rb|\n|player|p2|marcoasd|265|\n|gen|1\n|tier|[Gen 1] OU\n|rule|Desync Clause Mod: Desyncs resolve to link battle behavior from the acting player's perspective.\n|rule|HP Percentage Mod: HP is shown in percentages\n|rule|Endless Battle Clause: Forcing endless battles is banned\n|rule|Sleep Clause Mod: Limit one foe put to sleep\n|rule|Freeze Clause Mod: Limit one foe frozen\n|rule|Species Clause: Limit one of each Pokémon\n|rule|OHKO Clause: OHKO moves are banned\n|rule|Evasion Moves Clause: Evasion moves are banned\n|\n|t:|1786054151\n|teamsize|p1|6\n|teamsize|p2|6\n|start\n|switch|p1a: Starmie|Starmie|100/100\n|switch|p2a: Starmie|Starmie|100/100\n|turn|1\n|c|☆1000papercranes|Gl Hf\n|c|☆marcoasd|you too\n|inactive|1000papercranes has 270 seconds left.\n|\n|t:|1786054184\n|switch|p1a: Chansey|Chansey|100/100\n|move|p2a: Starmie|Blizzard|p1a: Chansey\n|-damage|p1a: Chansey|88/100\n|\n|upkeep\n|turn|2\n|\n|t:|1786054196\n|move|p2a: Starmie|Blizzard|p1a: Chansey\n|-damage|p1a: Chansey|75/100\n|move|p1a: Chansey|Sing|p2a: Starmie\n|-status|p2a: Starmie|slp|[from] move: Sing\n|\n|upkeep\n|turn|3\n|\n|t:|1786054208\n|switch|p2a: Chansey|Chansey|100/100\n|move|p1a: Chansey|Seismic Toss|p2a: Chansey\n|-damage|p2a: Chansey|86/100\n|\n|upkeep\n|turn|4\n|\n|t:|1786054214\n|move|p1a: Chansey|Thunder Wave|p2a: Chansey\n|-status|p2a: Chansey|par\n|move|p2a: Chansey|Sing|p1a: Chansey|[miss]\n|-miss|p2a: Chansey\n|\n|upkeep\n|turn|5\n|\n|t:|1786054231\n|move|p1a: Chansey|Seismic Toss|p2a: Chansey\n|-damage|p2a: Chansey|72/100 par\n|cant|p2a: Chansey|par\n|\n|upkeep\n|turn|6\n|\n|t:|1786054238\n|move|p1a: Chansey|Seismic Toss|p2a: Chansey\n|-damage|p2a: Chansey|58/100 par\n|move|p2a: Chansey|Sing|p1a: Chansey\n|-status|p1a: Chansey|slp|[from] move: Sing\n|\n|upkeep\n|turn|7\n|\n|t:|1786054251\n|switch|p1a: Rhydon|Rhydon|100/100\n|move|p2a: Chansey|Soft-Boiled|p2a: Chansey\n|-heal|p2a: Chansey|100/100 par\n|\n|upkeep\n|turn|8\n|\n|t:|1786054256\n|switch|p2a: Exeggutor|Exeggutor|100/100\n|move|p1a: Rhydon|Body Slam|p2a: Exeggutor\n|-damage|p2a: Exeggutor|78/100\n|\n|upkeep\n|turn|9\n|\n|t:|1786054263\n|switch|p1a: Chansey|Chansey|75/100 slp\n|move|p2a: Exeggutor|Stun Spore|p1a: Chansey|[miss]\n|-miss|p2a: Exeggutor\n|\n|upkeep\n|turn|10\n|\n|t:|1786054267\n|switch|p2a: Snorlax|Snorlax|100/100\n|switch|p1a: Exeggutor|Exeggutor|100/100\n|\n|upkeep\n|turn|11\n|\n|t:|1786054274\n|move|p1a: Exeggutor|Psychic|p2a: Snorlax\n|-damage|p2a: Snorlax|68/100\n|move|p2a: Snorlax|Body Slam|p1a: Exeggutor\n|-damage|p1a: Exeggutor|71/100\n|\n|upkeep\n|turn|12\n|\n|t:|1786054288\n|switch|p2a: Chansey|Chansey|100/100 par\n|move|p1a: Exeggutor|Psychic|p2a: Chansey\n|-damage|p2a: Chansey|82/100 par\n|\n|upkeep\n|turn|13\n|\n|t:|1786054293\n|switch|p1a: Rhydon|Rhydon|100/100\n|move|p2a: Chansey|Seismic Toss|p1a: Rhydon\n|-damage|p1a: Rhydon|76/100\n|\n|upkeep\n|turn|14\n|\n|t:|1786054300\n|switch|p2a: Exeggutor|Exeggutor|78/100\n|move|p1a: Rhydon|Earthquake|p2a: Exeggutor\n|-resisted|p2a: Exeggutor\n|-damage|p2a: Exeggutor|57/100\n|\n|upkeep\n|turn|15\n|\n|t:|1786054305\n|switch|p1a: Chansey|Chansey|75/100 slp\n|move|p2a: Exeggutor|Psychic|p1a: Chansey\n|-damage|p1a: Chansey|57/100 slp\n|\n|upkeep\n|turn|16\n|\n|t:|1786054314\n|switch|p1a: Exeggutor|Exeggutor|71/100\n|move|p2a: Exeggutor|Psychic|p1a: Exeggutor\n|-resisted|p1a: Exeggutor\n|-damage|p1a: Exeggutor|58/100\n|\n|upkeep\n|turn|17\n|\n|t:|1786054324\n|move|p2a: Exeggutor|Stun Spore|p1a: Exeggutor\n|-status|p1a: Exeggutor|par\n|move|p1a: Exeggutor|Psychic|p2a: Exeggutor\n|-resisted|p2a: Exeggutor\n|-damage|p2a: Exeggutor|43/100\n|\n|upkeep\n|turn|18\n|\n|t:|1786054331\n|move|p2a: Exeggutor|Psychic|p1a: Exeggutor\n|-resisted|p1a: Exeggutor\n|-damage|p1a: Exeggutor|45/100 par\n|cant|p1a: Exeggutor|par\n|\n|upkeep\n|turn|19\n|\n|t:|1786054337\n|switch|p2a: Starmie|Starmie|100/100 slp\n|move|p1a: Exeggutor|Psychic|p2a: Starmie\n|-resisted|p2a: Starmie\n|-damage|p2a: Starmie|83/100 slp\n|\n|upkeep\n|turn|20\n|\n|t:|1786054354\n|switch|p2a: Chansey|Chansey|82/100 par\n|cant|p1a: Exeggutor|par\n|\n|upkeep\n|turn|21\n|\n|t:|1786054363\n|switch|p2a: Starmie|Starmie|83/100 slp\n|move|p1a: Exeggutor|Psychic|p2a: Starmie\n|-resisted|p2a: Starmie\n|-damage|p2a: Starmie|65/100 slp\n|-unboost|p2a: Starmie|spa|1\n|-unboost|p2a: Starmie|spd|1\n|\n|upkeep\n|turn|22\n|\n|t:|1786054369\n|switch|p2a: Exeggutor|Exeggutor|43/100\n|switch|p1a: Rhydon|Rhydon|76/100\n|\n|upkeep\n|turn|23\n|\n|t:|1786054374\n|switch|p1a: Exeggutor|Exeggutor|45/100 par\n|move|p2a: Exeggutor|Psychic|p1a: Exeggutor\n|-resisted|p1a: Exeggutor\n|-damage|p1a: Exeggutor|32/100 par\n|\n|upkeep\n|turn|24\n|\n|t:|1786054380\n|move|p2a: Exeggutor|Psychic|p1a: Exeggutor\n|-resisted|p1a: Exeggutor\n|-damage|p1a: Exeggutor|18/100 par\n|-unboost|p1a: Exeggutor|spa|1\n|-unboost|p1a: Exeggutor|spd|1\n|move|p1a: Exeggutor|Rest|p1a: Exeggutor\n|-status|p1a: Exeggutor|slp|[from] move: Rest\n|-heal|p1a: Exeggutor|100/100 slp|[silent]\n|\n|upkeep\n|turn|25\n|\n|t:|1786054386\n|move|p2a: Exeggutor|Psychic|p1a: Exeggutor\n|-resisted|p1a: Exeggutor\n|-damage|p1a: Exeggutor|80/100 slp\n|cant|p1a: Exeggutor|slp\n|\n|upkeep\n|turn|26\n|\n|t:|1786054391\n|move|p2a: Exeggutor|Explosion|p1a: Exeggutor\n|-crit|p1a: Exeggutor\n|-damage|p1a: Exeggutor|0 fnt\n|faint|p1a: Exeggutor\n|faint|p2a: Exeggutor\n|\n|t:|1786054408\n|switch|p2a: Snorlax|Snorlax|68/100\n|switch|p1a: Cloyster|Cloyster|100/100\n|turn|27\n|\n|t:|1786054413\n|move|p1a: Cloyster|Blizzard|p2a: Snorlax\n|-damage|p2a: Snorlax|34/100\n|move|p2a: Snorlax|Body Slam|p1a: Cloyster\n|-damage|p1a: Cloyster|77/100\n|-status|p1a: Cloyster|par\n|\n|upkeep\n|turn|28\n|\n|t:|1786054427\n|switch|p1a: Rhydon|Rhydon|76/100\n|move|p2a: Snorlax|Rest|p2a: Snorlax\n|-status|p2a: Snorlax|slp|[from] move: Rest\n|-heal|p2a: Snorlax|100/100 slp|[silent]\n|\n|upkeep\n|turn|29\n|\n|t:|1786054439\n|move|p1a: Rhydon|Earthquake|p2a: Snorlax\n|-damage|p2a: Snorlax|65/100 slp\n|cant|p2a: Snorlax|slp\n|\n|upkeep\n|turn|30\n|\n|t:|1786054444\n|switch|p2a: Starmie|Starmie|65/100 slp\n|move|p1a: Rhydon|Earthquake|p2a: Starmie\n|-damage|p2a: Starmie|17/100 slp\n|\n|upkeep\n|turn|31\n|\n|t:|1786054456\n|cant|p2a: Starmie|slp\n|move|p1a: Rhydon|Body Slam|p2a: Starmie\n|-damage|p2a: Starmie|0 fnt\n|faint|p2a: Starmie\n|\n|t:|1786054469\n|switch|p2a: Tauros|Tauros|100/100\n|turn|32\n|\n|t:|1786054472\n|switch|p1a: Cloyster|Cloyster|77/100 par\n|move|p2a: Tauros|Earthquake|p1a: Cloyster\n|-damage|p1a: Cloyster|60/100 par\n|\n|upkeep\n|turn|33\n|\n|t:|1786054493\n|switch|p2a: Chansey|Chansey|82/100 par\n|move|p1a: Cloyster|Explosion|p2a: Chansey\n|-damage|p2a: Chansey|0 fnt\n|faint|p2a: Chansey\n|faint|p1a: Cloyster\n|inactive|marcoasd has 270 seconds left.\n|\n|t:|1786054511\n|switch|p1a: Tauros|Tauros|100/100\n|switch|p2a: Snorlax|Snorlax|65/100 slp\n|turn|34\n|\n|t:|1786054517\n|move|p1a: Tauros|Body Slam|p2a: Snorlax\n|-crit|p2a: Snorlax\n|-damage|p2a: Snorlax|19/100 slp\n|-curestatus|p2a: Snorlax|slp|[msg]\n|\n|upkeep\n|turn|35\n|\n|t:|1786054523\n|move|p1a: Tauros|Body Slam|p2a: Snorlax\n|-damage|p2a: Snorlax|0 fnt\n|faint|p2a: Snorlax\n|\n|t:|1786054525\n|switch|p2a: Tauros|Tauros|100/100\n|turn|36\n|\n|t:|1786054528\n|move|p2a: Tauros|Blizzard|p1a: Tauros\n|-damage|p1a: Tauros|73/100\n|move|p1a: Tauros|Body Slam|p2a: Tauros\n|-damage|p2a: Tauros|71/100\n|\n|upkeep\n|turn|37\n|\n|t:|1786054535\n|move|p1a: Tauros|Body Slam|p2a: Tauros\n|-damage|p2a: Tauros|42/100\n|move|p2a: Tauros|Blizzard|p1a: Tauros\n|-damage|p1a: Tauros|47/100\n|\n|upkeep\n|turn|38\n|\n|t:|1786054563\n|switch|p1a: Chansey|Chansey|57/100 slp\n|switch|p2a: Rhydon|Rhydon|100/100\n|\n|upkeep\n|turn|39\n|\n|t:|1786054569\n|switch|p1a: Tauros|Tauros|47/100\n|move|p2a: Rhydon|Substitute|p2a: Rhydon\n|-start|p2a: Rhydon|Substitute\n|-damage|p2a: Rhydon|76/100\n|\n|upkeep\n|turn|40\n|\n|t:|1786054574\n|move|p1a: Tauros|Earthquake|p2a: Rhydon\n|-crit|p2a: Rhydon\n|-supereffective|p2a: Rhydon\n|-end|p2a: Rhydon|Substitute\n|move|p2a: Rhydon|Earthquake|p1a: Tauros\n|-crit|p1a: Tauros\n|-damage|p1a: Tauros|0 fnt\n|faint|p1a: Tauros\n|\n|t:|1786054591\n|switch|p1a: Rhydon|Rhydon|76/100\n|turn|41\n|\n|t:|1786054601\n|move|p1a: Rhydon|Earthquake|p2a: Rhydon\n|-supereffective|p2a: Rhydon\n|-damage|p2a: Rhydon|19/100\n|move|p2a: Rhydon|Earthquake|p1a: Rhydon\n|-supereffective|p1a: Rhydon\n|-damage|p1a: Rhydon|13/100\n|\n|upkeep\n|turn|42\n|\n|t:|1786054612\n|switch|p1a: Chansey|Chansey|57/100 slp\n|move|p2a: Rhydon|Earthquake|p1a: Chansey\n|-damage|p1a: Chansey|0 fnt\n|faint|p1a: Chansey\n|\n|t:|1786054616\n|switch|p1a: Starmie|Starmie|100/100\n|turn|43\n|\n|t:|1786054622\n|move|p1a: Starmie|Blizzard|p2a: Rhydon\n|-supereffective|p2a: Rhydon\n|-damage|p2a: Rhydon|0 fnt\n|faint|p2a: Rhydon\n|\n|t:|1786054625\n|switch|p2a: Tauros|Tauros|42/100\n|turn|44\n|\n|t:|1786054631\n|move|p1a: Starmie|Thunder Wave|p2a: Tauros\n|-status|p2a: Tauros|par\n|move|p2a: Tauros|Hyper Beam|p1a: Starmie\n|-damage|p1a: Starmie|39/100\n|-mustrecharge|p2a: Tauros\n|\n|upkeep\n|turn|45\n|c|☆marcoasd|gg\n|\n|t:|1786054638\n|move|p1a: Starmie|Thunderbolt|p2a: Tauros\n|-crit|p2a: Tauros\n|-damage|p2a: Tauros|0 fnt\n|faint|p2a: Tauros\n|\n|win|1000papercranes\n|c|☆1000papercranes|gg\n|player|p2|\n","uploadtime":1786054638,"views":"68","formatid":"gen1ou","rating":null,"private":0,"password":null}