{"id":"smogtours-gen1ou-966095","format":"[Gen 1] OU","players":["wooooo rby","oligen1"],"log":"|inactive|Battle timer is ON: inactive players will automatically lose when time's up.\n|t:|1787511940\n|gametype|singles\n|player|p1|wooooo rby|lucas|\n|player|p2|oligen1|blue-gen1rbtwo|\n|gen|1\n|tier|[Gen 1] OU\n|rule|Desync Clause Mod: Desyncs resolve to link battle behavior from the acting player's perspective.\n|rule|HP Percentage Mod: HP is shown in percentages\n|rule|Endless Battle Clause: Forcing endless battles is banned\n|rule|Sleep Clause Mod: Limit one foe put to sleep\n|rule|Freeze Clause Mod: Limit one foe frozen\n|rule|Species Clause: Limit one of each Pokémon\n|rule|OHKO Clause: OHKO moves are banned\n|rule|Evasion Moves Clause: Evasion moves are banned\n|\n|t:|1787511940\n|teamsize|p1|6\n|teamsize|p2|6\n|start\n|switch|p1a: Jynx|Jynx|100/100\n|switch|p2a: Starmie|Starmie|100/100\n|turn|1\n|inactive|oligen1 also wants the timer to be on.\n|c|☆wooooo rby|hf\n|c|☆oligen1|Enjoy champ :-)\n|\n|t:|1787511968\n|move|p2a: Starmie|Thunder Wave|p1a: Jynx\n|-status|p1a: Jynx|par\n|move|p1a: Jynx|Lovely Kiss|p2a: Starmie\n|-status|p2a: Starmie|slp|[from] move: Lovely Kiss\n|\n|upkeep\n|turn|2\n|\n|t:|1787511977\n|cant|p2a: Starmie|slp\n|cant|p1a: Jynx|par\n|\n|upkeep\n|turn|3\n|\n|t:|1787511982\n|cant|p2a: Starmie|slp\n|move|p1a: Jynx|Blizzard|p2a: Starmie\n|-resisted|p2a: Starmie\n|-damage|p2a: Starmie|80/100 slp\n|\n|upkeep\n|turn|4\n|\n|t:|1787511993\n|cant|p2a: Starmie|slp\n|move|p1a: Jynx|Blizzard|p2a: Starmie\n|-resisted|p2a: Starmie\n|-damage|p2a: Starmie|57/100 slp\n|\n|upkeep\n|turn|5\n|\n|t:|1787512003\n|cant|p2a: Starmie|slp\n|move|p1a: Jynx|Blizzard|p2a: Starmie|[miss]\n|-miss|p1a: Jynx\n|\n|upkeep\n|turn|6\n|\n|t:|1787512016\n|cant|p2a: Starmie|slp\n|cant|p1a: Jynx|par\n|\n|upkeep\n|turn|7\n|\n|t:|1787512023\n|switch|p2a: Snorlax|Snorlax|100/100\n|move|p1a: Jynx|Blizzard|p2a: Snorlax\n|-damage|p2a: Snorlax|66/100\n|-status|p2a: Snorlax|frz\n|\n|upkeep\n|turn|8\n|\n|t:|1787512041\n|switch|p2a: Chansey|Chansey|100/100\n|cant|p1a: Jynx|par\n|\n|upkeep\n|turn|9\n|\n|t:|1787512049\n|move|p2a: Chansey|Thunderbolt|p1a: Jynx\n|-damage|p1a: Jynx|77/100 par\n|move|p1a: Jynx|Psychic|p2a: Chansey\n|-damage|p2a: Chansey|87/100\n|-unboost|p2a: Chansey|spa|1\n|-unboost|p2a: Chansey|spd|1\n|\n|upkeep\n|turn|10\n|\n|t:|1787512062\n|switch|p1a: Alakazam|Alakazam|100/100\n|move|p2a: Chansey|Ice Beam|p1a: Alakazam\n|-crit|p1a: Alakazam\n|-damage|p1a: Alakazam|62/100\n|\n|upkeep\n|turn|11\n|\n|t:|1787512068\n|switch|p2a: Exeggutor|Exeggutor|100/100\n|move|p1a: Alakazam|Thunder Wave|p2a: Exeggutor\n|-status|p2a: Exeggutor|par\n|\n|upkeep\n|turn|12\n|\n|t:|1787512076\n|move|p1a: Alakazam|Seismic Toss|p2a: Exeggutor\n|-damage|p2a: Exeggutor|75/100 par\n|move|p2a: Exeggutor|Sleep Powder|p1a: Alakazam\n|-status|p1a: Alakazam|slp|[from] move: Sleep Powder\n|\n|upkeep\n|turn|13\n|\n|t:|1787512083\n|cant|p1a: Alakazam|slp\n|cant|p2a: Exeggutor|par\n|\n|upkeep\n|turn|14\n|\n|t:|1787512092\n|switch|p2a: Tauros|Tauros|100/100\n|cant|p1a: Alakazam|slp\n|\n|upkeep\n|turn|15\n|\n|t:|1787512099\n|switch|p1a: Snorlax|Snorlax|100/100\n|move|p2a: Tauros|Blizzard|p1a: Snorlax\n|-damage|p1a: Snorlax|82/100\n|-status|p1a: Snorlax|frz\n|\n|upkeep\n|turn|16\n|\n|t:|1787512116\n|move|p2a: Tauros|Body Slam|p1a: Snorlax\n|-crit|p1a: Snorlax\n|-damage|p1a: Snorlax|31/100 frz\n|cant|p1a: Snorlax|frz\n|\n|upkeep\n|turn|17\n|\n|t:|1787512123\n|move|p2a: Tauros|Body Slam|p1a: Snorlax\n|-crit|p1a: Snorlax\n|-damage|p1a: Snorlax|0 fnt\n|faint|p1a: Snorlax\n|\n|t:|1787512145\n|switch|p1a: Cloyster|Cloyster|100/100\n|turn|18\n|\n|t:|1787512167\n|switch|p2a: Snorlax|Snorlax|66/100 frz\n|move|p1a: Cloyster|Blizzard|p2a: Snorlax\n|-damage|p2a: Snorlax|32/100 frz\n|\n|upkeep\n|turn|19\n|\n|t:|1787512174\n|switch|p2a: Chansey|Chansey|87/100\n|move|p1a: Cloyster|Blizzard|p2a: Chansey\n|-damage|p2a: Chansey|69/100\n|\n|upkeep\n|turn|20\n|\n|t:|1787512183\n|move|p1a: Cloyster|Clamp|p2a: Chansey\n|-damage|p2a: Chansey|64/100\n|cant|p2a: Chansey|partiallytrapped\n|\n|upkeep\n|turn|21\n|\n|t:|1787512190\n|switch|p1a: Tauros|Tauros|100/100\n|switch|p2a: Exeggutor|Exeggutor|75/100 par\n|\n|upkeep\n|turn|22\n|\n|t:|1787512197\n|switch|p1a: Jynx|Jynx|77/100 par\n|move|p2a: Exeggutor|Psychic|p1a: Jynx\n|-crit|p1a: Jynx\n|-resisted|p1a: Jynx\n|-damage|p1a: Jynx|40/100 par\n|\n|upkeep\n|turn|23\n|\n|t:|1787512205\n|switch|p1a: Cloyster|Cloyster|100/100\n|switch|p2a: Chansey|Chansey|64/100\n|\n|upkeep\n|turn|24\n|\n|t:|1787512212\n|move|p1a: Cloyster|Clamp|p2a: Chansey\n|-damage|p2a: Chansey|59/100\n|cant|p2a: Chansey|partiallytrapped\n|\n|upkeep\n|turn|25\n|\n|t:|1787512224\n|switch|p1a: Tauros|Tauros|100/100\n|switch|p2a: Starmie|Starmie|57/100 slp\n|\n|upkeep\n|turn|26\n|\n|t:|1787512233\n|switch|p2a: Snorlax|Snorlax|32/100 frz\n|move|p1a: Tauros|Body Slam|p2a: Snorlax\n|-damage|p2a: Snorlax|6/100 frz\n|\n|upkeep\n|turn|27\n|\n|t:|1787512240\n|move|p1a: Tauros|Body Slam|p2a: Snorlax\n|-damage|p2a: Snorlax|0 fnt\n|faint|p2a: Snorlax\n|inactive|oligen1 has 270 seconds left.\n|\n|t:|1787512285\n|switch|p2a: Tauros|Tauros|100/100\n|turn|28\n|\n|t:|1787512290\n|move|p2a: Tauros|Body Slam|p1a: Tauros\n|-damage|p1a: Tauros|71/100\n|move|p1a: Tauros|Body Slam|p2a: Tauros\n|-crit|p2a: Tauros\n|-damage|p2a: Tauros|39/100\n|\n|upkeep\n|turn|29\n|inactive|oligen1 has 270 seconds left.\n|\n|t:|1787512300\n|switch|p2a: Slowbro|Slowbro|100/100\n|move|p1a: Tauros|Hyper Beam|p2a: Slowbro\n|-crit|p2a: Slowbro\n|-damage|p2a: Slowbro|24/100\n|-mustrecharge|p1a: Tauros\n|\n|upkeep\n|turn|30\n|\n|t:|1787512305\n|cant|p1a: Tauros|recharge\n|move|p2a: Slowbro|Thunder Wave|p1a: Tauros\n|-status|p1a: Tauros|par\n|\n|upkeep\n|turn|31\n|inactive|oligen1 has 270 seconds left.\n|\n|t:|1787512337\n|move|p2a: Slowbro|Rest|p2a: Slowbro\n|-status|p2a: Slowbro|slp|[from] move: Rest\n|-heal|p2a: Slowbro|100/100 slp|[silent]\n|move|p1a: Tauros|Thunderbolt|p2a: Slowbro\n|-crit|p2a: Slowbro\n|-supereffective|p2a: Slowbro\n|-damage|p2a: Slowbro|31/100 slp\n|\n|upkeep\n|turn|32\n|\n|t:|1787512352\n|cant|p2a: Slowbro|slp\n|move|p1a: Tauros|Hyper Beam|p2a: Slowbro\n|-crit|p2a: Slowbro\n|-damage|p2a: Slowbro|0 fnt\n|faint|p2a: Slowbro\n|\n|t:|1787512365\n|switch|p2a: Chansey|Chansey|59/100\n|turn|33\n|\n|t:|1787512371\n|move|p2a: Chansey|Soft-Boiled|p2a: Chansey\n|-heal|p2a: Chansey|100/100\n|move|p1a: Tauros|Body Slam|p2a: Chansey\n|-damage|p2a: Chansey|60/100\n|\n|upkeep\n|turn|34\n|\n|t:|1787512378\n|move|p2a: Chansey|Soft-Boiled|p2a: Chansey\n|-heal|p2a: Chansey|100/100\n|move|p1a: Tauros|Body Slam|p2a: Chansey\n|-crit|p2a: Chansey\n|-damage|p2a: Chansey|22/100\n|\n|upkeep\n|turn|35\n|inactive|oligen1 has 270 seconds left.\n|\n|t:|1787512384\n|move|p2a: Chansey|Soft-Boiled|p2a: Chansey\n|-heal|p2a: Chansey|72/100\n|move|p1a: Tauros|Body Slam|p2a: Chansey\n|-damage|p2a: Chansey|34/100\n|\n|upkeep\n|turn|36\n|\n|t:|1787512390\n|move|p2a: Chansey|Soft-Boiled|p2a: Chansey\n|-heal|p2a: Chansey|84/100\n|move|p1a: Tauros|Body Slam|p2a: Chansey\n|-crit|p2a: Chansey\n|-damage|p2a: Chansey|4/100\n|\n|upkeep\n|turn|37\n|\n|t:|1787512398\n|move|p2a: Chansey|Thunderbolt|p1a: Tauros\n|-damage|p1a: Tauros|45/100 par\n|move|p1a: Tauros|Hyper Beam|p2a: Chansey\n|-crit|p2a: Chansey\n|-damage|p2a: Chansey|0 fnt\n|faint|p2a: Chansey\n|\n|t:|1787512405\n|switch|p2a: Tauros|Tauros|39/100\n|turn|38\n|inactive|oligen1 has 270 seconds left.\n|\n|t:|1787512450\n|switch|p1a: Alakazam|Alakazam|62/100 slp\n|move|p2a: Tauros|Body Slam|p1a: Alakazam\n|-damage|p1a: Alakazam|9/100 slp\n|\n|upkeep\n|turn|39\n|\n|t:|1787512467\n|cant|p1a: Alakazam|slp\n|move|p2a: Tauros|Body Slam|p1a: Alakazam\n|-damage|p1a: Alakazam|0 fnt\n|faint|p1a: Alakazam\n|\n|t:|1787512492\n|switch|p1a: Cloyster|Cloyster|100/100\n|turn|40\n|inactive|oligen1 has 240 seconds left.\n|\n|t:|1787512512\n|switch|p2a: Starmie|Starmie|57/100 slp\n|switch|p1a: Tauros|Tauros|45/100 par\n|\n|upkeep\n|turn|41\n|\n|t:|1787512517\n|-curestatus|p2a: Starmie|slp|[msg]\n|cant|p1a: Tauros|par\n|\n|upkeep\n|turn|42\n|\n|t:|1787512524\n|move|p2a: Starmie|Recover|p2a: Starmie\n|-heal|p2a: Starmie|100/100\n|cant|p1a: Tauros|par\n|\n|upkeep\n|turn|43\n|\n|t:|1787512529\n|move|p2a: Starmie|Psychic|p1a: Tauros\n|-damage|p1a: Tauros|10/100 par\n|-unboost|p1a: Tauros|spa|1\n|-unboost|p1a: Tauros|spd|1\n|move|p1a: Tauros|Body Slam|p2a: Starmie\n|-damage|p2a: Starmie|67/100\n|-status|p2a: Starmie|par\n|\n|upkeep\n|turn|44\n|inactive|oligen1 has 270 seconds left.\n|\n|t:|1787512540\n|cant|p2a: Starmie|par\n|move|p1a: Tauros|Body Slam|p2a: Starmie\n|-crit|p2a: Starmie\n|-damage|p2a: Starmie|4/100 par\n|\n|upkeep\n|turn|45\n|inactive|oligen1 has 270 seconds left.\n|\n|t:|1787512552\n|move|p2a: Starmie|Psychic|p1a: Tauros\n|-crit|p1a: Tauros\n|-damage|p1a: Tauros|0 fnt\n|faint|p1a: Tauros\n|\n|t:|1787512555\n|switch|p1a: Cloyster|Cloyster|100/100\n|turn|46\n|inactive|oligen1 has 270 seconds left.\n|\n|t:|1787512566\n|move|p1a: Cloyster|Blizzard|p2a: Starmie\n|-resisted|p2a: Starmie\n|-damage|p2a: Starmie|0 fnt\n|faint|p2a: Starmie\n|\n|t:|1787512570\n|switch|p2a: Exeggutor|Exeggutor|75/100 par\n|turn|47\n|inactive|oligen1 has 270 seconds left.\n|\n|t:|1787512597\n|switch|p1a: Jynx|Jynx|40/100 par\n|cant|p2a: Exeggutor|par\n|\n|upkeep\n|turn|48\n|\n|t:|1787512603\n|cant|p1a: Jynx|par\n|cant|p2a: Exeggutor|par\n|\n|upkeep\n|turn|49\n|\n|t:|1787512607\n|move|p1a: Jynx|Blizzard|p2a: Exeggutor\n|-supereffective|p2a: Exeggutor\n|-damage|p2a: Exeggutor|14/100 par\n|move|p2a: Exeggutor|Psychic|p1a: Jynx\n|-resisted|p1a: Jynx\n|-damage|p1a: Jynx|23/100 par\n|\n|upkeep\n|turn|50\n|\n|t:|1787512618\n|cant|p1a: Jynx|par\n|move|p2a: Exeggutor|Psychic|p1a: Jynx\n|-resisted|p1a: Jynx\n|-damage|p1a: Jynx|4/100 par\n|\n|upkeep\n|turn|51\n|\n|t:|1787512623\n|move|p1a: Jynx|Blizzard|p2a: Exeggutor\n|-supereffective|p2a: Exeggutor\n|-damage|p2a: Exeggutor|0 fnt\n|faint|p2a: Exeggutor\n|\n|t:|1787512627\n|switch|p2a: Tauros|Tauros|39/100\n|turn|52\n|\n|t:|1787512631\n|move|p2a: Tauros|Body Slam|p1a: Jynx\n|-damage|p1a: Jynx|0 fnt\n|faint|p1a: Jynx\n|\n|t:|1787512633\n|switch|p1a: Cloyster|Cloyster|100/100\n|turn|53\n|\n|t:|1787512643\n|move|p2a: Tauros|Thunderbolt|p1a: Cloyster\n|-supereffective|p1a: Cloyster\n|-damage|p1a: Cloyster|57/100\n|move|p1a: Cloyster|Explosion|p2a: Tauros\n|-crit|p2a: Tauros\n|-damage|p2a: Tauros|0 fnt\n|faint|p2a: Tauros\n|faint|p1a: Cloyster\n|\n|win|wooooo rby\n|c|☆wooooo rby|gg\n|c|☆oligen1|gg wp\n","uploadtime":1787512643,"views":"109","formatid":"gen1ou","rating":null,"private":0,"password":null}