{"id":"smogtours-gen1ou-818775","format":"[Gen 1] OU","players":["nicole7735","Serpi n_n"],"log":"|inactive|Battle timer is ON: inactive players will automatically lose when time's up.\n|t:|1739051298\n|gametype|singles\n|player|p1|nicole7735|#splxvisharks2|\n|player|p2|Serpi n_n|#splxviraiders|\n|teamsize|p1|6\n|teamsize|p2|6\n|gen|1\n|tier|[Gen 1] OU\n|rule|Desync Clause Mod: Desyncs changed to move failure.\n|rule|Sleep Clause Mod: Limit one foe put to sleep\n|rule|Freeze Clause Mod: Limit one foe frozen\n|rule|Species Clause: Limit one of each Pokémon\n|rule|OHKO Clause: OHKO moves are banned\n|rule|Evasion Moves Clause: Evasion moves are banned\n|rule|Endless Battle Clause: Forcing endless battles is banned\n|rule|HP Percentage Mod: HP is shown in percentages\n|\n|t:|1739051298\n|start\n|switch|p1a: Jynx|Jynx|100/100\n|switch|p2a: Gengar|Gengar|100/100\n|turn|1\n|c|☆nicole7735|hf\n|c|☆Serpi n_n|hf\n|rated|Smogon Premier League\n|\n|t:|1739051310\n|move|p2a: Gengar|Hypnosis|p1a: Jynx\n|-status|p1a: Jynx|slp|[from] move: Hypnosis\n|cant|p1a: Jynx|slp\n|\n|upkeep\n|turn|2\n|\n|t:|1739051320\n|switch|p1a: Exeggutor|Exeggutor|100/100\n|move|p2a: Gengar|Night Shade|p1a: Exeggutor\n|-damage|p1a: Exeggutor|75/100\n|\n|upkeep\n|turn|3\n|\n|t:|1739051330\n|move|p2a: Gengar|Explosion|p1a: Exeggutor\n|-damage|p1a: Exeggutor|17/100\n|faint|p2a: Gengar\n|inactive|Serpi n_n has 270 seconds left.\n|inactive|Serpi n_n has 240 seconds left.\n|inactive|Serpi n_n has 210 seconds left.\n|inactive|Serpi n_n has 180 seconds left.\n|inactive|Serpi n_n has 150 seconds left.\n|\n|t:|1739051478\n|switch|p2a: Tauros|Tauros|100/100\n|turn|4\n|inactive|nicole7735 has 270 seconds left.\n|inactive|nicole7735 has 240 seconds left.\n|\n|t:|1739051553\n|move|p2a: Tauros|Body Slam|p1a: Exeggutor\n|-damage|p1a: Exeggutor|0 fnt\n|faint|p1a: Exeggutor\n|\n|t:|1739051554\n|switch|p1a: Chansey|Chansey|100/100\n|turn|5\n|\n|t:|1739051578\n|switch|p2a: Snorlax|Snorlax|100/100\n|move|p1a: Chansey|Thunder Wave|p2a: Snorlax\n|-status|p2a: Snorlax|par\n|\n|upkeep\n|turn|6\n|inactive|nicole7735 has 240 seconds left.\n|inactive|Serpi n_n has 150 seconds left.\n|\n|t:|1739051616\n|move|p2a: Snorlax|Self-Destruct|p1a: Chansey\n|-damage|p1a: Chansey|0 fnt\n|faint|p1a: Chansey\n|faint|p2a: Snorlax\n|inactive|Serpi n_n has 150 seconds left.\n|inactive|nicole7735 has 210 seconds left.\n|\n|t:|1739051647\n|switch|p1a: Tauros|Tauros|100/100\n|switch|p2a: Starmie|Starmie|100/100\n|turn|7\n|inactive|nicole7735 has 180 seconds left.\n|\n|t:|1739051678\n|switch|p1a: Jynx|Jynx|100/100 slp\n|move|p2a: Starmie|Thunder Wave|p1a: Jynx\n|-fail|p1a: Jynx\n|\n|upkeep\n|turn|8\n|\n|t:|1739051683\n|switch|p2a: Tauros|Tauros|100/100\n|cant|p1a: Jynx|slp\n|\n|upkeep\n|turn|9\n|\n|t:|1739051685\n|switch|p1a: Snorlax|Snorlax|100/100\n|move|p2a: Tauros|Body Slam|p1a: Snorlax\n|-damage|p1a: Snorlax|75/100\n|\n|upkeep\n|turn|10\n|\n|t:|1739051706\n|move|p2a: Tauros|Blizzard|p1a: Snorlax\n|-crit|p1a: Snorlax\n|-damage|p1a: Snorlax|36/100\n|move|p1a: Snorlax|Body Slam|p2a: Tauros\n|-damage|p2a: Tauros|68/100\n|\n|upkeep\n|turn|11\n|inactive|Serpi n_n has 180 seconds left.\n|\n|t:|1739051728\n|switch|p1a: Jynx|Jynx|100/100 slp\n|move|p2a: Tauros|Body Slam|p1a: Jynx\n|-damage|p1a: Jynx|51/100 slp\n|\n|upkeep\n|turn|12\n|inactive|Serpi n_n has 180 seconds left.\n|inactive|nicole7735 has 180 seconds left.\n|inactive|nicole7735 has 150 seconds left.\n|\n|t:|1739051780\n|move|p2a: Tauros|Body Slam|p1a: Jynx\n|-damage|p1a: Jynx|1/100 slp\n|cant|p1a: Jynx|slp\n|\n|upkeep\n|turn|13\n|inactive|Serpi n_n has 180 seconds left.\n|\n|t:|1739051802\n|switch|p2a: Starmie|Starmie|100/100\n|cant|p1a: Jynx|slp\n|\n|upkeep\n|turn|14\n|\n|t:|1739051806\n|move|p2a: Starmie|Psychic|p1a: Jynx\n|-resisted|p1a: Jynx\n|-damage|p1a: Jynx|0 fnt\n|faint|p1a: Jynx\n|inactive|nicole7735 has 150 seconds left.\n|inactive|nicole7735 has 120 seconds left.\n|inactive|nicole7735 has 90 seconds left.\n|inactive|nicole7735 has 60 seconds left.\n|\n|t:|1739051928\n|switch|p1a: Snorlax|Snorlax|36/100\n|turn|15\n|\n|t:|1739051940\n|switch|p2a: Tauros|Tauros|68/100\n|move|p1a: Snorlax|Self-Destruct|p2a: Tauros\n|-damage|p2a: Tauros|0 fnt\n|faint|p2a: Tauros\n|faint|p1a: Snorlax\n|inactive|Serpi n_n has 180 seconds left.\n|\n|t:|1739051958\n|switch|p2a: Exeggutor|Exeggutor|100/100\n|switch|p1a: Zapdos|Zapdos|100/100\n|turn|16\n|\n|t:|1739051965\n|move|p1a: Zapdos|Drill Peck|p2a: Exeggutor\n|-supereffective|p2a: Exeggutor\n|-damage|p2a: Exeggutor|52/100\n|move|p2a: Exeggutor|Explosion|p1a: Zapdos\n|-damage|p1a: Zapdos|25/100\n|faint|p2a: Exeggutor\n|inactive|Serpi n_n has 180 seconds left.\n|\n|t:|1739051995\n|switch|p2a: Zapdos|Zapdos|100/100\n|turn|17\n|\n|t:|1739052011\n|move|p2a: Zapdos|Thunderbolt|p1a: Zapdos\n|-damage|p1a: Zapdos|0 fnt\n|faint|p1a: Zapdos\n|\n|t:|1739052013\n|switch|p1a: Tauros|Tauros|100/100\n|turn|18\n|\n|t:|1739052020\n|move|p1a: Tauros|Hyper Beam|p2a: Zapdos\n|-damage|p2a: Zapdos|54/100\n|-mustrecharge|p1a: Tauros\n|move|p2a: Zapdos|Thunder Wave|p1a: Tauros\n|-status|p1a: Tauros|par\n|\n|upkeep\n|turn|19\n|\n|t:|1739052024\n|move|p2a: Zapdos|Thunderbolt|p1a: Tauros\n|-damage|p1a: Tauros|58/100 par\n|cant|p1a: Tauros|recharge\n|\n|upkeep\n|turn|20\n|\n|t:|1739052027\n|move|p2a: Zapdos|Thunderbolt|p1a: Tauros\n|-crit|p1a: Tauros\n|-damage|p1a: Tauros|0 fnt\n|faint|p1a: Tauros\n|\n|win|Serpi n_n\n|c|☆nicole7735|ggs\n|c|☆Serpi n_n|ggs\n|player|p2|\n","uploadtime":1739052027,"views":"2725","formatid":"gen1ou","rating":null,"private":0,"password":null}