{"id":"smogtours-gen1ou-950354","format":"[Gen 1] OU","players":["TheStupe","Mister Tim"],"log":"|inactive|Battle timer is ON: inactive players will automatically lose when time's up.\n|t:|1782509431\n|gametype|singles\n|player|p1|TheStupe|psychicf-gen4|\n|player|p2|Mister Tim|265|\n|gen|1\n|tier|[Gen 1] OU\n|rule|Desync Clause Mod: Desyncs changed to move failure.\n|rule|HP Percentage Mod: HP is shown in percentages\n|rule|Endless Battle Clause: Forcing endless battles is banned\n|rule|Sleep Clause Mod: Limit one foe put to sleep\n|rule|Freeze Clause Mod: Limit one foe frozen\n|rule|Species Clause: Limit one of each Pokémon\n|rule|OHKO Clause: OHKO moves are banned\n|rule|Evasion Moves Clause: Evasion moves are banned\n|\n|t:|1782509432\n|teamsize|p1|6\n|teamsize|p2|6\n|start\n|switch|p1a: Jynx|Jynx|100/100\n|switch|p2a: Starmie|Starmie|100/100\n|turn|1\n|c|☆TheStupe|hf\n|c|☆Mister Tim|hf\n|\n|t:|1782509451\n|move|p2a: Starmie|Thunder Wave|p1a: Jynx\n|-status|p1a: Jynx|par\n|move|p1a: Jynx|Lovely Kiss|p2a: Starmie\n|-status|p2a: Starmie|slp|[from] move: Lovely Kiss\n|\n|upkeep\n|turn|2\n|\n|t:|1782509453\n|cant|p2a: Starmie|slp\n|move|p1a: Jynx|Blizzard|p2a: Starmie\n|-resisted|p2a: Starmie\n|-damage|p2a: Starmie|80/100 slp\n|\n|upkeep\n|turn|3\n|\n|t:|1782509455\n|switch|p1a: Tauros|Tauros|100/100\n|-curestatus|p2a: Starmie|slp|[msg]\n|\n|upkeep\n|turn|4\n|\n|t:|1782509458\n|switch|p1a: Jynx|Jynx|100/100 par\n|move|p2a: Starmie|Surf|p1a: Jynx\n|-damage|p1a: Jynx|67/100 par\n|\n|upkeep\n|turn|5\n|\n|t:|1782509462\n|switch|p1a: Chansey|Chansey|100/100\n|move|p2a: Starmie|Surf|p1a: Chansey\n|-crit|p1a: Chansey\n|-damage|p1a: Chansey|71/100\n|\n|upkeep\n|turn|6\n|\n|t:|1782509473\n|move|p2a: Starmie|Thunder Wave|p1a: Chansey\n|-status|p1a: Chansey|par\n|move|p1a: Chansey|Sing|p2a: Starmie|[miss]\n|-miss|p1a: Chansey\n|\n|upkeep\n|turn|7\n|\n|t:|1782509477\n|switch|p2a: Snorlax|Snorlax|100/100\n|cant|p1a: Chansey|par\n|\n|upkeep\n|turn|8\n|\n|t:|1782509484\n|switch|p1a: Snorlax|Snorlax|100/100\n|move|p2a: Snorlax|Body Slam|p1a: Snorlax\n|-damage|p1a: Snorlax|74/100\n|\n|upkeep\n|turn|9\n|\n|t:|1782509488\n|move|p2a: Snorlax|Body Slam|p1a: Snorlax\n|-damage|p1a: Snorlax|49/100\n|move|p1a: Snorlax|Reflect|p1a: Snorlax\n|-start|p1a: Snorlax|Reflect\n|\n|upkeep\n|turn|10\n|\n|t:|1782509493\n|switch|p2a: Cloyster|Cloyster|100/100\n|move|p1a: Snorlax|Body Slam|p2a: Cloyster\n|-damage|p2a: Cloyster|78/100\n|\n|upkeep\n|turn|11\n|\n|t:|1782509498\n|switch|p1a: Jynx|Jynx|67/100 par\n|move|p2a: Cloyster|Blizzard|p1a: Jynx\n|-crit|p1a: Jynx\n|-resisted|p1a: Jynx\n|-damage|p1a: Jynx|31/100 par\n|\n|upkeep\n|turn|12\n|\n|t:|1782509501\n|switch|p1a: Starmie|Starmie|100/100\n|move|p2a: Cloyster|Clamp|p1a: Starmie\n|-resisted|p1a: Starmie\n|-damage|p1a: Starmie|95/100\n|\n|upkeep\n|turn|13\n|inactive|Mister Tim has 270 seconds left.\n|inactive|Mister Tim has 240 seconds left.\n|\n|t:|1782509575\n|switch|p1a: Chansey|Chansey|71/100 par\n|switch|p2a: Jolteon|Jolteon|100/100\n|\n|upkeep\n|turn|14\n|\n|t:|1782509580\n|switch|p1a: Rhydon|Rhydon|100/100\n|move|p2a: Jolteon|Double Kick|p1a: Rhydon\n|-crit|p1a: Rhydon\n|-supereffective|p1a: Rhydon\n|-damage|p1a: Rhydon|85/100\n|-damage|p1a: Rhydon|70/100\n|-hitcount|p1a: Rhydon|2\n|\n|upkeep\n|turn|15\n|inactive|Mister Tim has 240 seconds left.\n|inactive|Mister Tim has 210 seconds left.\n|\n|t:|1782509629\n|switch|p2a: Chansey|Chansey|100/100\n|move|p1a: Rhydon|Earthquake|p2a: Chansey\n|-damage|p2a: Chansey|48/100\n|\n|upkeep\n|turn|16\n|inactive|Mister Tim has 210 seconds left.\n|\n|t:|1782509642\n|switch|p1a: Chansey|Chansey|71/100 par\n|move|p2a: Chansey|Ice Beam|p1a: Chansey\n|-damage|p1a: Chansey|60/100 par\n|\n|upkeep\n|turn|17\n|inactive|Mister Tim has 210 seconds left.\n|\n|t:|1782509650\n|move|p2a: Chansey|Soft-Boiled|p2a: Chansey\n|-heal|p2a: Chansey|98/100\n|move|p1a: Chansey|Soft-Boiled|p1a: Chansey\n|-heal|p1a: Chansey|100/100 par\n|\n|upkeep\n|turn|18\n|\n|t:|1782509658\n|switch|p2a: Starmie|Starmie|80/100\n|move|p1a: Chansey|Sing|p2a: Starmie\n|-status|p2a: Starmie|slp|[from] move: Sing\n|\n|upkeep\n|turn|19\n|\n|t:|1782509667\n|switch|p2a: Snorlax|Snorlax|100/100\n|switch|p1a: Snorlax|Snorlax|49/100\n|\n|upkeep\n|turn|20\n|inactive|Mister Tim has 210 seconds left.\n|\n|t:|1782509697\n|move|p1a: Snorlax|Reflect|p1a: Snorlax\n|-start|p1a: Snorlax|Reflect\n|move|p2a: Snorlax|Body Slam|p1a: Snorlax\n|-crit|p1a: Snorlax\n|-damage|p1a: Snorlax|0 fnt\n|faint|p1a: Snorlax\n|inactive|TheStupe has 270 seconds left.\n|\n|t:|1782509725\n|switch|p1a: Starmie|Starmie|95/100\n|turn|21\n|\n|t:|1782509741\n|move|p1a: Starmie|Thunder Wave|p2a: Snorlax\n|-status|p2a: Snorlax|par\n|move|p2a: Snorlax|Body Slam|p1a: Starmie\n|-damage|p1a: Starmie|55/100\n|\n|upkeep\n|turn|22\n|\n|t:|1782509757\n|move|p1a: Starmie|Recover|p1a: Starmie\n|-heal|p1a: Starmie|100/100\n|cant|p2a: Snorlax|par\n|\n|upkeep\n|turn|23\n|inactive|TheStupe has 240 seconds left.\n|\n|t:|1782509772\n|move|p1a: Starmie|Surf|p2a: Snorlax\n|-damage|p2a: Snorlax|75/100 par\n|move|p2a: Snorlax|Body Slam|p1a: Starmie\n|-damage|p1a: Starmie|62/100\n|\n|upkeep\n|turn|24\n|\n|t:|1782509779\n|move|p1a: Starmie|Recover|p1a: Starmie\n|-heal|p1a: Starmie|100/100\n|move|p2a: Snorlax|Body Slam|p1a: Starmie\n|-damage|p1a: Starmie|67/100\n|-status|p1a: Starmie|par\n|\n|upkeep\n|turn|25\n|inactive|Mister Tim has 240 seconds left.\n|\n|t:|1782509796\n|move|p1a: Starmie|Recover|p1a: Starmie\n|-heal|p1a: Starmie|100/100 par\n|move|p2a: Snorlax|Body Slam|p1a: Starmie\n|-damage|p1a: Starmie|61/100 par\n|\n|upkeep\n|turn|26\n|\n|t:|1782509798\n|move|p1a: Starmie|Recover|p1a: Starmie\n|-heal|p1a: Starmie|100/100 par\n|move|p2a: Snorlax|Body Slam|p1a: Starmie\n|-damage|p1a: Starmie|63/100 par\n|\n|upkeep\n|turn|27\n|\n|t:|1782509801\n|move|p1a: Starmie|Recover|p1a: Starmie\n|-heal|p1a: Starmie|100/100 par\n|cant|p2a: Snorlax|par\n|\n|upkeep\n|turn|28\n|\n|t:|1782509804\n|switch|p2a: Chansey|Chansey|98/100\n|cant|p1a: Starmie|par\n|\n|upkeep\n|turn|29\n|\n|t:|1782509812\n|switch|p2a: Snorlax|Snorlax|75/100 par\n|switch|p1a: Chansey|Chansey|100/100 par\n|\n|upkeep\n|turn|30\n|\n|t:|1782509816\n|switch|p1a: Starmie|Starmie|100/100 par\n|move|p2a: Snorlax|Body Slam|p1a: Starmie\n|-damage|p1a: Starmie|62/100 par\n|\n|upkeep\n|turn|31\n|\n|t:|1782509820\n|move|p1a: Starmie|Recover|p1a: Starmie\n|-heal|p1a: Starmie|100/100 par\n|move|p2a: Snorlax|Body Slam|p1a: Starmie\n|-damage|p1a: Starmie|61/100 par\n|\n|upkeep\n|turn|32\n|\n|t:|1782509822\n|move|p1a: Starmie|Recover|p1a: Starmie\n|-heal|p1a: Starmie|100/100 par\n|move|p2a: Snorlax|Body Slam|p1a: Starmie\n|-damage|p1a: Starmie|65/100 par\n|\n|upkeep\n|turn|33\n|\n|t:|1782509824\n|move|p1a: Starmie|Recover|p1a: Starmie\n|-heal|p1a: Starmie|100/100 par\n|move|p2a: Snorlax|Body Slam|p1a: Starmie\n|-damage|p1a: Starmie|64/100 par\n|\n|upkeep\n|turn|34\n|\n|t:|1782509827\n|move|p1a: Starmie|Recover|p1a: Starmie\n|-heal|p1a: Starmie|100/100 par\n|move|p2a: Snorlax|Body Slam|p1a: Starmie\n|-crit|p1a: Starmie\n|-damage|p1a: Starmie|34/100 par\n|\n|upkeep\n|turn|35\n|\n|t:|1782509830\n|move|p1a: Starmie|Recover|p1a: Starmie\n|-heal|p1a: Starmie|84/100 par\n|move|p2a: Snorlax|Body Slam|p1a: Starmie\n|-damage|p1a: Starmie|46/100 par\n|\n|upkeep\n|turn|36\n|\n|t:|1782509833\n|cant|p1a: Starmie|par\n|move|p2a: Snorlax|Body Slam|p1a: Starmie\n|-damage|p1a: Starmie|11/100 par\n|\n|upkeep\n|turn|37\n|\n|t:|1782509835\n|move|p1a: Starmie|Recover|p1a: Starmie\n|-heal|p1a: Starmie|61/100 par\n|move|p2a: Snorlax|Hyper Beam|p1a: Starmie\n|-damage|p1a: Starmie|0 fnt\n|faint|p1a: Starmie\n|\n|t:|1782509839\n|switch|p1a: Jynx|Jynx|31/100 par\n|turn|38\n|\n|t:|1782509854\n|switch|p2a: Jolteon|Jolteon|100/100\n|move|p1a: Jynx|Blizzard|p2a: Jolteon|[miss]\n|-miss|p1a: Jynx\n|\n|upkeep\n|turn|39\n|\n|t:|1782509864\n|switch|p2a: Cloyster|Cloyster|78/100\n|switch|p1a: Rhydon|Rhydon|70/100\n|\n|upkeep\n|turn|40\n|\n|t:|1782509870\n|switch|p1a: Chansey|Chansey|100/100 par\n|move|p2a: Cloyster|Blizzard|p1a: Chansey\n|-crit|p1a: Chansey\n|-damage|p1a: Chansey|64/100 par\n|\n|upkeep\n|turn|41\n|\n|t:|1782509877\n|move|p2a: Cloyster|Clamp|p1a: Chansey\n|-damage|p1a: Chansey|59/100 par\n|cant|p1a: Chansey|partiallytrapped\n|\n|upkeep\n|turn|42\n|\n|t:|1782509880\n|move|p2a: Cloyster|Clamp|p1a: Chansey|[from] Clamp\n|-damage|p1a: Chansey|54/100 par\n|\n|upkeep\n|turn|43\n|\n|t:|1782509883\n|move|p2a: Cloyster|Clamp|p1a: Chansey\n|-damage|p1a: Chansey|49/100 par\n|cant|p1a: Chansey|partiallytrapped\n|\n|upkeep\n|turn|44\n|\n|t:|1782509886\n|move|p2a: Cloyster|Clamp|p1a: Chansey|[from] Clamp\n|-damage|p1a: Chansey|44/100 par\n|\n|upkeep\n|turn|45\n|\n|t:|1782509902\n|move|p2a: Cloyster|Clamp|p1a: Chansey\n|-crit|p1a: Chansey\n|-damage|p1a: Chansey|34/100 par\n|cant|p1a: Chansey|partiallytrapped\n|\n|upkeep\n|turn|46\n|\n|t:|1782509904\n|move|p2a: Cloyster|Clamp|p1a: Chansey|[from] Clamp\n|-damage|p1a: Chansey|25/100 par\n|\n|upkeep\n|turn|47\n|\n|t:|1782509920\n|move|p2a: Cloyster|Clamp|p1a: Chansey|[from] Clamp\n|-damage|p1a: Chansey|16/100 par\n|\n|upkeep\n|turn|48\n|\n|t:|1782509926\n|move|p2a: Cloyster|Blizzard|p1a: Chansey\n|-damage|p1a: Chansey|0 fnt\n|faint|p1a: Chansey\n|\n|t:|1782509928\n|switch|p1a: Jynx|Jynx|31/100 par\n|turn|49\n|\n|t:|1782509936\n|move|p2a: Cloyster|Clamp|p1a: Jynx\n|-damage|p1a: Jynx|19/100 par\n|cant|p1a: Jynx|partiallytrapped\n|\n|upkeep\n|turn|50\n|\n|t:|1782509938\n|move|p2a: Cloyster|Clamp|p1a: Jynx|[from] Clamp\n|-damage|p1a: Jynx|7/100 par\n|\n|upkeep\n|turn|51\n|\n|t:|1782509950\n|move|p2a: Cloyster|Clamp|p1a: Jynx|[from] Clamp\n|-damage|p1a: Jynx|0 fnt\n|faint|p1a: Jynx\n|\n|t:|1782509951\n|switch|p1a: Tauros|Tauros|100/100\n|turn|52\n|\n|t:|1782509963\n|switch|p2a: Starmie|Starmie|80/100 slp\n|move|p1a: Tauros|Body Slam|p2a: Starmie\n|-damage|p2a: Starmie|46/100 slp\n|\n|upkeep\n|turn|53\n|\n|t:|1782509967\n|cant|p2a: Starmie|slp\n|move|p1a: Tauros|Body Slam|p2a: Starmie\n|-damage|p2a: Starmie|11/100 slp\n|\n|upkeep\n|turn|54\n|\n|t:|1782509969\n|cant|p2a: Starmie|slp\n|move|p1a: Tauros|Body Slam|p2a: Starmie\n|-damage|p2a: Starmie|0 fnt\n|faint|p2a: Starmie\n|\n|t:|1782509976\n|switch|p2a: Chansey|Chansey|98/100\n|turn|55\n|inactive|TheStupe has 270 seconds left.\n|\n|t:|1782510016\n|move|p1a: Tauros|Blizzard|p2a: Chansey\n|-damage|p2a: Chansey|87/100\n|move|p2a: Chansey|Thunder Wave|p1a: Tauros\n|-status|p1a: Tauros|par\n|\n|upkeep\n|turn|56\n|inactive|Mister Tim has 270 seconds left.\n|\n|t:|1782510049\n|move|p2a: Chansey|Ice Beam|p1a: Tauros\n|-damage|p1a: Tauros|72/100 par\n|move|p1a: Tauros|Body Slam|p2a: Chansey\n|-damage|p2a: Chansey|49/100\n|\n|upkeep\n|turn|57\n|\n|t:|1782510053\n|move|p2a: Chansey|Soft-Boiled|p2a: Chansey\n|-heal|p2a: Chansey|99/100\n|move|p1a: Tauros|Body Slam|p2a: Chansey\n|-damage|p2a: Chansey|62/100\n|\n|upkeep\n|turn|58\n|\n|t:|1782510055\n|move|p2a: Chansey|Ice Beam|p1a: Tauros\n|-damage|p1a: Tauros|44/100 par\n|move|p1a: Tauros|Body Slam|p2a: Chansey\n|-damage|p2a: Chansey|24/100\n|\n|upkeep\n|turn|59\n|\n|t:|1782510058\n|move|p2a: Chansey|Ice Beam|p1a: Tauros\n|-damage|p1a: Tauros|16/100 par\n|move|p1a: Tauros|Body Slam|p2a: Chansey\n|-damage|p2a: Chansey|0 fnt\n|faint|p2a: Chansey\n|\n|t:|1782510063\n|switch|p2a: Tauros|Tauros|100/100\n|turn|60\n|\n|t:|1782510067\n|move|p2a: Tauros|Earthquake|p1a: Tauros\n|-crit|p1a: Tauros\n|-damage|p1a: Tauros|0 fnt\n|faint|p1a: Tauros\n|\n|t:|1782510068\n|switch|p1a: Rhydon|Rhydon|70/100\n|turn|61\n|c|☆TheStupe|gg.\n|\n|t:|1782510072\n|move|p2a: Tauros|Earthquake|p1a: Rhydon\n|-supereffective|p1a: Rhydon\n|-damage|p1a: Rhydon|38/100\n|move|p1a: Rhydon|Earthquake|p2a: Tauros\n|-crit|p2a: Tauros\n|-damage|p2a: Tauros|20/100\n|\n|upkeep\n|turn|62\n|\n|t:|1782510081\n|move|p2a: Tauros|Earthquake|p1a: Rhydon\n|-supereffective|p1a: Rhydon\n|-damage|p1a: Rhydon|3/100\n|move|p1a: Rhydon|Earthquake|p2a: Tauros\n|-damage|p2a: Tauros|0 fnt\n|faint|p2a: Tauros\n|\n|t:|1782510085\n|switch|p2a: Jolteon|Jolteon|100/100\n|turn|63\n|\n|t:|1782510087\n|move|p2a: Jolteon|Double Kick|p1a: Rhydon\n|-supereffective|p1a: Rhydon\n|-damage|p1a: Rhydon|0 fnt\n|-hitcount|p1a: Rhydon|1\n|faint|p1a: Rhydon\n|\n|win|Mister Tim\n|c|☆Mister Tim|gg\n|player|p2|\n","uploadtime":1782510087,"views":"68","formatid":"gen1ou","rating":null,"private":0,"password":null}