{"id":"smogtours-gen1ou-950100","format":"[Gen 1] OU","players":["TG2513","Soda Krys"],"log":"|inactive|Battle timer is ON: inactive players will automatically lose when time's up.\n|t:|1782419874\n|gametype|singles\n|player|p1|TG2513|brycenman|\n|player|p2|Soda Krys|lass-gen1rb|\n|gen|1\n|tier|[Gen 1] OU\n|rule|Desync Clause Mod: Desyncs changed to move failure.\n|rule|HP Percentage Mod: HP is shown in percentages\n|rule|Endless Battle Clause: Forcing endless battles is banned\n|rule|Sleep Clause Mod: Limit one foe put to sleep\n|rule|Freeze Clause Mod: Limit one foe frozen\n|rule|Species Clause: Limit one of each Pokémon\n|rule|OHKO Clause: OHKO moves are banned\n|rule|Evasion Moves Clause: Evasion moves are banned\n|\n|t:|1782419874\n|teamsize|p1|6\n|teamsize|p2|6\n|start\n|switch|p1a: Alakazam|Alakazam|100/100\n|switch|p2a: Alakazam|Alakazam|100/100\n|turn|1\n|inactive|Soda Krys also wants the timer to be on.\n|\n|t:|1782419897\n|switch|p2a: Exeggutor|Exeggutor|100/100\n|move|p1a: Alakazam|Thunder Wave|p2a: Exeggutor\n|-status|p2a: Exeggutor|par\n|\n|upkeep\n|turn|2\n|\n|t:|1782419900\n|move|p1a: Alakazam|Seismic Toss|p2a: Exeggutor\n|-damage|p2a: Exeggutor|75/100 par\n|move|p2a: Exeggutor|Sleep Powder|p1a: Alakazam\n|-status|p1a: Alakazam|slp|[from] move: Sleep Powder\n|\n|upkeep\n|turn|3\n|\n|t:|1782419909\n|-curestatus|p1a: Alakazam|slp|[msg]\n|move|p2a: Exeggutor|Stun Spore|p1a: Alakazam\n|-status|p1a: Alakazam|par\n|\n|upkeep\n|turn|4\n|\n|t:|1782419911\n|move|p1a: Alakazam|Seismic Toss|p2a: Exeggutor\n|-damage|p2a: Exeggutor|50/100 par\n|move|p2a: Exeggutor|Psychic|p1a: Alakazam\n|-resisted|p1a: Alakazam\n|-damage|p1a: Alakazam|84/100 par\n|\n|upkeep\n|turn|5\n|\n|t:|1782419916\n|switch|p2a: Snorlax|Snorlax|100/100\n|move|p1a: Alakazam|Seismic Toss|p2a: Snorlax\n|-damage|p2a: Snorlax|81/100\n|\n|upkeep\n|turn|6\n|\n|t:|1782419918\n|move|p2a: Snorlax|Body Slam|p1a: Alakazam\n|-damage|p1a: Alakazam|34/100 par\n|move|p1a: Alakazam|Thunder Wave|p2a: Snorlax\n|-status|p2a: Snorlax|par\n|\n|upkeep\n|turn|7\n|\n|t:|1782419921\n|cant|p1a: Alakazam|par\n|move|p2a: Snorlax|Body Slam|p1a: Alakazam\n|-crit|p1a: Alakazam\n|-damage|p1a: Alakazam|0 fnt\n|faint|p1a: Alakazam\n|\n|t:|1782419941\n|switch|p1a: Chansey|Chansey|100/100\n|turn|8\n|\n|t:|1782419948\n|move|p1a: Chansey|Seismic Toss|p2a: Snorlax\n|-damage|p2a: Snorlax|62/100 par\n|move|p2a: Snorlax|Body Slam|p1a: Chansey\n|-damage|p1a: Chansey|62/100\n|\n|upkeep\n|turn|9\n|\n|t:|1782419950\n|switch|p2a: Cloyster|Cloyster|100/100\n|move|p1a: Chansey|Soft-Boiled|p1a: Chansey\n|-heal|p1a: Chansey|100/100\n|\n|upkeep\n|turn|10\n|\n|t:|1782419954\n|move|p2a: Cloyster|Clamp|p1a: Chansey|[miss]\n|-miss|p2a: Cloyster\n|move|p1a: Chansey|Thunder Wave|p2a: Cloyster\n|-status|p2a: Cloyster|par\n|\n|upkeep\n|turn|11\n|\n|t:|1782419959\n|switch|p1a: Starmie|Starmie|100/100\n|move|p2a: Cloyster|Blizzard|p1a: Starmie\n|-resisted|p1a: Starmie\n|-damage|p1a: Starmie|82/100\n|\n|upkeep\n|turn|12\n|\n|t:|1782419964\n|move|p1a: Starmie|Thunderbolt|p2a: Cloyster\n|-supereffective|p2a: Cloyster\n|-damage|p2a: Cloyster|42/100 par\n|cant|p2a: Cloyster|par\n|\n|upkeep\n|turn|13\n|\n|t:|1782419969\n|switch|p2a: Exeggutor|Exeggutor|50/100 par\n|move|p1a: Starmie|Thunderbolt|p2a: Exeggutor\n|-resisted|p2a: Exeggutor\n|-damage|p2a: Exeggutor|41/100 par\n|\n|upkeep\n|turn|14\n|\n|t:|1782419976\n|switch|p1a: Chansey|Chansey|100/100\n|move|p2a: Exeggutor|Sleep Powder|p1a: Chansey\n|-status|p1a: Chansey|slp|[from] move: Sleep Powder\n|\n|upkeep\n|turn|15\n|\n|t:|1782419981\n|cant|p1a: Chansey|slp\n|cant|p2a: Exeggutor|par\n|\n|upkeep\n|turn|16\n|\n|t:|1782419982\n|-curestatus|p1a: Chansey|slp|[msg]\n|move|p2a: Exeggutor|Psychic|p1a: Chansey\n|-damage|p1a: Chansey|82/100\n|\n|upkeep\n|turn|17\n|\n|t:|1782419984\n|move|p1a: Chansey|Seismic Toss|p2a: Exeggutor\n|-damage|p2a: Exeggutor|16/100 par\n|move|p2a: Exeggutor|Sleep Powder|p1a: Chansey\n|-status|p1a: Chansey|slp|[from] move: Sleep Powder\n|\n|upkeep\n|turn|18\n|\n|t:|1782419988\n|cant|p1a: Chansey|slp\n|move|p2a: Exeggutor|Rest|p2a: Exeggutor\n|-status|p2a: Exeggutor|slp|[from] move: Rest\n|-heal|p2a: Exeggutor|100/100 slp|[silent]\n|\n|upkeep\n|turn|19\n|\n|t:|1782419989\n|cant|p1a: Chansey|slp\n|cant|p2a: Exeggutor|slp\n|\n|upkeep\n|turn|20\n|\n|t:|1782419991\n|cant|p1a: Chansey|slp\n|-curestatus|p2a: Exeggutor|slp|[msg]\n|\n|upkeep\n|turn|21\n|\n|t:|1782419992\n|-curestatus|p1a: Chansey|slp|[msg]\n|move|p2a: Exeggutor|Psychic|p1a: Chansey\n|-damage|p1a: Chansey|66/100\n|\n|upkeep\n|turn|22\n|\n|t:|1782419995\n|move|p1a: Chansey|Sing|p2a: Exeggutor\n|-status|p2a: Exeggutor|slp|[from] move: Sing\n|cant|p2a: Exeggutor|slp\n|\n|upkeep\n|turn|23\n|\n|t:|1782420001\n|switch|p2a: Alakazam|Alakazam|100/100\n|move|p1a: Chansey|Seismic Toss|p2a: Alakazam\n|-damage|p2a: Alakazam|69/100\n|\n|upkeep\n|turn|24\n|\n|t:|1782420004\n|move|p2a: Alakazam|Thunder Wave|p1a: Chansey\n|-status|p1a: Chansey|par\n|move|p1a: Chansey|Thunder Wave|p2a: Alakazam\n|-status|p2a: Alakazam|par\n|\n|upkeep\n|turn|25\n|\n|t:|1782420007\n|switch|p2a: Snorlax|Snorlax|62/100 par\n|move|p1a: Chansey|Soft-Boiled|p1a: Chansey\n|-heal|p1a: Chansey|100/100 par\n|\n|upkeep\n|turn|26\n|\n|t:|1782420012\n|move|p1a: Chansey|Seismic Toss|p2a: Snorlax\n|-damage|p2a: Snorlax|43/100 par\n|cant|p2a: Snorlax|par\n|\n|upkeep\n|turn|27\n|\n|t:|1782420027\n|switch|p1a: Rhydon|Rhydon|100/100\n|move|p2a: Snorlax|Body Slam|p1a: Rhydon\n|-resisted|p1a: Rhydon\n|-damage|p1a: Rhydon|89/100\n|-status|p1a: Rhydon|par\n|\n|upkeep\n|turn|28\n|\n|t:|1782420034\n|switch|p2a: Cloyster|Cloyster|42/100 par\n|move|p1a: Rhydon|Earthquake|p2a: Cloyster\n|-damage|p2a: Cloyster|10/100 par\n|\n|upkeep\n|turn|29\n|\n|t:|1782420044\n|switch|p1a: Articuno|Articuno|100/100\n|cant|p2a: Cloyster|par\n|\n|upkeep\n|turn|30\n|\n|t:|1782420048\n|move|p1a: Articuno|Ice Beam|p2a: Cloyster\n|-resisted|p2a: Cloyster\n|-damage|p2a: Cloyster|0 fnt\n|faint|p2a: Cloyster\n|\n|t:|1782420051\n|switch|p2a: Zapdos|Zapdos|100/100\n|turn|31\n|\n|t:|1782420054\n|switch|p2a: Tauros|Tauros|100/100\n|switch|p1a: Rhydon|Rhydon|89/100 par\n|\n|upkeep\n|turn|32\n|\n|t:|1782420058\n|move|p2a: Tauros|Earthquake|p1a: Rhydon\n|-supereffective|p1a: Rhydon\n|-damage|p1a: Rhydon|56/100 par\n|move|p1a: Rhydon|Earthquake|p2a: Tauros\n|-damage|p2a: Tauros|62/100\n|\n|upkeep\n|turn|33\n|\n|t:|1782420060\n|move|p2a: Tauros|Earthquake|p1a: Rhydon\n|-crit|p1a: Rhydon\n|-supereffective|p1a: Rhydon\n|-damage|p1a: Rhydon|0 fnt\n|faint|p1a: Rhydon\n|\n|t:|1782420080\n|switch|p1a: Starmie|Starmie|82/100\n|turn|34\n|\n|t:|1782420084\n|move|p1a: Starmie|Psychic|p2a: Tauros\n|-damage|p2a: Tauros|23/100\n|-unboost|p2a: Tauros|spa|1\n|-unboost|p2a: Tauros|spd|1\n|move|p2a: Tauros|Body Slam|p1a: Starmie\n|-damage|p1a: Starmie|45/100\n|\n|upkeep\n|turn|35\n|\n|t:|1782420090\n|move|p1a: Starmie|Psychic|p2a: Tauros\n|-damage|p2a: Tauros|0 fnt\n|faint|p2a: Tauros\n|\n|t:|1782420091\n|switch|p2a: Alakazam|Alakazam|69/100 par\n|turn|36\n|\n|t:|1782420098\n|switch|p1a: Chansey|Chansey|100/100 par\n|switch|p2a: Snorlax|Snorlax|43/100 par\n|\n|upkeep\n|turn|37\n|\n|t:|1782420101\n|move|p1a: Chansey|Seismic Toss|p2a: Snorlax\n|-damage|p2a: Snorlax|24/100 par\n|move|p2a: Snorlax|Self-Destruct|p1a: Chansey\n|-damage|p1a: Chansey|0 fnt\n|faint|p1a: Chansey\n|faint|p2a: Snorlax\n|\n|t:|1782420111\n|switch|p1a: Tauros|Tauros|100/100\n|switch|p2a: Zapdos|Zapdos|100/100\n|turn|38\n|\n|t:|1782420113\n|move|p1a: Tauros|Body Slam|p2a: Zapdos\n|-damage|p2a: Zapdos|71/100\n|move|p2a: Zapdos|Thunder Wave|p1a: Tauros\n|-status|p1a: Tauros|par\n|\n|upkeep\n|turn|39\n|\n|t:|1782420117\n|move|p2a: Zapdos|Thunderbolt|p1a: Tauros\n|-damage|p1a: Tauros|51/100 par\n|cant|p1a: Tauros|par\n|\n|upkeep\n|turn|40\n|\n|t:|1782420120\n|switch|p2a: Alakazam|Alakazam|69/100 par\n|move|p1a: Tauros|Hyper Beam|p2a: Alakazam\n|-damage|p2a: Alakazam|0 fnt\n|faint|p2a: Alakazam\n|\n|t:|1782420125\n|switch|p2a: Exeggutor|Exeggutor|100/100 slp\n|turn|41\n|\n|t:|1782420136\n|cant|p2a: Exeggutor|slp\n|cant|p1a: Tauros|par\n|\n|upkeep\n|turn|42\n|\n|t:|1782420139\n|switch|p1a: Articuno|Articuno|100/100\n|cant|p2a: Exeggutor|slp\n|\n|upkeep\n|turn|43\n|\n|t:|1782420142\n|switch|p2a: Zapdos|Zapdos|71/100\n|move|p1a: Articuno|Agility|p1a: Articuno\n|-boost|p1a: Articuno|spe|2\n|\n|upkeep\n|turn|44\n|\n|t:|1782420145\n|move|p1a: Articuno|Ice Beam|p2a: Zapdos\n|-supereffective|p2a: Zapdos\n|-damage|p2a: Zapdos|13/100\n|move|p2a: Zapdos|Thunder Wave|p1a: Articuno\n|-status|p1a: Articuno|par\n|\n|upkeep\n|turn|45\n|\n|t:|1782420149\n|move|p2a: Zapdos|Thunderbolt|p1a: Articuno\n|-supereffective|p1a: Articuno\n|-damage|p1a: Articuno|40/100 par\n|move|p1a: Articuno|Ice Beam|p2a: Zapdos\n|-supereffective|p2a: Zapdos\n|-damage|p2a: Zapdos|0 fnt\n|faint|p2a: Zapdos\n|\n|t:|1782420151\n|switch|p2a: Exeggutor|Exeggutor|100/100 slp\n|turn|46\n|\n|t:|1782420153\n|cant|p2a: Exeggutor|slp\n|move|p1a: Articuno|Ice Beam|p2a: Exeggutor\n|-crit|p2a: Exeggutor\n|-supereffective|p2a: Exeggutor\n|-damage|p2a: Exeggutor|0 fnt\n|faint|p2a: Exeggutor\n|\n|win|TG2513\n|c|☆TG2513|GGs. want to end on 9-9?\n|c|☆Soda Krys|can we end it here ty\n|c|☆TG2513|ye\n|c|☆TG2513|it is 9-9 right?\n|c|+bingingem|Yep 9-9\n|c|☆TG2513|awesome\n|player|p1|\n|player|p2|\n","uploadtime":1782420153,"views":"62","formatid":"gen1ou","rating":null,"private":0,"password":null}