{"id":"smogtours-gen1ou-967616","format":"[Gen 1] OU","players":["oligen1","LNumbers"],"log":"|inactive|Battle timer is ON: inactive players will automatically lose when time's up.\n|t:|1788118544\n|gametype|singles\n|player|p1|oligen1|blue-gen1rbtwo|\n|player|p2|LNumbers|#rbywc2026|\n|gen|1\n|tier|[Gen 1] OU\n|rule|Desync Clause Mod: Desyncs resolve to link battle behavior from the acting player's perspective.\n|rule|HP Percentage Mod: HP is shown in percentages\n|rule|Endless Battle Clause: Forcing endless battles is banned\n|rule|Sleep Clause Mod: Limit one foe put to sleep\n|rule|Freeze Clause Mod: Limit one foe frozen\n|rule|Species Clause: Limit one of each Pokémon\n|rule|OHKO Clause: OHKO moves are banned\n|rule|Evasion Moves Clause: Evasion moves are banned\n|\n|t:|1788118544\n|teamsize|p1|6\n|teamsize|p2|6\n|start\n|switch|p1a: Starmie|Starmie|100/100\n|switch|p2a: Alakazam|Alakazam|100/100\n|turn|1\n|inactive|oligen1 also wants the timer to be on.\n|c|☆LNumbers|hf\n|c|☆oligen1|Enjoy :-)\n|inactive|LNumbers has 270 seconds left.\n|\n|t:|1788118579\n|move|p2a: Alakazam|Thunder Wave|p1a: Starmie\n|-status|p1a: Starmie|par\n|move|p1a: Starmie|Blizzard|p2a: Alakazam\n|-crit|p2a: Alakazam\n|-damage|p2a: Alakazam|56/100\n|\n|upkeep\n|turn|2\n|\n|t:|1788118608\n|move|p2a: Alakazam|Seismic Toss|p1a: Starmie\n|-damage|p1a: Starmie|70/100 par\n|cant|p1a: Starmie|par\n|\n|upkeep\n|turn|3\n|\n|t:|1788118618\n|move|p2a: Alakazam|Psychic|p1a: Starmie\n|-resisted|p1a: Starmie\n|-damage|p1a: Starmie|49/100 par\n|-unboost|p1a: Starmie|spa|1\n|-unboost|p1a: Starmie|spd|1\n|cant|p1a: Starmie|par\n|\n|upkeep\n|turn|4\n|\n|t:|1788118625\n|move|p2a: Alakazam|Seismic Toss|p1a: Starmie\n|-damage|p1a: Starmie|18/100 par\n|move|p1a: Starmie|Recover|p1a: Starmie\n|-heal|p1a: Starmie|68/100 par\n|\n|upkeep\n|turn|5\n|\n|t:|1788118631\n|move|p2a: Alakazam|Psychic|p1a: Starmie\n|-resisted|p1a: Starmie\n|-damage|p1a: Starmie|36/100 par\n|-unboost|p1a: Starmie|spa|1\n|-unboost|p1a: Starmie|spd|1\n|move|p1a: Starmie|Recover|p1a: Starmie\n|-heal|p1a: Starmie|86/100 par\n|\n|upkeep\n|turn|6\n|\n|t:|1788118640\n|move|p2a: Alakazam|Thunder Wave|p1a: Starmie\n|-fail|p1a: Starmie|par\n|cant|p1a: Starmie|par\n|\n|upkeep\n|turn|7\n|\n|t:|1788118653\n|switch|p1a: Chansey|Chansey|100/100\n|move|p2a: Alakazam|Seismic Toss|p1a: Chansey\n|-damage|p1a: Chansey|86/100\n|\n|upkeep\n|turn|8\n|\n|t:|1788118664\n|switch|p1a: Starmie|Starmie|86/100 par\n|move|p2a: Alakazam|Thunder Wave|p1a: Starmie\n|-fail|p1a: Starmie|par\n|\n|upkeep\n|turn|9\n|\n|t:|1788118672\n|move|p2a: Alakazam|Seismic Toss|p1a: Starmie\n|-damage|p1a: Starmie|55/100 par\n|move|p1a: Starmie|Recover|p1a: Starmie\n|-heal|p1a: Starmie|100/100 par\n|\n|upkeep\n|turn|10\n|\n|t:|1788118682\n|move|p2a: Alakazam|Seismic Toss|p1a: Starmie\n|-damage|p1a: Starmie|70/100 par\n|move|p1a: Starmie|Thunder Wave|p2a: Alakazam\n|-status|p2a: Alakazam|par\n|\n|upkeep\n|turn|11\n|\n|t:|1788118689\n|move|p2a: Alakazam|Recover|p2a: Alakazam\n|-heal|p2a: Alakazam|100/100 par\n|move|p1a: Starmie|Recover|p1a: Starmie\n|-heal|p1a: Starmie|100/100 par\n|\n|upkeep\n|turn|12\n|\n|t:|1788118695\n|move|p2a: Alakazam|Seismic Toss|p1a: Starmie\n|-damage|p1a: Starmie|70/100 par\n|move|p1a: Starmie|Psychic|p2a: Alakazam\n|-resisted|p2a: Alakazam\n|-damage|p2a: Alakazam|87/100 par\n|\n|upkeep\n|turn|13\n|\n|t:|1788118712\n|move|p2a: Alakazam|Psychic|p1a: Starmie\n|-resisted|p1a: Starmie\n|-damage|p1a: Starmie|49/100 par\n|-unboost|p1a: Starmie|spa|1\n|-unboost|p1a: Starmie|spd|1\n|move|p1a: Starmie|Recover|p1a: Starmie\n|-heal|p1a: Starmie|99/100 par\n|\n|upkeep\n|turn|14\n|\n|t:|1788118722\n|move|p2a: Alakazam|Psychic|p1a: Starmie\n|-crit|p1a: Starmie\n|-resisted|p1a: Starmie\n|-damage|p1a: Starmie|59/100 par\n|move|p1a: Starmie|Psychic|p2a: Alakazam\n|-resisted|p2a: Alakazam\n|-damage|p2a: Alakazam|77/100 par\n|\n|upkeep\n|turn|15\n|inactive|LNumbers has 270 seconds left.\n|\n|t:|1788118775\n|cant|p2a: Alakazam|par\n|move|p1a: Starmie|Recover|p1a: Starmie\n|-heal|p1a: Starmie|100/100 par\n|\n|upkeep\n|turn|16\n|\n|t:|1788118781\n|move|p2a: Alakazam|Recover|p2a: Alakazam\n|-heal|p2a: Alakazam|100/100 par\n|move|p1a: Starmie|Psychic|p2a: Alakazam\n|-resisted|p2a: Alakazam\n|-damage|p2a: Alakazam|92/100 par\n|\n|upkeep\n|turn|17\n|\n|t:|1788118788\n|move|p2a: Alakazam|Seismic Toss|p1a: Starmie\n|-damage|p1a: Starmie|70/100 par\n|move|p1a: Starmie|Psychic|p2a: Alakazam\n|-crit|p2a: Alakazam\n|-resisted|p2a: Alakazam\n|-damage|p2a: Alakazam|63/100 par\n|\n|upkeep\n|turn|18\n|\n|t:|1788118795\n|cant|p2a: Alakazam|par\n|move|p1a: Starmie|Recover|p1a: Starmie\n|-heal|p1a: Starmie|100/100 par\n|\n|upkeep\n|turn|19\n|\n|t:|1788118804\n|cant|p2a: Alakazam|par\n|move|p1a: Starmie|Psychic|p2a: Alakazam\n|-resisted|p2a: Alakazam\n|-damage|p2a: Alakazam|54/100 par\n|\n|upkeep\n|turn|20\n|\n|t:|1788118812\n|switch|p1a: Snorlax|Snorlax|100/100\n|cant|p2a: Alakazam|par\n|\n|upkeep\n|turn|21\n|\n|t:|1788118817\n|switch|p2a: Chansey|Chansey|100/100\n|move|p1a: Snorlax|Body Slam|p2a: Chansey\n|-damage|p2a: Chansey|58/100\n|\n|upkeep\n|turn|22\n|\n|t:|1788118823\n|move|p2a: Chansey|Soft-Boiled|p2a: Chansey\n|-heal|p2a: Chansey|100/100\n|move|p1a: Snorlax|Earthquake|p2a: Chansey\n|-damage|p2a: Chansey|69/100\n|\n|upkeep\n|turn|23\n|\n|t:|1788118829\n|switch|p1a: Chansey|Chansey|86/100\n|move|p2a: Chansey|Thunder Wave|p1a: Chansey\n|-status|p1a: Chansey|par\n|\n|upkeep\n|turn|24\n|\n|t:|1788118849\n|switch|p2a: Alakazam|Alakazam|54/100 par\n|move|p1a: Chansey|Ice Beam|p2a: Alakazam\n|-damage|p2a: Alakazam|34/100 par\n|\n|upkeep\n|turn|25\n|\n|t:|1788118857\n|move|p2a: Alakazam|Psychic|p1a: Chansey\n|-damage|p1a: Chansey|69/100 par\n|-unboost|p1a: Chansey|spa|1\n|-unboost|p1a: Chansey|spd|1\n|cant|p1a: Chansey|par\n|\n|upkeep\n|turn|26\n|\n|t:|1788118874\n|switch|p1a: Snorlax|Snorlax|100/100\n|move|p2a: Alakazam|Recover|p2a: Alakazam\n|-heal|p2a: Alakazam|84/100 par\n|\n|upkeep\n|turn|27\n|\n|t:|1788118900\n|switch|p2a: Cloyster|Cloyster|100/100\n|move|p1a: Snorlax|Body Slam|p2a: Cloyster\n|-damage|p2a: Cloyster|77/100\n|-status|p2a: Cloyster|par\n|\n|upkeep\n|turn|28\n|\n|t:|1788118909\n|switch|p1a: Chansey|Chansey|69/100 par\n|cant|p2a: Cloyster|par\n|\n|upkeep\n|turn|29\n|\n|t:|1788118921\n|move|p2a: Cloyster|Clamp|p1a: Chansey\n|-damage|p1a: Chansey|64/100 par\n|cant|p1a: Chansey|partiallytrapped\n|\n|upkeep\n|turn|30\n|\n|t:|1788118931\n|switch|p2a: Tauros|Tauros|100/100\n|switch|p1a: Starmie|Starmie|100/100 par\n|\n|upkeep\n|turn|31\n|\n|t:|1788118938\n|switch|p2a: Chansey|Chansey|69/100\n|move|p1a: Starmie|Psychic|p2a: Chansey\n|-damage|p2a: Chansey|55/100\n|\n|upkeep\n|turn|32\n|\n|t:|1788118945\n|switch|p1a: Chansey|Chansey|64/100 par\n|move|p2a: Chansey|Soft-Boiled|p2a: Chansey\n|-heal|p2a: Chansey|100/100\n|\n|upkeep\n|turn|33\n|\n|t:|1788118958\n|switch|p2a: Alakazam|Alakazam|84/100 par\n|move|p1a: Chansey|Soft-Boiled|p1a: Chansey\n|-heal|p1a: Chansey|100/100 par\n|\n|upkeep\n|turn|34\n|\n|t:|1788118966\n|move|p2a: Alakazam|Psychic|p1a: Chansey\n|-crit|p1a: Chansey\n|-damage|p1a: Chansey|64/100 par\n|cant|p1a: Chansey|par\n|\n|upkeep\n|turn|35\n|\n|t:|1788118983\n|move|p2a: Alakazam|Psychic|p1a: Chansey\n|-damage|p1a: Chansey|45/100 par\n|-unboost|p1a: Chansey|spa|1\n|-unboost|p1a: Chansey|spd|1\n|move|p1a: Chansey|Soft-Boiled|p1a: Chansey\n|-heal|p1a: Chansey|95/100 par\n|\n|upkeep\n|turn|36\n|\n|t:|1788118991\n|switch|p1a: Starmie|Starmie|100/100 par\n|cant|p2a: Alakazam|par\n|\n|upkeep\n|turn|37\n|\n|t:|1788118996\n|switch|p1a: Chansey|Chansey|95/100 par\n|cant|p2a: Alakazam|par\n|\n|upkeep\n|turn|38\n|\n|t:|1788119000\n|cant|p2a: Alakazam|par\n|move|p1a: Chansey|Ice Beam|p2a: Alakazam\n|-damage|p2a: Alakazam|64/100 par\n|\n|upkeep\n|turn|39\n|\n|t:|1788119005\n|move|p2a: Alakazam|Psychic|p1a: Chansey\n|-damage|p1a: Chansey|78/100 par\n|move|p1a: Chansey|Ice Beam|p2a: Alakazam\n|-damage|p2a: Alakazam|42/100 par\n|\n|upkeep\n|turn|40\n|\n|t:|1788119015\n|switch|p1a: Snorlax|Snorlax|100/100\n|move|p2a: Alakazam|Psychic|p1a: Snorlax\n|-damage|p1a: Snorlax|66/100\n|\n|upkeep\n|turn|41\n|\n|t:|1788119025\n|switch|p2a: Cloyster|Cloyster|77/100 par\n|move|p1a: Snorlax|Body Slam|p2a: Cloyster\n|-damage|p2a: Cloyster|53/100 par\n|\n|upkeep\n|turn|42\n|\n|t:|1788119039\n|switch|p1a: Starmie|Starmie|100/100 par\n|move|p2a: Cloyster|Rest|p2a: Cloyster\n|-status|p2a: Cloyster|slp|[from] move: Rest\n|-heal|p2a: Cloyster|100/100 slp|[silent]\n|\n|upkeep\n|turn|43\n|inactive|LNumbers has 270 seconds left.\n|\n|t:|1788119071\n|switch|p2a: Chansey|Chansey|100/100\n|cant|p1a: Starmie|par\n|\n|upkeep\n|turn|44\n|\n|t:|1788119082\n|switch|p2a: Alakazam|Alakazam|42/100 par\n|switch|p1a: Chansey|Chansey|78/100 par\n|\n|upkeep\n|turn|45\n|\n|t:|1788119091\n|move|p2a: Alakazam|Recover|p2a: Alakazam\n|-heal|p2a: Alakazam|92/100 par\n|move|p1a: Chansey|Ice Beam|p2a: Alakazam\n|-damage|p2a: Alakazam|72/100 par\n|\n|upkeep\n|turn|46\n|\n|t:|1788119100\n|move|p2a: Alakazam|Psychic|p1a: Chansey\n|-damage|p1a: Chansey|61/100 par\n|move|p1a: Chansey|Soft-Boiled|p1a: Chansey\n|-heal|p1a: Chansey|100/100 par\n|\n|upkeep\n|turn|47\n|\n|t:|1788119106\n|cant|p2a: Alakazam|par\n|cant|p1a: Chansey|par\n|\n|upkeep\n|turn|48\n|\n|t:|1788119111\n|cant|p2a: Alakazam|par\n|cant|p1a: Chansey|par\n|\n|upkeep\n|turn|49\n|\n|t:|1788119115\n|cant|p2a: Alakazam|par\n|cant|p1a: Chansey|par\n|\n|upkeep\n|turn|50\n|\n|t:|1788119119\n|move|p2a: Alakazam|Psychic|p1a: Chansey\n|-damage|p1a: Chansey|81/100 par\n|move|p1a: Chansey|Ice Beam|p2a: Alakazam\n|-damage|p2a: Alakazam|52/100 par\n|\n|upkeep\n|turn|51\n|\n|t:|1788119134\n|move|p2a: Alakazam|Recover|p2a: Alakazam\n|-heal|p2a: Alakazam|100/100 par\n|move|p1a: Chansey|Ice Beam|p2a: Alakazam\n|-damage|p2a: Alakazam|80/100 par\n|\n|upkeep\n|turn|52\n|\n|t:|1788119140\n|move|p2a: Alakazam|Seismic Toss|p1a: Chansey\n|-damage|p1a: Chansey|67/100 par\n|move|p1a: Chansey|Soft-Boiled|p1a: Chansey\n|-heal|p1a: Chansey|100/100 par\n|\n|upkeep\n|turn|53\n|\n|t:|1788119146\n|move|p2a: Alakazam|Psychic|p1a: Chansey\n|-crit|p1a: Chansey\n|-damage|p1a: Chansey|67/100 par\n|cant|p1a: Chansey|par\n|\n|upkeep\n|turn|54\n|\n|t:|1788119158\n|switch|p2a: Tauros|Tauros|100/100\n|move|p1a: Chansey|Soft-Boiled|p1a: Chansey\n|-heal|p1a: Chansey|100/100 par\n|\n|upkeep\n|turn|55\n|\n|t:|1788119165\n|switch|p2a: Alakazam|Alakazam|80/100 par\n|cant|p1a: Chansey|par\n|\n|upkeep\n|turn|56\n|\n|t:|1788119172\n|move|p2a: Alakazam|Psychic|p1a: Chansey\n|-damage|p1a: Chansey|83/100 par\n|move|p1a: Chansey|Ice Beam|p2a: Alakazam\n|-damage|p2a: Alakazam|58/100 par\n|\n|upkeep\n|turn|57\n|\n|t:|1788119181\n|switch|p1a: Snorlax|Snorlax|66/100\n|move|p2a: Alakazam|Psychic|p1a: Snorlax\n|-damage|p1a: Snorlax|31/100\n|-unboost|p1a: Snorlax|spa|1\n|-unboost|p1a: Snorlax|spd|1\n|\n|upkeep\n|turn|58\n|\n|t:|1788119191\n|switch|p1a: Chansey|Chansey|83/100 par\n|switch|p2a: Chansey|Chansey|100/100\n|\n|upkeep\n|turn|59\n|\n|t:|1788119202\n|switch|p2a: Alakazam|Alakazam|58/100 par\n|move|p1a: Chansey|Ice Beam|p2a: Alakazam\n|-damage|p2a: Alakazam|39/100 par\n|\n|upkeep\n|turn|60\n|\n|t:|1788119229\n|move|p2a: Alakazam|Psychic|p1a: Chansey\n|-damage|p1a: Chansey|65/100 par\n|cant|p1a: Chansey|par\n|\n|upkeep\n|turn|61\n|\n|t:|1788119235\n|switch|p2a: Tauros|Tauros|100/100\n|move|p1a: Chansey|Soft-Boiled|p1a: Chansey\n|-heal|p1a: Chansey|100/100 par\n|\n|upkeep\n|turn|62\n|\n|t:|1788119243\n|move|p2a: Tauros|Body Slam|p1a: Chansey\n|-crit|p1a: Chansey\n|-damage|p1a: Chansey|25/100 par\n|cant|p1a: Chansey|par\n|\n|upkeep\n|turn|63\n|\n|t:|1788119250\n|switch|p1a: Slowbro|Slowbro|100/100\n|move|p2a: Tauros|Body Slam|p1a: Slowbro\n|-damage|p1a: Slowbro|78/100\n|\n|upkeep\n|turn|64\n|inactive|oligen1 has 270 seconds left.\n|inactive|LNumbers has 270 seconds left.\n|\n|t:|1788119287\n|switch|p2a: Cloyster|Cloyster|100/100 slp\n|move|p1a: Slowbro|Thunder Wave|p2a: Cloyster\n|-fail|p2a: Cloyster\n|\n|upkeep\n|turn|65\n|inactive|oligen1 has 270 seconds left.\n|\n|t:|1788119301\n|switch|p1a: Chansey|Chansey|25/100 par\n|cant|p2a: Cloyster|slp\n|\n|upkeep\n|turn|66\n|\n|t:|1788119307\n|-curestatus|p2a: Cloyster|slp|[msg]\n|move|p1a: Chansey|Soft-Boiled|p1a: Chansey\n|-heal|p1a: Chansey|75/100 par\n|\n|upkeep\n|turn|67\n|\n|t:|1788119314\n|move|p2a: Cloyster|Clamp|p1a: Chansey\n|-damage|p1a: Chansey|69/100 par\n|cant|p1a: Chansey|partiallytrapped\n|\n|upkeep\n|turn|68\n|\n|t:|1788119319\n|switch|p1a: Starmie|Starmie|100/100 par\n|move|p2a: Cloyster|Clamp|p1a: Starmie|[miss]\n|-miss|p2a: Cloyster\n|\n|upkeep\n|turn|69\n|\n|t:|1788119330\n|switch|p2a: Alakazam|Alakazam|39/100 par\n|move|p1a: Starmie|Thunder Wave|p2a: Alakazam\n|-fail|p2a: Alakazam|par\n|\n|upkeep\n|turn|70\n|\n|t:|1788119340\n|switch|p1a: Chansey|Chansey|69/100 par\n|move|p2a: Alakazam|Recover|p2a: Alakazam\n|-heal|p2a: Alakazam|89/100 par\n|\n|upkeep\n|turn|71\n|\n|t:|1788119354\n|switch|p2a: Rhydon|Rhydon|100/100\n|move|p1a: Chansey|Soft-Boiled|p1a: Chansey\n|-heal|p1a: Chansey|100/100 par\n|\n|upkeep\n|turn|72\n|inactive|LNumbers has 270 seconds left.\n|\n|t:|1788119393\n|move|p2a: Rhydon|Earthquake|p1a: Chansey\n|-damage|p1a: Chansey|48/100 par\n|move|p1a: Chansey|Ice Beam|p2a: Rhydon\n|-supereffective|p2a: Rhydon\n|-damage|p2a: Rhydon|39/100\n|\n|upkeep\n|turn|73\n|\n|t:|1788119402\n|switch|p1a: Exeggutor|Exeggutor|100/100\n|move|p2a: Rhydon|Body Slam|p1a: Exeggutor\n|-damage|p1a: Exeggutor|77/100\n|\n|upkeep\n|turn|74\n|inactive|LNumbers has 270 seconds left.\n|\n|t:|1788119430\n|switch|p1a: Chansey|Chansey|48/100 par\n|switch|p2a: Alakazam|Alakazam|89/100 par\n|\n|upkeep\n|turn|75\n|\n|t:|1788119436\n|switch|p2a: Tauros|Tauros|100/100\n|move|p1a: Chansey|Soft-Boiled|p1a: Chansey\n|-heal|p1a: Chansey|98/100 par\n|\n|upkeep\n|turn|76\n|inactive|LNumbers has 270 seconds left.\n|\n|t:|1788119452\n|move|p2a: Tauros|Body Slam|p1a: Chansey\n|-crit|p1a: Chansey\n|-damage|p1a: Chansey|19/100 par\n|move|p1a: Chansey|Thunder Wave|p2a: Tauros\n|-status|p2a: Tauros|par\n|\n|upkeep\n|turn|77\n|inactive|LNumbers has 270 seconds left.\n|inactive|oligen1 has 270 seconds left.\n|\n|t:|1788119496\n|switch|p1a: Snorlax|Snorlax|31/100\n|move|p2a: Tauros|Body Slam|p1a: Snorlax\n|-damage|p1a: Snorlax|5/100\n|\n|upkeep\n|turn|78\n|\n|t:|1788119506\n|switch|p2a: Rhydon|Rhydon|39/100\n|move|p1a: Snorlax|Rest|p1a: Snorlax\n|-status|p1a: Snorlax|slp|[from] move: Rest\n|-heal|p1a: Snorlax|100/100 slp|[silent]\n|\n|upkeep\n|turn|79\n|inactive|oligen1 has 270 seconds left.\n|\n|t:|1788119518\n|switch|p1a: Exeggutor|Exeggutor|77/100\n|move|p2a: Rhydon|Earthquake|p1a: Exeggutor\n|-resisted|p1a: Exeggutor\n|-damage|p1a: Exeggutor|56/100\n|\n|upkeep\n|turn|80\n|\n|t:|1788119528\n|switch|p2a: Alakazam|Alakazam|89/100 par\n|move|p1a: Exeggutor|Psychic|p2a: Alakazam\n|-resisted|p2a: Alakazam\n|-damage|p2a: Alakazam|73/100 par\n|\n|upkeep\n|turn|81\n|\n|t:|1788119536\n|switch|p1a: Starmie|Starmie|100/100 par\n|move|p2a: Alakazam|Seismic Toss|p1a: Starmie\n|-damage|p1a: Starmie|70/100 par\n|\n|upkeep\n|turn|82\n|\n|t:|1788119546\n|cant|p2a: Alakazam|par\n|move|p1a: Starmie|Recover|p1a: Starmie\n|-heal|p1a: Starmie|100/100 par\n|\n|upkeep\n|turn|83\n|\n|t:|1788119552\n|move|p2a: Alakazam|Seismic Toss|p1a: Starmie\n|-damage|p1a: Starmie|70/100 par\n|move|p1a: Starmie|Psychic|p2a: Alakazam\n|-crit|p2a: Alakazam\n|-resisted|p2a: Alakazam\n|-damage|p2a: Alakazam|46/100 par\n|\n|upkeep\n|turn|84\n|\n|t:|1788119559\n|move|p2a: Alakazam|Recover|p2a: Alakazam\n|-heal|p2a: Alakazam|96/100 par\n|move|p1a: Starmie|Recover|p1a: Starmie\n|-heal|p1a: Starmie|100/100 par\n|\n|upkeep\n|turn|85\n|\n|t:|1788119568\n|move|p2a: Alakazam|Seismic Toss|p1a: Starmie\n|-damage|p1a: Starmie|70/100 par\n|move|p1a: Starmie|Psychic|p2a: Alakazam\n|-resisted|p2a: Alakazam\n|-damage|p2a: Alakazam|82/100 par\n|\n|upkeep\n|turn|86\n|\n|t:|1788119582\n|cant|p2a: Alakazam|par\n|move|p1a: Starmie|Recover|p1a: Starmie\n|-heal|p1a: Starmie|100/100 par\n|\n|upkeep\n|turn|87\n|\n|t:|1788119588\n|move|p2a: Alakazam|Seismic Toss|p1a: Starmie\n|-damage|p1a: Starmie|70/100 par\n|move|p1a: Starmie|Blizzard|p2a: Alakazam\n|-damage|p2a: Alakazam|56/100 par\n|\n|upkeep\n|turn|88\n|\n|t:|1788119596\n|move|p2a: Alakazam|Recover|p2a: Alakazam\n|-heal|p2a: Alakazam|100/100 par\n|move|p1a: Starmie|Recover|p1a: Starmie\n|-heal|p1a: Starmie|100/100 par\n|\n|upkeep\n|turn|89\n|\n|t:|1788119610\n|move|p2a: Alakazam|Seismic Toss|p1a: Starmie\n|-damage|p1a: Starmie|70/100 par\n|move|p1a: Starmie|Blizzard|p2a: Alakazam\n|-damage|p2a: Alakazam|76/100 par\n|\n|upkeep\n|turn|90\n|\n|t:|1788119629\n|cant|p2a: Alakazam|par\n|move|p1a: Starmie|Recover|p1a: Starmie\n|-heal|p1a: Starmie|100/100 par\n|\n|upkeep\n|turn|91\n|\n|t:|1788119635\n|move|p2a: Alakazam|Seismic Toss|p1a: Starmie\n|-damage|p1a: Starmie|70/100 par\n|move|p1a: Starmie|Psychic|p2a: Alakazam\n|-resisted|p2a: Alakazam\n|-damage|p2a: Alakazam|62/100 par\n|\n|upkeep\n|turn|92\n|\n|t:|1788119649\n|switch|p1a: Chansey|Chansey|19/100 par\n|cant|p2a: Alakazam|par\n|\n|upkeep\n|turn|93\n|\n|t:|1788119664\n|switch|p2a: Rhydon|Rhydon|39/100\n|cant|p1a: Chansey|par\n|\n|upkeep\n|turn|94\n|\n|t:|1788119700\n|switch|p1a: Exeggutor|Exeggutor|56/100\n|move|p2a: Rhydon|Body Slam|p1a: Exeggutor\n|-crit|p1a: Exeggutor\n|-damage|p1a: Exeggutor|16/100\n|\n|upkeep\n|turn|95\n|inactive|LNumbers has 270 seconds left.\n|inactive|LNumbers has 240 seconds left.\n|inactive|LNumbers has 210 seconds left.\n|\n|t:|1788119780\n|switch|p2a: Alakazam|Alakazam|62/100 par\n|move|p1a: Exeggutor|Psychic|p2a: Alakazam\n|-resisted|p2a: Alakazam\n|-damage|p2a: Alakazam|47/100 par\n|-unboost|p2a: Alakazam|spa|1\n|-unboost|p2a: Alakazam|spd|1\n|\n|upkeep\n|turn|96\n|inactive|LNumbers has 210 seconds left.\n|inactive|oligen1 has 270 seconds left.\n|inactive|LNumbers has 180 seconds left.\n|inactive|oligen1 has 240 seconds left.\n|inactive|LNumbers has 150 seconds left.\n|\n|t:|1788119875\n|switch|p2a: Cloyster|Cloyster|100/100\n|move|p1a: Exeggutor|Psychic|p2a: Cloyster\n|-damage|p2a: Cloyster|55/100\n|\n|upkeep\n|turn|97\n|\n|t:|1788119888\n|switch|p1a: Starmie|Starmie|70/100 par\n|move|p2a: Cloyster|Blizzard|p1a: Starmie\n|-resisted|p1a: Starmie\n|-damage|p1a: Starmie|49/100 par\n|\n|upkeep\n|turn|98\n|\n|t:|1788119895\n|move|p2a: Cloyster|Clamp|p1a: Starmie|[miss]\n|-miss|p2a: Cloyster\n|move|p1a: Starmie|Recover|p1a: Starmie\n|-heal|p1a: Starmie|99/100 par\n|\n|upkeep\n|turn|99\n|\n|t:|1788119915\n|switch|p1a: Slowbro|Slowbro|78/100\n|move|p2a: Cloyster|Clamp|p1a: Slowbro\n|-resisted|p1a: Slowbro\n|-damage|p1a: Slowbro|73/100\n|\n|upkeep\n|turn|100\n|\n|t:|1788119926\n|switch|p1a: Snorlax|Snorlax|100/100 slp\n|move|p2a: Cloyster|Clamp|p1a: Snorlax|[miss]\n|-miss|p2a: Cloyster\n|\n|upkeep\n|turn|101\n|\n|t:|1788119933\n|switch|p1a: Starmie|Starmie|99/100 par\n|move|p2a: Cloyster|Blizzard|p1a: Starmie\n|-resisted|p1a: Starmie\n|-damage|p1a: Starmie|80/100 par\n|\n|upkeep\n|turn|102\n|\n|t:|1788119946\n|move|p2a: Cloyster|Clamp|p1a: Starmie\n|-resisted|p1a: Starmie\n|-damage|p1a: Starmie|74/100 par\n|cant|p1a: Starmie|partiallytrapped\n|\n|upkeep\n|turn|103\n|\n|t:|1788119954\n|switch|p1a: Slowbro|Slowbro|73/100\n|move|p2a: Cloyster|Clamp|p1a: Slowbro|[miss]\n|-miss|p2a: Cloyster\n|\n|upkeep\n|turn|104\n|inactive|oligen1 has 240 seconds left.\n|inactive|LNumbers has 180 seconds left.\n|\n|t:|1788119973\n|move|p2a: Cloyster|Clamp|p1a: Slowbro\n|-resisted|p1a: Slowbro\n|-damage|p1a: Slowbro|67/100\n|cant|p1a: Slowbro|partiallytrapped\n|\n|upkeep\n|turn|105\n|\n|t:|1788119996\n|switch|p2a: Victreebel|Victreebel|100/100\n|switch|p1a: Snorlax|Snorlax|100/100 slp\n|\n|upkeep\n|turn|106\n|\n|t:|1788120007\n|move|p2a: Victreebel|Razor Leaf|p1a: Snorlax\n|-crit|p1a: Snorlax\n|-damage|p1a: Snorlax|66/100 slp\n|cant|p1a: Snorlax|slp\n|\n|upkeep\n|turn|107\n|inactive|oligen1 has 240 seconds left.\n|\n|t:|1788120033\n|move|p2a: Victreebel|Razor Leaf|p1a: Snorlax\n|-crit|p1a: Snorlax\n|-damage|p1a: Snorlax|33/100 slp\n|-curestatus|p1a: Snorlax|slp|[msg]\n|\n|upkeep\n|turn|108\n|inactive|LNumbers has 180 seconds left.\n|inactive|oligen1 has 210 seconds left.\n|\n|t:|1788120072\n|switch|p1a: Chansey|Chansey|19/100 par\n|move|p2a: Victreebel|Wrap|p1a: Chansey\n|-crit|p1a: Chansey\n|-damage|p1a: Chansey|9/100 par\n|\n|upkeep\n|turn|109\n|inactive|oligen1 has 210 seconds left.\n|\n|t:|1788120102\n|move|p2a: Victreebel|Wrap|p1a: Chansey|[from] Wrap\n|-damage|p1a: Chansey|0 fnt\n|faint|p1a: Chansey\n|inactive|oligen1 has 180 seconds left.\n|\n|t:|1788120118\n|switch|p1a: Tauros|Tauros|100/100\n|turn|110\n|inactive|LNumbers has 150 seconds left.\n|inactive|LNumbers has 120 seconds left.\n|inactive|LNumbers has 90 seconds left.\n|inactive|LNumbers has 60 seconds left.\n|inactive|LNumbers has 30 seconds left.\n|inactive|LNumbers has 20 seconds left.\n|inactive|LNumbers has 15 seconds left.\n|\n|t:|1788120288\n|switch|p2a: Alakazam|Alakazam|47/100 par\n|move|p1a: Tauros|Body Slam|p2a: Alakazam\n|-damage|p2a: Alakazam|0 fnt\n|faint|p2a: Alakazam\n|inactive|LNumbers has 20 seconds left this turn.\n|inactive|LNumbers has 15 seconds left.\n|inactive|LNumbers has 10 seconds left.\n|\n|t:|1788120301\n|switch|p2a: Chansey|Chansey|100/100\n|turn|111\n|inactive|LNumbers has 20 seconds left this turn.\n|inactive|LNumbers has 15 seconds left.\n|inactive|LNumbers has 10 seconds left.\n|inactive|oligen1 has 180 seconds left.\n|inactive|oligen1 has 150 seconds left.\n|\n|t:|1788120354\n|switch|p1a: Snorlax|Snorlax|33/100\n|move|p2a: Chansey|Thunderbolt|p1a: Snorlax\n|-damage|p1a: Snorlax|16/100\n|\n|upkeep\n|turn|112\n|inactive|LNumbers has 20 seconds left this turn.\n|inactive|LNumbers has 15 seconds left.\n|inactive|oligen1 has 150 seconds left.\n|\n|t:|1788120385\n|switch|p1a: Exeggutor|Exeggutor|16/100\n|move|p2a: Chansey|Ice Beam|p1a: Exeggutor\n|-supereffective|p1a: Exeggutor\n|-damage|p1a: Exeggutor|0 fnt\n|faint|p1a: Exeggutor\n|\n|t:|1788120392\n|switch|p1a: Starmie|Starmie|74/100 par\n|turn|113\n|inactive|LNumbers has 30 seconds left this turn.\n|\n|t:|1788120400\n|move|p2a: Chansey|Thunderbolt|p1a: Starmie\n|-supereffective|p1a: Starmie\n|-damage|p1a: Starmie|28/100 par\n|cant|p1a: Starmie|par\n|\n|upkeep\n|turn|114\n|\n|t:|1788120408\n|move|p2a: Chansey|Thunderbolt|p1a: Starmie\n|-supereffective|p1a: Starmie\n|-damage|p1a: Starmie|0 fnt\n|faint|p1a: Starmie\n|\n|t:|1788120412\n|switch|p1a: Slowbro|Slowbro|67/100\n|turn|115\n|\n|t:|1788120426\n|switch|p2a: Rhydon|Rhydon|39/100\n|move|p1a: Slowbro|Thunder Wave|p2a: Rhydon\n|-immune|p2a: Rhydon\n|\n|upkeep\n|turn|116\n|\n|t:|1788120431\n|move|p2a: Rhydon|Earthquake|p1a: Slowbro\n|-damage|p1a: Slowbro|33/100\n|move|p1a: Slowbro|Surf|p2a: Rhydon\n|-supereffective|p2a: Rhydon\n|-damage|p2a: Rhydon|0 fnt\n|faint|p2a: Rhydon\n|\n|t:|1788120443\n|switch|p2a: Chansey|Chansey|100/100\n|turn|117\n|\n|t:|1788120449\n|switch|p1a: Snorlax|Snorlax|16/100\n|move|p2a: Chansey|Thunderbolt|p1a: Snorlax\n|-damage|p1a: Snorlax|0 fnt\n|faint|p1a: Snorlax\n|\n|t:|1788120456\n|switch|p1a: Tauros|Tauros|100/100\n|turn|118\n|inactive|LNumbers has 60 seconds left.\n|\n|t:|1788120479\n|move|p1a: Tauros|Hyper Beam|p2a: Chansey|[miss]\n|-miss|p1a: Tauros\n|move|p2a: Chansey|Thunder Wave|p1a: Tauros\n|-status|p1a: Tauros|par\n|\n|upkeep\n|turn|119\n|inactive|LNumbers has 60 seconds left.\n|\n|t:|1788120491\n|move|p2a: Chansey|Ice Beam|p1a: Tauros\n|-damage|p1a: Tauros|75/100 par\n|move|p1a: Tauros|Hyper Beam|p2a: Chansey\n|-damage|p2a: Chansey|30/100\n|-mustrecharge|p1a: Tauros\n|\n|upkeep\n|turn|120\n|\n|t:|1788120499\n|move|p2a: Chansey|Thunderbolt|p1a: Tauros\n|-damage|p1a: Tauros|45/100 par\n|cant|p1a: Tauros|recharge\n|\n|upkeep\n|turn|121\n|\n|t:|1788120503\n|move|p2a: Chansey|Thunderbolt|p1a: Tauros\n|-damage|p1a: Tauros|17/100 par\n|move|p1a: Tauros|Body Slam|p2a: Chansey\n|-damage|p2a: Chansey|0 fnt\n|faint|p2a: Chansey\n|\n|t:|1788120508\n|switch|p2a: Victreebel|Victreebel|100/100\n|turn|122\n|\n|t:|1788120513\n|move|p2a: Victreebel|Razor Leaf|p1a: Tauros\n|-crit|p1a: Tauros\n|-damage|p1a: Tauros|0 fnt\n|faint|p1a: Tauros\n|\n|t:|1788120518\n|switch|p1a: Slowbro|Slowbro|33/100\n|turn|123\n|\n|t:|1788120521\n|move|p2a: Victreebel|Razor Leaf|p1a: Slowbro\n|-crit|p1a: Slowbro\n|-supereffective|p1a: Slowbro\n|-damage|p1a: Slowbro|0 fnt\n|faint|p1a: Slowbro\n|\n|win|LNumbers\n|c|☆oligen1|gg wp\n|c|☆LNumbers|gg\n","uploadtime":1788120521,"views":"67","formatid":"gen1ou","rating":null,"private":2,"password":null}