{"id":"smogtours-gen1ou-922893","format":"[Gen 1] OU","players":["BeeOrSomething","Sceptross"],"log":"|inactive|Battle timer is ON: inactive players will automatically lose when time's up.\n|t:|1775313509\n|gametype|singles\n|player|p1|BeeOrSomething|#beeorsomething|\n|player|p2|Sceptross|#splxviicryonicles2|\n|gen|1\n|tier|[Gen 1] OU\n|rule|Desync Clause Mod: Desyncs changed to move failure.\n|rule|HP Percentage Mod: HP is shown in percentages\n|rule|Endless Battle Clause: Forcing endless battles is banned\n|rule|Sleep Clause Mod: Limit one foe put to sleep\n|rule|Freeze Clause Mod: Limit one foe frozen\n|rule|Species Clause: Limit one of each Pokémon\n|rule|OHKO Clause: OHKO moves are banned\n|rule|Evasion Moves Clause: Evasion moves are banned\n|\n|t:|1775313509\n|teamsize|p1|6\n|teamsize|p2|6\n|start\n|switch|p1a: Ballade|Gengar|100/100\n|switch|p2a: Jynx|Jynx|100/100\n|turn|1\n|c|☆BeeOrSomething|glhf\n|c|☆Sceptross|gl hf\n|\n|t:|1775313541\n|move|p1a: Ballade|Explosion|p2a: Jynx\n|-damage|p2a: Jynx|0 fnt\n|faint|p2a: Jynx\n|faint|p1a: Ballade\n|\n|t:|1775313546\n|switch|p1a: Serenade|Jynx|100/100\n|switch|p2a: Tauros|Tauros|100/100\n|turn|2\n|\n|t:|1775313575\n|switch|p1a: La Campanella|Snorlax|100/100\n|move|p2a: Tauros|Body Slam|p1a: La Campanella\n|-damage|p1a: La Campanella|75/100\n|\n|upkeep\n|turn|3\n|\n|t:|1775313590\n|move|p2a: Tauros|Blizzard|p1a: La Campanella|[miss]\n|-miss|p2a: Tauros\n|move|p1a: La Campanella|Body Slam|p2a: Tauros\n|-damage|p2a: Tauros|69/100\n|\n|upkeep\n|turn|4\n|\n|t:|1775313601\n|switch|p2a: Snorlax|Snorlax|100/100\n|move|p1a: La Campanella|Body Slam|p2a: Snorlax\n|-damage|p2a: Snorlax|73/100\n|\n|upkeep\n|turn|5\n|\n|t:|1775313612\n|move|p1a: La Campanella|Reflect|p1a: La Campanella\n|-start|p1a: La Campanella|Reflect\n|move|p2a: Snorlax|Reflect|p2a: Snorlax\n|-start|p2a: Snorlax|Reflect\n|\n|upkeep\n|turn|6\n|\n|t:|1775313615\n|move|p1a: La Campanella|Body Slam|p2a: Snorlax\n|-damage|p2a: Snorlax|60/100\n|move|p2a: Snorlax|Body Slam|p1a: La Campanella\n|-damage|p1a: La Campanella|62/100\n|\n|upkeep\n|turn|7\n|\n|t:|1775313641\n|move|p1a: La Campanella|Body Slam|p2a: Snorlax\n|-damage|p2a: Snorlax|47/100\n|move|p2a: Snorlax|Body Slam|p1a: La Campanella\n|-damage|p1a: La Campanella|48/100\n|\n|upkeep\n|turn|8\n|inactive|Sceptross has 270 seconds left.\n|\n|t:|1775313664\n|move|p2a: Snorlax|Rest|p2a: Snorlax\n|-status|p2a: Snorlax|slp|[from] move: Rest\n|-heal|p2a: Snorlax|100/100 slp|[silent]\n|move|p1a: La Campanella|Body Slam|p2a: Snorlax\n|-damage|p2a: Snorlax|87/100 slp\n|\n|upkeep\n|turn|9\n|\n|t:|1775313667\n|switch|p1a: Serenade|Jynx|100/100\n|cant|p2a: Snorlax|slp\n|\n|upkeep\n|turn|10\n|\n|t:|1775313675\n|switch|p2a: Chansey|Chansey|100/100\n|move|p1a: Serenade|Blizzard|p2a: Chansey\n|-damage|p2a: Chansey|80/100\n|\n|upkeep\n|turn|11\n|\n|t:|1775313678\n|move|p1a: Serenade|Lovely Kiss|p2a: Chansey\n|-status|p2a: Chansey|slp|[from] move: Lovely Kiss\n|cant|p2a: Chansey|slp\n|\n|upkeep\n|turn|12\n|\n|t:|1775313683\n|switch|p2a: Starmie|Starmie|100/100\n|move|p1a: Serenade|Body Slam|p2a: Starmie\n|-damage|p2a: Starmie|84/100\n|-status|p2a: Starmie|par\n|\n|upkeep\n|turn|13\n|\n|t:|1775313692\n|move|p1a: Serenade|Blizzard|p2a: Starmie\n|-resisted|p2a: Starmie\n|-damage|p2a: Starmie|61/100 par\n|cant|p2a: Starmie|par\n|\n|upkeep\n|turn|14\n|\n|t:|1775313697\n|move|p1a: Serenade|Blizzard|p2a: Starmie\n|-resisted|p2a: Starmie\n|-damage|p2a: Starmie|41/100 par\n|move|p2a: Starmie|Recover|p2a: Starmie\n|-heal|p2a: Starmie|91/100 par\n|\n|upkeep\n|turn|15\n|\n|t:|1775313699\n|move|p1a: Serenade|Blizzard|p2a: Starmie\n|-crit|p2a: Starmie\n|-resisted|p2a: Starmie\n|-damage|p2a: Starmie|49/100 par\n|cant|p2a: Starmie|par\n|\n|upkeep\n|turn|16\n|\n|t:|1775313702\n|switch|p1a: La Campanella|Snorlax|48/100\n|cant|p2a: Starmie|par\n|\n|upkeep\n|turn|17\n|\n|t:|1775313722\n|move|p1a: La Campanella|Body Slam|p2a: Starmie\n|-damage|p2a: Starmie|10/100 par\n|move|p2a: Starmie|Thunder Wave|p1a: La Campanella\n|-status|p1a: La Campanella|par\n|\n|upkeep\n|turn|18\n|\n|t:|1775313729\n|cant|p2a: Starmie|par\n|move|p1a: La Campanella|Self-Destruct|p2a: Starmie\n|-damage|p2a: Starmie|0 fnt\n|faint|p2a: Starmie\n|faint|p1a: La Campanella\n|\n|t:|1775313753\n|switch|p2a: Tauros|Tauros|69/100\n|switch|p1a: Nuvole Bianche|Tauros|100/100\n|turn|19\n|\n|t:|1775313757\n|move|p1a: Nuvole Bianche|Body Slam|p2a: Tauros\n|-damage|p2a: Tauros|41/100\n|move|p2a: Tauros|Blizzard|p1a: Nuvole Bianche\n|-damage|p1a: Nuvole Bianche|72/100\n|\n|upkeep\n|turn|20\n|\n|t:|1775313771\n|move|p1a: Nuvole Bianche|Hyper Beam|p2a: Tauros\n|-crit|p2a: Tauros\n|-damage|p2a: Tauros|0 fnt\n|faint|p2a: Tauros\n|\n|t:|1775313777\n|switch|p2a: Snorlax|Snorlax|87/100 slp\n|turn|21\n|\n|t:|1775313780\n|move|p1a: Nuvole Bianche|Body Slam|p2a: Snorlax\n|-damage|p2a: Snorlax|63/100 slp\n|-curestatus|p2a: Snorlax|slp|[msg]\n|\n|upkeep\n|turn|22\n|\n|t:|1775313784\n|move|p1a: Nuvole Bianche|Body Slam|p2a: Snorlax\n|-crit|p2a: Snorlax\n|-damage|p2a: Snorlax|15/100\n|move|p2a: Snorlax|Reflect|p2a: Snorlax\n|-start|p2a: Snorlax|Reflect\n|\n|upkeep\n|turn|23\n|\n|t:|1775313788\n|move|p1a: Nuvole Bianche|Hyper Beam|p2a: Snorlax\n|-damage|p2a: Snorlax|0 fnt\n|faint|p2a: Snorlax\n|\n|t:|1775313789\n|switch|p2a: Rhydon|Rhydon|100/100\n|turn|24\n|\n|t:|1775313792\n|move|p1a: Nuvole Bianche|Blizzard|p2a: Rhydon\n|-supereffective|p2a: Rhydon\n|-damage|p2a: Rhydon|44/100\n|move|p2a: Rhydon|Earthquake|p1a: Nuvole Bianche\n|-damage|p1a: Nuvole Bianche|28/100\n|\n|upkeep\n|turn|25\n|\n|t:|1775313794\n|move|p1a: Nuvole Bianche|Blizzard|p2a: Rhydon\n|-supereffective|p2a: Rhydon\n|-damage|p2a: Rhydon|0 fnt\n|faint|p2a: Rhydon\n|\n|t:|1775313795\n|switch|p2a: Chansey|Chansey|80/100 slp\n|turn|26\n|\n|t:|1775313797\n|move|p1a: Nuvole Bianche|Body Slam|p2a: Chansey\n|-damage|p2a: Chansey|43/100 slp\n|cant|p2a: Chansey|slp\n|\n|upkeep\n|turn|27\n|\n|t:|1775313802\n|move|p1a: Nuvole Bianche|Body Slam|p2a: Chansey\n|-crit|p2a: Chansey\n|-damage|p2a: Chansey|0 fnt\n|faint|p2a: Chansey\n|\n|win|BeeOrSomething\n|c|☆BeeOrSomething|gg\n|c|☆Sceptross|gg\n","uploadtime":1775313802,"views":"883","formatid":"gen1ou","rating":null,"private":0,"password":null}