{"id":"smogtours-gen1ou-817557","format":"[Gen 1] OU","players":["Serpi n_n","genesis7"],"log":"|inactive|Battle timer is ON: inactive players will automatically lose when time's up.\n|t:|1738508211\n|gametype|singles\n|player|p1|Serpi n_n|#splxviraiders|\n|player|p2|genesis7|#ssdleviathans|\n|teamsize|p1|6\n|teamsize|p2|6\n|gen|1\n|tier|[Gen 1] OU\n|rule|Desync Clause Mod: Desyncs changed to move failure.\n|rule|Sleep Clause Mod: Limit one foe put to sleep\n|rule|Freeze Clause Mod: Limit one foe frozen\n|rule|Species Clause: Limit one of each Pokémon\n|rule|OHKO Clause: OHKO moves are banned\n|rule|Evasion Moves Clause: Evasion moves are banned\n|rule|Endless Battle Clause: Forcing endless battles is banned\n|rule|HP Percentage Mod: HP is shown in percentages\n|\n|t:|1738508211\n|start\n|switch|p1a: Gengar|Gengar|100/100\n|switch|p2a: Zapdos|Zapdos|100/100\n|turn|1\n|rated|Smogon Premier League\n|c|☆genesis7|glhf\n|c|☆Serpi n_n|hf\n|inactive|Serpi n_n has 270 seconds left.\n|inactive|genesis7 has 270 seconds left.\n|inactive|Serpi n_n has 240 seconds left.\n|inactive|genesis7 has 240 seconds left.\n|inactive|genesis7 has 210 seconds left.\n|\n|t:|1738508305\n|switch|p1a: Chansey|Chansey|100/100\n|move|p2a: Zapdos|Thunder Wave|p1a: Chansey\n|-status|p1a: Chansey|par\n|\n|upkeep\n|turn|2\n|inactive|genesis7 has 270 seconds left.\n|\n|t:|1738508321\n|switch|p1a: Rhydon|Rhydon|100/100\n|move|p2a: Zapdos|Drill Peck|p1a: Rhydon\n|-resisted|p1a: Rhydon\n|-damage|p1a: Rhydon|91/100\n|\n|upkeep\n|turn|3\n|inactive|genesis7 has 270 seconds left.\n|inactive|genesis7 has 240 seconds left.\n|\n|t:|1738508382\n|switch|p2a: Exeggutor|Exeggutor|100/100\n|switch|p1a: Chansey|Chansey|100/100 par\n|\n|upkeep\n|turn|4\n|\n|t:|1738508402\n|switch|p2a: Zapdos|Zapdos|100/100\n|move|p1a: Chansey|Sing|p2a: Zapdos\n|-status|p2a: Zapdos|slp|[from] move: Sing\n|\n|upkeep\n|turn|5\n|\n|t:|1738508410\n|cant|p2a: Zapdos|slp\n|cant|p1a: Chansey|par\n|\n|upkeep\n|turn|6\n|\n|t:|1738508422\n|cant|p2a: Zapdos|slp\n|cant|p1a: Chansey|par\n|\n|upkeep\n|turn|7\n|\n|t:|1738508427\n|switch|p2a: Snorlax|Snorlax|100/100\n|move|p1a: Chansey|Seismic Toss|p2a: Snorlax\n|-damage|p2a: Snorlax|81/100\n|\n|upkeep\n|turn|8\n|inactive|Serpi n_n has 270 seconds left.\n|inactive|Serpi n_n has 240 seconds left.\n|\n|t:|1738508497\n|switch|p1a: Cloyster|Cloyster|100/100\n|move|p2a: Snorlax|Earthquake|p1a: Cloyster\n|-damage|p1a: Cloyster|82/100\n|\n|upkeep\n|turn|9\n|inactive|Serpi n_n has 240 seconds left.\n|inactive|genesis7 has 210 seconds left.\n|\n|t:|1738508515\n|switch|p2a: Cloyster|Cloyster|100/100\n|move|p1a: Cloyster|Ice Beam|p2a: Cloyster\n|-crit|p2a: Cloyster\n|-resisted|p2a: Cloyster\n|-damage|p2a: Cloyster|82/100\n|\n|upkeep\n|turn|10\n|inactive|Serpi n_n has 240 seconds left.\n|\n|t:|1738508527\n|move|p2a: Cloyster|Clamp|p1a: Cloyster\n|-resisted|p1a: Cloyster\n|-damage|p1a: Cloyster|75/100\n|cant|p1a: Cloyster|partiallytrapped\n|\n|upkeep\n|turn|11\n|inactive|Serpi n_n has 240 seconds left.\n|inactive|Serpi n_n has 210 seconds left.\n|\n|t:|1738508578\n|switch|p1a: Gengar|Gengar|100/100\n|move|p2a: Cloyster|Clamp|p1a: Gengar\n|-damage|p1a: Gengar|91/100\n|\n|upkeep\n|turn|12\n|\n|t:|1738508599\n|switch|p1a: Chansey|Chansey|100/100 par\n|switch|p2a: Snorlax|Snorlax|81/100\n|\n|upkeep\n|turn|13\n|inactive|Serpi n_n has 210 seconds left.\n|inactive|Serpi n_n has 180 seconds left.\n|inactive|Serpi n_n has 150 seconds left.\n|inactive|Serpi n_n has 120 seconds left.\n|\n|t:|1738508704\n|move|p2a: Snorlax|Body Slam|p1a: Chansey\n|-crit|p1a: Chansey\n|-damage|p1a: Chansey|13/100 par\n|move|p1a: Chansey|Thunder Wave|p2a: Snorlax\n|-status|p2a: Snorlax|par\n|\n|upkeep\n|turn|14\n|\n|t:|1738508720\n|switch|p1a: Starmie|Starmie|100/100\n|move|p2a: Snorlax|Body Slam|p1a: Starmie\n|-damage|p1a: Starmie|62/100\n|\n|upkeep\n|turn|15\n|\n|t:|1738508734\n|move|p1a: Starmie|Recover|p1a: Starmie\n|-heal|p1a: Starmie|100/100\n|move|p2a: Snorlax|Body Slam|p1a: Starmie\n|-damage|p1a: Starmie|62/100\n|-status|p1a: Starmie|par\n|\n|upkeep\n|turn|16\n|inactive|genesis7 has 210 seconds left.\n|\n|t:|1738508769\n|switch|p1a: Rhydon|Rhydon|91/100\n|switch|p2a: Chansey|Chansey|100/100\n|\n|upkeep\n|turn|17\n|inactive|genesis7 has 210 seconds left.\n|inactive|Serpi n_n has 90 seconds left.\n|\n|t:|1738508810\n|switch|p1a: Alakazam|Alakazam|100/100\n|move|p2a: Chansey|Ice Beam|p1a: Alakazam\n|-damage|p1a: Alakazam|82/100\n|\n|upkeep\n|turn|18\n|inactive|genesis7 has 180 seconds left.\n|\n|t:|1738508857\n|switch|p2a: Snorlax|Snorlax|81/100 par\n|move|p1a: Alakazam|Thunder Wave|p2a: Snorlax\n|-fail|p2a: Snorlax|par\n|\n|upkeep\n|turn|19\n|inactive|Serpi n_n has 60 seconds left.\n|inactive|genesis7 has 150 seconds left.\n|\n|t:|1738508877\n|switch|p1a: Rhydon|Rhydon|91/100\n|move|p2a: Snorlax|Body Slam|p1a: Rhydon\n|-resisted|p1a: Rhydon\n|-damage|p1a: Rhydon|79/100\n|\n|upkeep\n|turn|20\n|inactive|genesis7 has 150 seconds left.\n|\n|t:|1738508889\n|switch|p2a: Exeggutor|Exeggutor|100/100\n|move|p1a: Rhydon|Body Slam|p2a: Exeggutor\n|-damage|p2a: Exeggutor|79/100\n|-status|p2a: Exeggutor|par\n|\n|upkeep\n|turn|21\n|inactive|genesis7 has 150 seconds left.\n|\n|t:|1738508899\n|switch|p1a: Starmie|Starmie|62/100 par\n|cant|p2a: Exeggutor|par\n|\n|upkeep\n|turn|22\n|inactive|genesis7 has 150 seconds left.\n|\n|t:|1738508907\n|move|p1a: Starmie|Recover|p1a: Starmie\n|-heal|p1a: Starmie|100/100 par\n|move|p2a: Exeggutor|Psychic|p1a: Starmie\n|-crit|p1a: Starmie\n|-resisted|p1a: Starmie\n|-damage|p1a: Starmie|63/100 par\n|\n|upkeep\n|turn|23\n|\n|t:|1738508914\n|move|p1a: Starmie|Surf|p2a: Exeggutor\n|-resisted|p2a: Exeggutor\n|-damage|p2a: Exeggutor|66/100 par\n|move|p2a: Exeggutor|Psychic|p1a: Starmie\n|-resisted|p1a: Starmie\n|-damage|p1a: Starmie|45/100 par\n|\n|upkeep\n|turn|24\n|\n|t:|1738508920\n|move|p1a: Starmie|Recover|p1a: Starmie\n|-heal|p1a: Starmie|95/100 par\n|move|p2a: Exeggutor|Psychic|p1a: Starmie\n|-resisted|p1a: Starmie\n|-damage|p1a: Starmie|76/100 par\n|\n|upkeep\n|turn|25\n|\n|t:|1738508927\n|move|p1a: Starmie|Surf|p2a: Exeggutor\n|-resisted|p2a: Exeggutor\n|-damage|p2a: Exeggutor|53/100 par\n|move|p2a: Exeggutor|Psychic|p1a: Starmie\n|-resisted|p1a: Starmie\n|-damage|p1a: Starmie|58/100 par\n|\n|upkeep\n|turn|26\n|\n|t:|1738508938\n|move|p1a: Starmie|Recover|p1a: Starmie\n|-heal|p1a: Starmie|100/100 par\n|move|p2a: Exeggutor|Psychic|p1a: Starmie\n|-resisted|p1a: Starmie\n|-damage|p1a: Starmie|82/100 par\n|\n|upkeep\n|turn|27\n|inactive|genesis7 has 150 seconds left.\n|\n|t:|1738508968\n|move|p1a: Starmie|Surf|p2a: Exeggutor\n|-crit|p2a: Exeggutor\n|-resisted|p2a: Exeggutor\n|-damage|p2a: Exeggutor|30/100 par\n|move|p2a: Exeggutor|Psychic|p1a: Starmie\n|-crit|p1a: Starmie\n|-resisted|p1a: Starmie\n|-damage|p1a: Starmie|45/100 par\n|-unboost|p1a: Starmie|spa|1\n|-unboost|p1a: Starmie|spd|1\n|\n|upkeep\n|turn|28\n|inactive|genesis7 has 150 seconds left.\n|inactive|Serpi n_n has 90 seconds left.\n|inactive|genesis7 has 120 seconds left.\n|\n|t:|1738509014\n|move|p2a: Exeggutor|Sleep Powder|p1a: Starmie|[miss]\n|-miss|p2a: Exeggutor\n|move|p1a: Starmie|Recover|p1a: Starmie\n|-heal|p1a: Starmie|95/100 par\n|\n|upkeep\n|turn|29\n|\n|t:|1738509031\n|move|p2a: Exeggutor|Psychic|p1a: Starmie\n|-resisted|p1a: Starmie\n|-damage|p1a: Starmie|68/100 par\n|move|p1a: Starmie|Surf|p2a: Exeggutor\n|-resisted|p2a: Exeggutor\n|-damage|p2a: Exeggutor|23/100 par\n|\n|upkeep\n|turn|30\n|inactive|genesis7 has 120 seconds left.\n|\n|t:|1738509049\n|switch|p1a: Gengar|Gengar|91/100\n|move|p2a: Exeggutor|Explosion|p1a: Gengar\n|-immune|p1a: Gengar\n|faint|p2a: Exeggutor\n|inactive|genesis7 has 120 seconds left.\n|\n|t:|1738509070\n|switch|p2a: Snorlax|Snorlax|81/100 par\n|turn|31\n|inactive|Serpi n_n has 60 seconds left.\n|inactive|genesis7 has 90 seconds left.\n|inactive|Serpi n_n has 30 seconds left.\n|inactive|Serpi n_n has 20 seconds left.\n|inactive|Serpi n_n has 15 seconds left.\n|\n|t:|1738509146\n|switch|p1a: Starmie|Starmie|68/100 par\n|move|p2a: Snorlax|Earthquake|p1a: Starmie\n|-damage|p1a: Starmie|37/100 par\n|\n|upkeep\n|turn|32\n|inactive|Serpi n_n has 25 seconds left this turn.\n|\n|t:|1738509162\n|move|p1a: Starmie|Recover|p1a: Starmie\n|-heal|p1a: Starmie|87/100 par\n|move|p2a: Snorlax|Body Slam|p1a: Starmie\n|-damage|p1a: Starmie|48/100 par\n|\n|upkeep\n|turn|33\n|\n|t:|1738509175\n|move|p1a: Starmie|Recover|p1a: Starmie\n|-heal|p1a: Starmie|98/100 par\n|move|p2a: Snorlax|Body Slam|p1a: Starmie\n|-damage|p1a: Starmie|63/100 par\n|\n|upkeep\n|turn|34\n|\n|t:|1738509187\n|switch|p2a: Chansey|Chansey|100/100\n|move|p1a: Starmie|Surf|p2a: Chansey\n|-damage|p2a: Chansey|85/100\n|\n|upkeep\n|turn|35\n|\n|t:|1738509197\n|switch|p1a: Alakazam|Alakazam|82/100\n|move|p2a: Chansey|Thunderbolt|p1a: Alakazam\n|-damage|p1a: Alakazam|61/100\n|\n|upkeep\n|turn|36\n|\n|t:|1738509207\n|move|p1a: Alakazam|Thunder Wave|p2a: Chansey\n|-status|p2a: Chansey|par\n|cant|p2a: Chansey|par\n|\n|upkeep\n|turn|37\n|inactive|Serpi n_n has 30 seconds left.\n|inactive|Serpi n_n has 20 seconds left.\n|\n|t:|1738509250\n|move|p1a: Alakazam|Psychic|p2a: Chansey\n|-damage|p2a: Chansey|66/100 par\n|move|p2a: Chansey|Ice Beam|p1a: Alakazam\n|-damage|p1a: Alakazam|41/100\n|\n|upkeep\n|turn|38\n|inactive|Serpi n_n has 30 seconds left this turn.\n|inactive|genesis7 has 60 seconds left.\n|\n|t:|1738509293\n|move|p1a: Alakazam|Recover|p1a: Alakazam\n|-heal|p1a: Alakazam|91/100\n|move|p2a: Chansey|Thunder Wave|p1a: Alakazam\n|-status|p1a: Alakazam|par\n|\n|upkeep\n|turn|39\n|inactive|Serpi n_n has 30 seconds left.\n|inactive|Serpi n_n has 20 seconds left.\n|inactive|Serpi n_n has 15 seconds left.\n|\n|t:|1738509317\n|move|p1a: Alakazam|Psychic|p2a: Chansey\n|-damage|p2a: Chansey|47/100 par\n|move|p2a: Chansey|Soft-Boiled|p2a: Chansey\n|-heal|p2a: Chansey|97/100 par\n|\n|upkeep\n|turn|40\n|inactive|Serpi n_n has 25 seconds left this turn.\n|inactive|Serpi n_n has 20 seconds left.\n|\n|t:|1738509331\n|cant|p1a: Alakazam|par\n|move|p2a: Chansey|Thunderbolt|p1a: Alakazam\n|-damage|p1a: Alakazam|71/100 par\n|\n|upkeep\n|turn|41\n|inactive|Serpi n_n has 30 seconds left this turn.\n|\n|t:|1738509344\n|cant|p1a: Alakazam|par\n|cant|p2a: Chansey|par\n|\n|upkeep\n|turn|42\n|\n|t:|1738509353\n|move|p1a: Alakazam|Recover|p1a: Alakazam\n|-heal|p1a: Alakazam|100/100 par\n|cant|p2a: Chansey|par\n|\n|upkeep\n|turn|43\n|\n|t:|1738509359\n|cant|p1a: Alakazam|par\n|cant|p2a: Chansey|par\n|\n|upkeep\n|turn|44\n|\n|t:|1738509362\n|move|p1a: Alakazam|Psychic|p2a: Chansey\n|-damage|p2a: Chansey|78/100 par\n|-unboost|p2a: Chansey|spa|1\n|-unboost|p2a: Chansey|spd|1\n|move|p2a: Chansey|Thunderbolt|p1a: Alakazam\n|-damage|p1a: Alakazam|86/100 par\n|\n|upkeep\n|turn|45\n|inactive|Serpi n_n has 60 seconds left.\n|inactive|genesis7 has 60 seconds left.\n|\n|t:|1738509398\n|switch|p2a: Snorlax|Snorlax|81/100 par\n|move|p1a: Alakazam|Psychic|p2a: Snorlax\n|-damage|p2a: Snorlax|51/100 par\n|\n|upkeep\n|turn|46\n|inactive|Serpi n_n has 60 seconds left.\n|\n|t:|1738509411\n|switch|p1a: Rhydon|Rhydon|79/100\n|move|p2a: Snorlax|Body Slam|p1a: Rhydon\n|-resisted|p1a: Rhydon\n|-damage|p1a: Rhydon|68/100\n|-status|p1a: Rhydon|par\n|\n|upkeep\n|turn|47\n|inactive|Serpi n_n has 60 seconds left.\n|\n|t:|1738509436\n|switch|p2a: Cloyster|Cloyster|82/100\n|move|p1a: Rhydon|Earthquake|p2a: Cloyster\n|-damage|p2a: Cloyster|53/100\n|\n|upkeep\n|turn|48\n|inactive|Serpi n_n has 30 seconds left.\n|inactive|Serpi n_n has 20 seconds left.\n|inactive|Serpi n_n has 15 seconds left.\n|inactive|Serpi n_n has 10 seconds left.\n|\n|t:|1738509486\n|switch|p1a: Starmie|Starmie|63/100 par\n|move|p2a: Cloyster|Blizzard|p1a: Starmie\n|-resisted|p1a: Starmie\n|-damage|p1a: Starmie|42/100 par\n|\n|upkeep\n|turn|49\n|inactive|Serpi n_n has 20 seconds left this turn.\n|inactive|Serpi n_n has 15 seconds left.\n|\n|t:|1738509493\n|move|p2a: Cloyster|Clamp|p1a: Starmie\n|-resisted|p1a: Starmie\n|-damage|p1a: Starmie|35/100 par\n|cant|p1a: Starmie|partiallytrapped\n|\n|upkeep\n|turn|50\n|inactive|Serpi n_n has 25 seconds left this turn.\n|inactive|Serpi n_n has 20 seconds left.\n|inactive|Serpi n_n has 15 seconds left.\n|\n|t:|1738509507\n|switch|p1a: Cloyster|Cloyster|75/100\n|move|p2a: Cloyster|Clamp|p1a: Cloyster\n|-resisted|p1a: Cloyster\n|-damage|p1a: Cloyster|68/100\n|\n|upkeep\n|turn|51\n|inactive|Serpi n_n has 25 seconds left this turn.\n|inactive|Serpi n_n has 20 seconds left.\n|\n|t:|1738509514\n|move|p2a: Cloyster|Clamp|p1a: Cloyster|[from]Clamp\n|-damage|p1a: Cloyster|62/100\n|cant|p1a: Cloyster|partiallytrapped\n|\n|upkeep\n|turn|52\n|inactive|Serpi n_n has 30 seconds left this turn.\n|\n|t:|1738509522\n|move|p2a: Cloyster|Clamp|p1a: Cloyster|[from]Clamp\n|-damage|p1a: Cloyster|55/100\n|cant|p1a: Cloyster|partiallytrapped\n|\n|upkeep\n|turn|53\n|inactive|Serpi n_n has 30 seconds left.\n|inactive|genesis7 has 60 seconds left.\n|\n|t:|1738509534\n|move|p1a: Cloyster|Rest|p1a: Cloyster\n|-status|p1a: Cloyster|slp|[from] move: Rest\n|-heal|p1a: Cloyster|100/100 slp|[silent]\n|move|p2a: Cloyster|Clamp|p1a: Cloyster\n|-resisted|p1a: Cloyster\n|-damage|p1a: Cloyster|94/100 slp\n|\n|upkeep\n|turn|54\n|\n|t:|1738509543\n|switch|p2a: Tauros|Tauros|100/100\n|cant|p1a: Cloyster|slp\n|\n|upkeep\n|turn|55\n|\n|t:|1738509550\n|move|p2a: Tauros|Body Slam|p1a: Cloyster\n|-crit|p1a: Cloyster\n|-damage|p1a: Cloyster|51/100 slp\n|-curestatus|p1a: Cloyster|slp|[msg]\n|\n|upkeep\n|turn|56\n|\n|t:|1738509572\n|switch|p2a: Cloyster|Cloyster|53/100\n|move|p1a: Cloyster|Ice Beam|p2a: Cloyster\n|-resisted|p2a: Cloyster\n|-damage|p2a: Cloyster|44/100\n|\n|upkeep\n|turn|57\n|\n|t:|1738509581\n|switch|p1a: Gengar|Gengar|91/100\n|move|p2a: Cloyster|Clamp|p1a: Gengar\n|-damage|p1a: Gengar|80/100\n|\n|upkeep\n|turn|58\n|inactive|genesis7 has 90 seconds left.\n|inactive|Serpi n_n has 30 seconds left.\n|\n|t:|1738509604\n|switch|p1a: Cloyster|Cloyster|51/100\n|move|p2a: Cloyster|Clamp|p1a: Cloyster\n|-resisted|p1a: Cloyster\n|-damage|p1a: Cloyster|45/100\n|\n|upkeep\n|turn|59\n|inactive|Serpi n_n has 30 seconds left.\n|\n|t:|1738509615\n|switch|p1a: Gengar|Gengar|80/100\n|move|p2a: Cloyster|Clamp|p1a: Gengar\n|-damage|p1a: Gengar|69/100\n|\n|upkeep\n|turn|60\n|inactive|Serpi n_n has 30 seconds left.\n|inactive|genesis7 has 90 seconds left.\n|\n|t:|1738509633\n|switch|p1a: Starmie|Starmie|35/100 par\n|move|p2a: Cloyster|Clamp|p1a: Starmie|[miss]\n|-miss|p2a: Cloyster\n|\n|upkeep\n|turn|61\n|inactive|Serpi n_n has 30 seconds left.\n|\n|t:|1738509649\n|move|p2a: Cloyster|Clamp|p1a: Starmie|[miss]\n|-miss|p2a: Cloyster\n|move|p1a: Starmie|Recover|p1a: Starmie\n|-heal|p1a: Starmie|85/100 par\n|\n|upkeep\n|turn|62\n|inactive|Serpi n_n has 30 seconds left.\n|inactive|Serpi n_n has 20 seconds left.\n|inactive|Serpi n_n has 15 seconds left.\n|\n|t:|1738509672\n|switch|p1a: Gengar|Gengar|69/100\n|move|p2a: Cloyster|Clamp|p1a: Gengar|[miss]\n|-miss|p2a: Cloyster\n|\n|upkeep\n|turn|63\n|inactive|Serpi n_n has 25 seconds left this turn.\n|inactive|Serpi n_n has 20 seconds left.\n|inactive|Serpi n_n has 15 seconds left.\n|inactive|genesis7 has 90 seconds left.\n|\n|t:|1738509711\n|switch|p1a: Chansey|Chansey|13/100 par\n|switch|p2a: Snorlax|Snorlax|51/100 par\n|\n|upkeep\n|turn|64\n|inactive|Serpi n_n has 25 seconds left this turn.\n|inactive|Serpi n_n has 20 seconds left.\n|inactive|Serpi n_n has 15 seconds left.\n|inactive|Serpi n_n has 10 seconds left.\n|\n|t:|1738509728\n|cant|p1a: Chansey|par\n|move|p2a: Snorlax|Earthquake|p1a: Chansey\n|-damage|p1a: Chansey|0 fnt\n|faint|p1a: Chansey\n|inactive|Serpi n_n has 15 seconds left this turn.\n|inactive|Serpi n_n has 10 seconds left.\n|\n|t:|1738509737\n|switch|p1a: Rhydon|Rhydon|68/100 par\n|turn|65\n|inactive|Serpi n_n has 20 seconds left this turn.\n|\n|t:|1738509742\n|switch|p2a: Cloyster|Cloyster|44/100\n|move|p1a: Rhydon|Rock Slide|p2a: Cloyster\n|-crit|p2a: Cloyster\n|-supereffective|p2a: Cloyster\n|-damage|p2a: Cloyster|0 fnt\n|faint|p2a: Cloyster\n|inactive|Serpi n_n has 25 seconds left this turn.\n|inactive|genesis7 has 60 seconds left.\n|inactive|genesis7 has 30 seconds left.\n|inactive|genesis7 has 20 seconds left.\n|inactive|genesis7 has 15 seconds left.\n|inactive|genesis7 has 10 seconds left.\n|\n|t:|1738509813\n|switch|p2a: Tauros|Tauros|100/100\n|turn|66\n|inactive|genesis7 has 20 seconds left this turn.\n|inactive|Serpi n_n has 30 seconds left.\n|inactive|genesis7 has 15 seconds left.\n|inactive|genesis7 has 10 seconds left.\n|inactive|genesis7 has 5 seconds left.\n|\n|t:|1738509828\n|move|p2a: Tauros|Blizzard|p1a: Rhydon\n|-supereffective|p1a: Rhydon\n|-damage|p1a: Rhydon|8/100 par\n|move|p1a: Rhydon|Earthquake|p2a: Tauros\n|-damage|p2a: Tauros|62/100\n|\n|upkeep\n|turn|67\n|inactive|genesis7 has 15 seconds left this turn.\n|inactive|genesis7 has 10 seconds left.\n|inactive|genesis7 has 5 seconds left.\n|\n|t:|1738509839\n|move|p2a: Tauros|Body Slam|p1a: Rhydon\n|-resisted|p1a: Rhydon\n|-damage|p1a: Rhydon|0 fnt\n|faint|p1a: Rhydon\n|inactive|genesis7 has 10 seconds left this turn.\n|inactive|Serpi n_n has 30 seconds left.\n|\n|t:|1738509853\n|switch|p1a: Starmie|Starmie|85/100 par\n|turn|68\n|inactive|genesis7 has 20 seconds left this turn.\n|inactive|genesis7 has 15 seconds left.\n|inactive|Serpi n_n has 30 seconds left.\n|\n|t:|1738509873\n|switch|p2a: Chansey|Chansey|78/100 par\n|switch|p1a: Alakazam|Alakazam|86/100 par\n|\n|upkeep\n|turn|69\n|inactive|genesis7 has 25 seconds left this turn.\n|inactive|genesis7 has 20 seconds left.\n|\n|t:|1738509881\n|move|p1a: Alakazam|Psychic|p2a: Chansey\n|-damage|p2a: Chansey|61/100 par\n|-unboost|p2a: Chansey|spa|1\n|-unboost|p2a: Chansey|spd|1\n|cant|p2a: Chansey|par\n|\n|upkeep\n|turn|70\n|inactive|genesis7 has 30 seconds left this turn.\n|\n|t:|1738509885\n|move|p1a: Alakazam|Psychic|p2a: Chansey\n|-damage|p2a: Chansey|33/100 par\n|cant|p2a: Chansey|par\n|\n|upkeep\n|turn|71\n|\n|t:|1738509889\n|move|p1a: Alakazam|Psychic|p2a: Chansey\n|-crit|p2a: Chansey\n|-damage|p2a: Chansey|0 fnt\n|faint|p2a: Chansey\n|\n|t:|1738509898\n|switch|p2a: Snorlax|Snorlax|51/100 par\n|turn|72\n|inactive|Serpi n_n has 60 seconds left.\n|inactive|Serpi n_n has 30 seconds left.\n|inactive|Serpi n_n has 20 seconds left.\n|\n|t:|1738509949\n|move|p1a: Alakazam|Psychic|p2a: Snorlax\n|-damage|p2a: Snorlax|18/100 par\n|move|p2a: Snorlax|Hyper Beam|p1a: Alakazam\n|-damage|p1a: Alakazam|0 fnt\n|faint|p1a: Alakazam\n|inactive|Serpi n_n has 25 seconds left this turn.\n|inactive|Serpi n_n has 20 seconds left.\n|inactive|Serpi n_n has 15 seconds left.\n|inactive|Serpi n_n has 10 seconds left.\n|\n|t:|1738509966\n|switch|p1a: Cloyster|Cloyster|45/100\n|turn|73\n|inactive|Serpi n_n has 20 seconds left this turn.\n|\n|t:|1738509970\n|move|p1a: Cloyster|Ice Beam|p2a: Snorlax\n|-damage|p2a: Snorlax|0 fnt\n|faint|p2a: Snorlax\n|inactive|Serpi n_n has 25 seconds left this turn.\n|inactive|genesis7 has 60 seconds left.\n|inactive|genesis7 has 30 seconds left.\n|inactive|genesis7 has 20 seconds left.\n|inactive|genesis7 has 15 seconds left.\n|\n|t:|1738510021\n|switch|p2a: Zapdos|Zapdos|100/100 slp\n|turn|74\n|inactive|genesis7 has 25 seconds left this turn.\n|inactive|Serpi n_n has 30 seconds left.\n|inactive|genesis7 has 20 seconds left.\n|inactive|Serpi n_n has 20 seconds left.\n|\n|t:|1738510041\n|cant|p2a: Zapdos|slp\n|move|p1a: Cloyster|Ice Beam|p2a: Zapdos\n|-supereffective|p2a: Zapdos\n|-damage|p2a: Zapdos|54/100 slp\n|\n|upkeep\n|turn|75\n|inactive|Serpi n_n has 30 seconds left this turn.\n|inactive|genesis7 has 30 seconds left this turn.\n|\n|t:|1738510050\n|cant|p2a: Zapdos|slp\n|move|p1a: Cloyster|Ice Beam|p2a: Zapdos\n|-supereffective|p2a: Zapdos\n|-damage|p2a: Zapdos|10/100 slp\n|\n|upkeep\n|turn|76\n|inactive|Serpi n_n has 30 seconds left.\n|\n|t:|1738510055\n|cant|p2a: Zapdos|slp\n|move|p1a: Cloyster|Ice Beam|p2a: Zapdos\n|-crit|p2a: Zapdos\n|-supereffective|p2a: Zapdos\n|-damage|p2a: Zapdos|0 fnt\n|faint|p2a: Zapdos\n|\n|t:|1738510057\n|switch|p2a: Tauros|Tauros|62/100\n|turn|77\n|\n|t:|1738510066\n|move|p2a: Tauros|Hyper Beam|p1a: Cloyster\n|-damage|p1a: Cloyster|6/100\n|-mustrecharge|p2a: Tauros\n|move|p1a: Cloyster|Explosion|p2a: Tauros\n|-damage|p2a: Tauros|0 fnt\n|faint|p2a: Tauros\n|faint|p1a: Cloyster\n|\n|win|Serpi n_n\n|c|☆genesis7|gg\n|c|☆Serpi n_n|gg\n","uploadtime":1738510066,"views":"2064","formatid":"gen1ou","rating":null,"private":0,"password":null}