{"id":"smogtours-gen1ou-948151","format":"[Gen 1] OU","players":["TG2513","AJ Duncan"],"log":"|inactive|Battle timer is ON: inactive players will automatically lose when time's up.\n|t:|1781907239\n|gametype|singles\n|player|p1|TG2513|brycenman|\n|player|p2|AJ Duncan|#cnpliistardust|\n|gen|1\n|tier|[Gen 1] OU\n|rule|Desync Clause Mod: Desyncs changed to move failure.\n|rule|HP Percentage Mod: HP is shown in percentages\n|rule|Endless Battle Clause: Forcing endless battles is banned\n|rule|Sleep Clause Mod: Limit one foe put to sleep\n|rule|Freeze Clause Mod: Limit one foe frozen\n|rule|Species Clause: Limit one of each Pokémon\n|rule|OHKO Clause: OHKO moves are banned\n|rule|Evasion Moves Clause: Evasion moves are banned\n|\n|t:|1781907239\n|teamsize|p1|6\n|teamsize|p2|6\n|start\n|switch|p1a: Jynx|Jynx|100/100\n|switch|p2a: Starmie|Starmie|100/100\n|turn|1\n|c|☆AJ Duncan|hf\n|c|☆TG2513|HF\n|inactive|AJ Duncan has 270 seconds left.\n|\n|t:|1781907274\n|move|p2a: Starmie|Thunder Wave|p1a: Jynx\n|-status|p1a: Jynx|par\n|move|p1a: Jynx|Lovely Kiss|p2a: Starmie\n|-status|p2a: Starmie|slp|[from] move: Lovely Kiss\n|\n|upkeep\n|turn|2\n|\n|t:|1781907281\n|cant|p2a: Starmie|slp\n|cant|p1a: Jynx|par\n|\n|upkeep\n|turn|3\n|\n|t:|1781907289\n|switch|p1a: Chansey|Chansey|100/100\n|cant|p2a: Starmie|slp\n|\n|upkeep\n|turn|4\n|\n|t:|1781907294\n|switch|p2a: Chansey|Chansey|100/100\n|move|p1a: Chansey|Ice Beam|p2a: Chansey\n|-damage|p2a: Chansey|89/100\n|\n|upkeep\n|turn|5\n|\n|t:|1781907301\n|switch|p2a: Starmie|Starmie|100/100 slp\n|switch|p1a: Jynx|Jynx|100/100 par\n|\n|upkeep\n|turn|6\n|\n|t:|1781907307\n|switch|p1a: Snorlax|Snorlax|100/100\n|cant|p2a: Starmie|slp\n|\n|upkeep\n|turn|7\n|\n|t:|1781907316\n|switch|p2a: Chansey|Chansey|89/100\n|move|p1a: Snorlax|Body Slam|p2a: Chansey\n|-damage|p2a: Chansey|45/100\n|\n|upkeep\n|turn|8\n|\n|t:|1781907325\n|switch|p1a: Jynx|Jynx|100/100 par\n|move|p2a: Chansey|Soft-Boiled|p2a: Chansey\n|-heal|p2a: Chansey|95/100\n|\n|upkeep\n|turn|9\n|\n|t:|1781907331\n|switch|p2a: Starmie|Starmie|100/100 slp\n|move|p1a: Jynx|Psychic|p2a: Starmie\n|-resisted|p2a: Starmie\n|-damage|p2a: Starmie|84/100 slp\n|-unboost|p2a: Starmie|spa|1\n|-unboost|p2a: Starmie|spd|1\n|\n|upkeep\n|turn|10\n|\n|t:|1781907336\n|cant|p2a: Starmie|slp\n|move|p1a: Jynx|Psychic|p2a: Starmie\n|-resisted|p2a: Starmie\n|-damage|p2a: Starmie|58/100 slp\n|\n|upkeep\n|turn|11\n|\n|t:|1781907342\n|switch|p1a: Rhydon|Rhydon|100/100\n|cant|p2a: Starmie|slp\n|\n|upkeep\n|turn|12\n|\n|t:|1781907346\n|switch|p2a: Exeggutor|Exeggutor|100/100\n|move|p1a: Rhydon|Earthquake|p2a: Exeggutor\n|-resisted|p2a: Exeggutor\n|-damage|p2a: Exeggutor|82/100\n|\n|upkeep\n|turn|13\n|\n|t:|1781907355\n|switch|p2a: Snorlax|Snorlax|100/100\n|switch|p1a: Jynx|Jynx|100/100 par\n|\n|upkeep\n|turn|14\n|\n|t:|1781907362\n|move|p2a: Snorlax|Body Slam|p1a: Jynx\n|-damage|p1a: Jynx|41/100 par\n|move|p1a: Jynx|Blizzard|p2a: Snorlax\n|-crit|p2a: Snorlax\n|-damage|p2a: Snorlax|30/100\n|\n|upkeep\n|turn|15\n|\n|t:|1781907372\n|move|p2a: Snorlax|Body Slam|p1a: Jynx\n|-damage|p1a: Jynx|0 fnt\n|faint|p1a: Jynx\n|\n|t:|1781907388\n|switch|p1a: Exeggutor|Exeggutor|100/100\n|turn|16\n|\n|t:|1781907401\n|switch|p2a: Exeggutor|Exeggutor|82/100\n|move|p1a: Exeggutor|Stun Spore|p2a: Exeggutor\n|-status|p2a: Exeggutor|par\n|\n|upkeep\n|turn|17\n|\n|t:|1781907405\n|move|p1a: Exeggutor|Explosion|p2a: Exeggutor\n|-damage|p2a: Exeggutor|10/100 par\n|faint|p1a: Exeggutor\n|\n|t:|1781907416\n|switch|p1a: Rhydon|Rhydon|100/100\n|turn|18\n|\n|t:|1781907431\n|move|p1a: Rhydon|Earthquake|p2a: Exeggutor\n|-resisted|p2a: Exeggutor\n|-damage|p2a: Exeggutor|0 fnt\n|faint|p2a: Exeggutor\n|\n|t:|1781907451\n|switch|p2a: Tauros|Tauros|100/100\n|turn|19\n|\n|t:|1781907454\n|switch|p1a: Snorlax|Snorlax|100/100\n|move|p2a: Tauros|Blizzard|p1a: Snorlax\n|-damage|p1a: Snorlax|81/100\n|\n|upkeep\n|turn|20\n|\n|t:|1781907465\n|switch|p2a: Starmie|Starmie|58/100 slp\n|move|p1a: Snorlax|Body Slam|p2a: Starmie\n|-damage|p2a: Starmie|21/100 slp\n|\n|upkeep\n|turn|21\n|\n|t:|1781907469\n|cant|p2a: Starmie|slp\n|move|p1a: Snorlax|Body Slam|p2a: Starmie\n|-damage|p2a: Starmie|0 fnt\n|faint|p2a: Starmie\n|\n|t:|1781907470\n|switch|p2a: Chansey|Chansey|95/100\n|turn|22\n|\n|t:|1781907476\n|move|p2a: Chansey|Thunder Wave|p1a: Snorlax\n|-status|p1a: Snorlax|par\n|move|p1a: Snorlax|Self-Destruct|p2a: Chansey\n|-damage|p2a: Chansey|0 fnt\n|faint|p2a: Chansey\n|faint|p1a: Snorlax\n|\n|t:|1781907488\n|switch|p2a: Tauros|Tauros|100/100\n|switch|p1a: Chansey|Chansey|100/100\n|turn|23\n|\n|t:|1781907496\n|move|p2a: Tauros|Body Slam|p1a: Chansey\n|-damage|p1a: Chansey|59/100\n|move|p1a: Chansey|Thunder Wave|p2a: Tauros\n|-status|p2a: Tauros|par\n|\n|upkeep\n|turn|24\n|\n|t:|1781907503\n|move|p1a: Chansey|Soft-Boiled|p1a: Chansey\n|-heal|p1a: Chansey|100/100\n|move|p2a: Tauros|Body Slam|p1a: Chansey\n|-damage|p1a: Chansey|60/100\n|\n|upkeep\n|turn|25\n|\n|t:|1781907509\n|move|p1a: Chansey|Soft-Boiled|p1a: Chansey\n|-heal|p1a: Chansey|100/100\n|move|p2a: Tauros|Body Slam|p1a: Chansey\n|-crit|p1a: Chansey\n|-damage|p1a: Chansey|24/100\n|\n|upkeep\n|turn|26\n|\n|t:|1781907516\n|move|p1a: Chansey|Soft-Boiled|p1a: Chansey\n|-heal|p1a: Chansey|74/100\n|move|p2a: Tauros|Body Slam|p1a: Chansey\n|-damage|p1a: Chansey|37/100\n|\n|upkeep\n|turn|27\n|\n|t:|1781907520\n|move|p1a: Chansey|Soft-Boiled|p1a: Chansey\n|-heal|p1a: Chansey|87/100\n|move|p2a: Tauros|Body Slam|p1a: Chansey\n|-damage|p1a: Chansey|49/100\n|\n|upkeep\n|turn|28\n|\n|t:|1781907525\n|move|p1a: Chansey|Soft-Boiled|p1a: Chansey\n|-heal|p1a: Chansey|99/100\n|move|p2a: Tauros|Body Slam|p1a: Chansey\n|-damage|p1a: Chansey|58/100\n|\n|upkeep\n|turn|29\n|\n|t:|1781907530\n|move|p1a: Chansey|Soft-Boiled|p1a: Chansey\n|-heal|p1a: Chansey|100/100\n|move|p2a: Tauros|Body Slam|p1a: Chansey\n|-crit|p1a: Chansey\n|-damage|p1a: Chansey|27/100\n|\n|upkeep\n|turn|30\n|\n|t:|1781907535\n|move|p1a: Chansey|Soft-Boiled|p1a: Chansey\n|-heal|p1a: Chansey|77/100\n|cant|p2a: Tauros|par\n|\n|upkeep\n|turn|31\n|\n|t:|1781907539\n|move|p1a: Chansey|Thunderbolt|p2a: Tauros\n|-damage|p2a: Tauros|71/100 par\n|move|p2a: Tauros|Body Slam|p1a: Chansey\n|-damage|p1a: Chansey|37/100\n|\n|upkeep\n|turn|32\n|\n|t:|1781907544\n|move|p1a: Chansey|Soft-Boiled|p1a: Chansey\n|-heal|p1a: Chansey|87/100\n|move|p2a: Tauros|Body Slam|p1a: Chansey\n|-crit|p1a: Chansey\n|-damage|p1a: Chansey|16/100\n|\n|upkeep\n|turn|33\n|\n|t:|1781907551\n|move|p1a: Chansey|Soft-Boiled|p1a: Chansey\n|-heal|p1a: Chansey|66/100\n|move|p2a: Tauros|Body Slam|p1a: Chansey\n|-damage|p1a: Chansey|26/100\n|\n|upkeep\n|turn|34\n|\n|t:|1781907560\n|move|p1a: Chansey|Soft-Boiled|p1a: Chansey\n|-heal|p1a: Chansey|76/100\n|cant|p2a: Tauros|par\n|\n|upkeep\n|turn|35\n|\n|t:|1781907564\n|move|p1a: Chansey|Thunderbolt|p2a: Tauros\n|-damage|p2a: Tauros|45/100 par\n|move|p2a: Tauros|Body Slam|p1a: Chansey\n|-damage|p1a: Chansey|35/100\n|\n|upkeep\n|turn|36\n|\n|t:|1781907568\n|move|p1a: Chansey|Soft-Boiled|p1a: Chansey\n|-heal|p1a: Chansey|85/100\n|move|p2a: Tauros|Body Slam|p1a: Chansey\n|-damage|p1a: Chansey|48/100\n|\n|upkeep\n|turn|37\n|\n|t:|1781907573\n|move|p1a: Chansey|Soft-Boiled|p1a: Chansey\n|-heal|p1a: Chansey|98/100\n|cant|p2a: Tauros|par\n|\n|upkeep\n|turn|38\n|\n|t:|1781907578\n|move|p1a: Chansey|Ice Beam|p2a: Tauros\n|-damage|p2a: Tauros|17/100 par\n|move|p2a: Tauros|Body Slam|p1a: Chansey\n|-damage|p1a: Chansey|57/100\n|\n|upkeep\n|turn|39\n|\n|t:|1781907587\n|move|p1a: Chansey|Soft-Boiled|p1a: Chansey\n|-heal|p1a: Chansey|100/100\n|move|p2a: Tauros|Body Slam|p1a: Chansey\n|-damage|p1a: Chansey|60/100\n|\n|upkeep\n|turn|40\n|\n|t:|1781907593\n|switch|p2a: Snorlax|Snorlax|30/100\n|move|p1a: Chansey|Soft-Boiled|p1a: Chansey\n|-heal|p1a: Chansey|100/100\n|\n|upkeep\n|turn|41\n|\n|t:|1781907608\n|move|p1a: Chansey|Thunder Wave|p2a: Snorlax\n|-status|p2a: Snorlax|par\n|move|p2a: Snorlax|Hyper Beam|p1a: Chansey\n|-damage|p1a: Chansey|33/100\n|-mustrecharge|p2a: Snorlax\n|\n|upkeep\n|turn|42\n|\n|t:|1781907614\n|move|p1a: Chansey|Ice Beam|p2a: Snorlax\n|-damage|p2a: Snorlax|11/100 par\n|cant|p2a: Snorlax|recharge\n|\n|upkeep\n|turn|43\n|\n|t:|1781907620\n|move|p1a: Chansey|Soft-Boiled|p1a: Chansey\n|-heal|p1a: Chansey|83/100\n|move|p2a: Snorlax|Hyper Beam|p1a: Chansey\n|-damage|p1a: Chansey|8/100\n|-mustrecharge|p2a: Snorlax\n|\n|upkeep\n|turn|44\n|\n|t:|1781907625\n|move|p1a: Chansey|Soft-Boiled|p1a: Chansey\n|-heal|p1a: Chansey|58/100\n|cant|p2a: Snorlax|recharge\n|\n|upkeep\n|turn|45\n|\n|t:|1781907627\n|move|p1a: Chansey|Thunderbolt|p2a: Snorlax\n|-damage|p2a: Snorlax|0 fnt\n|faint|p2a: Snorlax\n|\n|t:|1781907628\n|switch|p2a: Alakazam|Alakazam|100/100\n|turn|46\n|\n|t:|1781907630\n|move|p2a: Alakazam|Thunder Wave|p1a: Chansey\n|-status|p1a: Chansey|par\n|move|p1a: Chansey|Thunder Wave|p2a: Alakazam\n|-status|p2a: Alakazam|par\n|\n|upkeep\n|turn|47\n|\n|t:|1781907634\n|switch|p2a: Tauros|Tauros|17/100 par\n|move|p1a: Chansey|Ice Beam|p2a: Tauros\n|-damage|p2a: Tauros|0 fnt\n|faint|p2a: Tauros\n|\n|t:|1781907637\n|switch|p2a: Alakazam|Alakazam|100/100 par\n|turn|48\n|\n|t:|1781907641\n|move|p2a: Alakazam|Psychic|p1a: Chansey\n|-crit|p1a: Chansey\n|-damage|p1a: Chansey|24/100 par\n|move|p1a: Chansey|Ice Beam|p2a: Alakazam\n|-damage|p2a: Alakazam|82/100 par\n|\n|upkeep\n|turn|49\n|\n|t:|1781907645\n|move|p2a: Alakazam|Psychic|p1a: Chansey\n|-damage|p1a: Chansey|5/100 par\n|-unboost|p1a: Chansey|spa|1\n|-unboost|p1a: Chansey|spd|1\n|move|p1a: Chansey|Thunderbolt|p2a: Alakazam\n|-damage|p2a: Alakazam|68/100 par\n|\n|upkeep\n|turn|50\n|\n|t:|1781907649\n|move|p2a: Alakazam|Recover|p2a: Alakazam\n|-heal|p2a: Alakazam|100/100 par\n|cant|p1a: Chansey|par\n|\n|upkeep\n|turn|51\n|\n|t:|1781907652\n|move|p2a: Alakazam|Psychic|p1a: Chansey\n|-damage|p1a: Chansey|0 fnt\n|faint|p1a: Chansey\n|\n|t:|1781907654\n|switch|p1a: Rhydon|Rhydon|100/100\n|turn|52\n|\n|t:|1781907656\n|move|p1a: Rhydon|Earthquake|p2a: Alakazam\n|-damage|p2a: Alakazam|29/100 par\n|move|p2a: Alakazam|Psychic|p1a: Rhydon\n|-damage|p1a: Rhydon|48/100\n|\n|upkeep\n|turn|53\n|\n|t:|1781907660\n|move|p1a: Rhydon|Earthquake|p2a: Alakazam\n|-damage|p2a: Alakazam|0 fnt\n|faint|p2a: Alakazam\n|\n|win|TG2513\n|c|☆AJ Duncan|gg\n|c|☆TG2513|GG\n|player|p1|\n|player|p2|\n|player|p1|TG2513|brycenman|\n","uploadtime":1781907660,"views":"36","formatid":"gen1ou","rating":null,"private":0,"password":null}