{"id":"smogtours-gen1ou-917364","format":"[Gen 1] OU","players":["sadisticnarwhal","Sceptross"],"log":"|inactive|Battle timer is ON: inactive players will automatically lose when time's up.\n|t:|1773590780\n|gametype|singles\n|player|p1|sadisticnarwhal|#rcop2023useast|\n|player|p2|Sceptross|#splxviicryonicles2|\n|gen|1\n|tier|[Gen 1] OU\n|rule|Desync Clause Mod: Desyncs changed to move failure.\n|rule|HP Percentage Mod: HP is shown in percentages\n|rule|Endless Battle Clause: Forcing endless battles is banned\n|rule|Sleep Clause Mod: Limit one foe put to sleep\n|rule|Freeze Clause Mod: Limit one foe frozen\n|rule|Species Clause: Limit one of each Pokémon\n|rule|OHKO Clause: OHKO moves are banned\n|rule|Evasion Moves Clause: Evasion moves are banned\n|\n|t:|1773590780\n|teamsize|p1|6\n|teamsize|p2|6\n|start\n|switch|p1a: Gengar|Gengar|100/100\n|switch|p2a: Starmie|Starmie|100/100\n|turn|1\n|c|☆Sceptross|gl hf\n|c|☆sadisticnarwhal|u2\n|c|+AcrOne|go narwhal\n|inactive|sadisticnarwhal has 270 seconds left.\n|\n|t:|1773590825\n|move|p2a: Starmie|Psychic|p1a: Gengar\n|-crit|p1a: Gengar\n|-supereffective|p1a: Gengar\n|-damage|p1a: Gengar|0 fnt\n|faint|p1a: Gengar\n|inactive|sadisticnarwhal has 270 seconds left.\n|\n|t:|1773590864\n|switch|p1a: Exeggutor|Exeggutor|100/100\n|turn|2\n|inactive|Sceptross has 270 seconds left.\n|inactive|Sceptross has 240 seconds left.\n|c|+enzonana|morite enzuno\n|\n|t:|1773590951\n|move|p2a: Starmie|Blizzard|p1a: Exeggutor\n|-supereffective|p1a: Exeggutor\n|-damage|p1a: Exeggutor|59/100\n|-status|p1a: Exeggutor|frz\n|cant|p1a: Exeggutor|frz\n|\n|upkeep\n|turn|3\n|inactive|Sceptross has 210 seconds left.\n|inactive|sadisticnarwhal has 270 seconds left.\n|c|☆sadisticnarwhal|well then\n|inactive|Sceptross has 180 seconds left.\n|c|☆Sceptross|i was literally saying 1 hour ago how I hadnt had an absurdly lucky game yet\n|c|☆Sceptross|well\n|inactive|Sceptross has 150 seconds left.\n|inactive|Sceptross has 120 seconds left.\n|\n|t:|1773591063\n|switch|p2a: Exeggutor|Exeggutor|100/100\n|switch|p1a: Chansey|Chansey|100/100\n|\n|upkeep\n|turn|4\n|inactive|Sceptross has 120 seconds left.\n|\n|t:|1773591069\n|switch|p1a: Starmie|Starmie|100/100\n|move|p2a: Exeggutor|Sleep Powder|p1a: Starmie|[miss]\n|-miss|p2a: Exeggutor\n|\n|upkeep\n|turn|5\n|\n|t:|1773591077\n|move|p1a: Starmie|Thunder Wave|p2a: Exeggutor\n|-status|p2a: Exeggutor|par\n|move|p2a: Exeggutor|Sleep Powder|p1a: Starmie\n|-status|p1a: Starmie|slp|[from] move: Sleep Powder\n|\n|upkeep\n|turn|6\n|\n|t:|1773591091\n|switch|p1a: Chansey|Chansey|100/100\n|switch|p2a: Chansey|Chansey|100/100\n|\n|upkeep\n|turn|7\n|\n|t:|1773591097\n|move|p1a: Chansey|Thunder Wave|p2a: Chansey\n|-status|p2a: Chansey|par\n|move|p2a: Chansey|Thunder Wave|p1a: Chansey\n|-status|p1a: Chansey|par\n|\n|upkeep\n|turn|8\n|\n|t:|1773591106\n|move|p2a: Chansey|Ice Beam|p1a: Chansey\n|-damage|p1a: Chansey|90/100 par\n|move|p1a: Chansey|Reflect|p1a: Chansey\n|-start|p1a: Chansey|Reflect\n|\n|upkeep\n|turn|9\n|inactive|Sceptross has 120 seconds left.\n|\n|t:|1773591148\n|move|p1a: Chansey|Seismic Toss|p2a: Chansey\n|-damage|p2a: Chansey|86/100 par\n|move|p2a: Chansey|Ice Beam|p1a: Chansey\n|-damage|p1a: Chansey|79/100 par\n|\n|upkeep\n|turn|10\n|\n|t:|1773591152\n|move|p1a: Chansey|Seismic Toss|p2a: Chansey\n|-damage|p2a: Chansey|72/100 par\n|move|p2a: Chansey|Ice Beam|p1a: Chansey\n|-damage|p1a: Chansey|70/100 par\n|\n|upkeep\n|turn|11\n|\n|t:|1773591156\n|cant|p1a: Chansey|par\n|move|p2a: Chansey|Soft-Boiled|p2a: Chansey\n|-heal|p2a: Chansey|100/100 par\n|\n|upkeep\n|turn|12\n|inactive|Sceptross has 120 seconds left.\n|\n|t:|1773591192\n|move|p1a: Chansey|Soft-Boiled|p1a: Chansey\n|-heal|p1a: Chansey|100/100 par\n|cant|p2a: Chansey|par\n|\n|upkeep\n|turn|13\n|\n|t:|1773591217\n|move|p2a: Chansey|Thunderbolt|p1a: Chansey\n|-damage|p1a: Chansey|90/100 par\n|cant|p1a: Chansey|par\n|\n|upkeep\n|turn|14\n|\n|t:|1773591221\n|move|p1a: Chansey|Seismic Toss|p2a: Chansey\n|-damage|p2a: Chansey|86/100 par\n|move|p2a: Chansey|Thunderbolt|p1a: Chansey\n|-damage|p1a: Chansey|79/100 par\n|\n|upkeep\n|turn|15\n|\n|t:|1773591226\n|move|p1a: Chansey|Seismic Toss|p2a: Chansey\n|-damage|p2a: Chansey|72/100 par\n|cant|p2a: Chansey|par\n|\n|upkeep\n|turn|16\n|\n|t:|1773591232\n|cant|p2a: Chansey|par\n|move|p1a: Chansey|Soft-Boiled|p1a: Chansey\n|-heal|p1a: Chansey|100/100 par\n|\n|upkeep\n|turn|17\n|\n|t:|1773591235\n|switch|p1a: Snorlax|Snorlax|100/100\n|move|p2a: Chansey|Soft-Boiled|p2a: Chansey\n|-heal|p2a: Chansey|100/100 par\n|\n|upkeep\n|turn|18\n|inactive|Sceptross has 150 seconds left.\n|\n|t:|1773591247\n|switch|p2a: Cloyster|Cloyster|100/100\n|move|p1a: Snorlax|Body Slam|p2a: Cloyster\n|-damage|p2a: Cloyster|76/100\n|\n|upkeep\n|turn|19\n|inactive|Sceptross has 150 seconds left.\n|\n|t:|1773591269\n|switch|p1a: Chansey|Chansey|100/100 par\n|move|p2a: Cloyster|Blizzard|p1a: Chansey\n|-damage|p1a: Chansey|82/100 par\n|\n|upkeep\n|turn|20\n|inactive|Sceptross has 150 seconds left.\n|\n|t:|1773591284\n|switch|p1a: Exeggutor|Exeggutor|59/100 frz\n|move|p2a: Cloyster|Clamp|p1a: Exeggutor\n|-resisted|p1a: Exeggutor\n|-damage|p1a: Exeggutor|55/100 frz\n|\n|upkeep\n|turn|21\n|inactive|Sceptross has 150 seconds left.\n|\n|t:|1773591293\n|switch|p1a: Snorlax|Snorlax|100/100\n|move|p2a: Cloyster|Clamp|p1a: Snorlax\n|-damage|p1a: Snorlax|91/100\n|\n|upkeep\n|turn|22\n|\n|t:|1773591298\n|switch|p1a: Chansey|Chansey|82/100 par\n|move|p2a: Cloyster|Clamp|p1a: Chansey\n|-damage|p1a: Chansey|76/100 par\n|\n|upkeep\n|turn|23\n|\n|t:|1773591306\n|switch|p1a: Starmie|Starmie|100/100 slp\n|move|p2a: Cloyster|Clamp|p1a: Starmie\n|-crit|p1a: Starmie\n|-resisted|p1a: Starmie\n|-damage|p1a: Starmie|90/100 slp\n|\n|upkeep\n|turn|24\n|\n|t:|1773591312\n|switch|p2a: Snorlax|Snorlax|100/100\n|cant|p1a: Starmie|slp\n|\n|upkeep\n|turn|25\n|\n|t:|1773591315\n|switch|p1a: Exeggutor|Exeggutor|55/100 frz\n|move|p2a: Snorlax|Body Slam|p1a: Exeggutor\n|-damage|p1a: Exeggutor|24/100 frz\n|\n|upkeep\n|turn|26\n|\n|t:|1773591318\n|cant|p1a: Exeggutor|frz\n|move|p2a: Snorlax|Body Slam|p1a: Exeggutor\n|-damage|p1a: Exeggutor|0 fnt\n|faint|p1a: Exeggutor\n|\n|t:|1773591323\n|switch|p1a: Snorlax|Snorlax|91/100\n|turn|27\n|\n|t:|1773591330\n|move|p2a: Snorlax|Body Slam|p1a: Snorlax\n|-damage|p1a: Snorlax|64/100\n|move|p1a: Snorlax|Body Slam|p2a: Snorlax\n|-damage|p2a: Snorlax|74/100\n|\n|upkeep\n|turn|28\n|\n|t:|1773591341\n|move|p2a: Snorlax|Earthquake|p1a: Snorlax\n|-damage|p1a: Snorlax|42/100\n|move|p1a: Snorlax|Counter|p2a: Snorlax\n|-fail|p1a: Snorlax\n|\n|upkeep\n|turn|29\n|c|☆sadisticnarwhal|you could've just let 1 thing go right you know\n|inactive|Sceptross has 180 seconds left.\n|\n|t:|1773591392\n|switch|p2a: Cloyster|Cloyster|76/100\n|move|p1a: Snorlax|Self-Destruct|p2a: Cloyster\n|-damage|p2a: Cloyster|10/100\n|faint|p1a: Snorlax\n|\n|t:|1773591396\n|switch|p1a: Tauros|Tauros|100/100\n|turn|30\n|inactive|Sceptross has 150 seconds left.\n|\n|t:|1773591437\n|switch|p2a: Exeggutor|Exeggutor|100/100 par\n|move|p1a: Tauros|Body Slam|p2a: Exeggutor\n|-damage|p2a: Exeggutor|71/100 par\n|\n|upkeep\n|turn|31\n|\n|t:|1773591455\n|move|p1a: Tauros|Body Slam|p2a: Exeggutor\n|-damage|p2a: Exeggutor|42/100 par\n|move|p2a: Exeggutor|Explosion|p1a: Tauros\n|-damage|p1a: Tauros|26/100\n|faint|p2a: Exeggutor\n|\n|t:|1773591469\n|switch|p2a: Starmie|Starmie|100/100\n|turn|32\n|\n|t:|1773591476\n|switch|p1a: Starmie|Starmie|90/100 slp\n|move|p2a: Starmie|Psychic|p1a: Starmie\n|-resisted|p1a: Starmie\n|-damage|p1a: Starmie|74/100 slp\n|\n|upkeep\n|turn|33\n|\n|t:|1773591483\n|switch|p2a: Tauros|Tauros|100/100\n|cant|p1a: Starmie|slp\n|\n|upkeep\n|turn|34\n|\n|t:|1773591488\n|cant|p1a: Starmie|slp\n|move|p2a: Tauros|Body Slam|p1a: Starmie\n|-damage|p1a: Starmie|40/100 slp\n|\n|upkeep\n|turn|35\n|\n|t:|1773591492\n|switch|p1a: Chansey|Chansey|76/100 par\n|move|p2a: Tauros|Hyper Beam|p1a: Chansey\n|-damage|p1a: Chansey|6/100 par\n|-mustrecharge|p2a: Tauros\n|\n|upkeep\n|turn|36\n|\n|t:|1773591497\n|cant|p2a: Tauros|recharge\n|move|p1a: Chansey|Thunder Wave|p2a: Tauros\n|-status|p2a: Tauros|par\n|\n|upkeep\n|turn|37\n|\n|t:|1773591502\n|move|p2a: Tauros|Body Slam|p1a: Chansey\n|-damage|p1a: Chansey|0 fnt\n|faint|p1a: Chansey\n|\n|t:|1773591504\n|switch|p1a: Starmie|Starmie|40/100 slp\n|turn|38\n|\n|t:|1773591510\n|-curestatus|p1a: Starmie|slp|[msg]\n|move|p2a: Tauros|Hyper Beam|p1a: Starmie\n|-crit|p1a: Starmie\n|-damage|p1a: Starmie|0 fnt\n|faint|p1a: Starmie\n|\n|t:|1773591512\n|switch|p1a: Tauros|Tauros|26/100\n|turn|39\n|\n|t:|1773591517\n|move|p1a: Tauros|Hyper Beam|p2a: Tauros\n|-damage|p2a: Tauros|52/100 par\n|-mustrecharge|p1a: Tauros\n|move|p2a: Tauros|Body Slam|p1a: Tauros\n|-damage|p1a: Tauros|0 fnt\n|faint|p1a: Tauros\n|\n|win|Sceptross\n","uploadtime":1773591517,"views":"843","formatid":"gen1ou","rating":null,"private":0,"password":null}