{"id":"smogtours-gen1ou-948171","format":"[Gen 1] OU","players":["AJ Duncan","TG2513"],"log":"|inactive|Battle timer is ON: inactive players will automatically lose when time's up.\n|t:|1781907723\n|gametype|singles\n|player|p1|AJ Duncan|#cnpliistardust|\n|player|p2|TG2513|brycenman|\n|gen|1\n|tier|[Gen 1] OU\n|rule|Desync Clause Mod: Desyncs changed to move failure.\n|rule|HP Percentage Mod: HP is shown in percentages\n|rule|Endless Battle Clause: Forcing endless battles is banned\n|rule|Sleep Clause Mod: Limit one foe put to sleep\n|rule|Freeze Clause Mod: Limit one foe frozen\n|rule|Species Clause: Limit one of each Pokémon\n|rule|OHKO Clause: OHKO moves are banned\n|rule|Evasion Moves Clause: Evasion moves are banned\n|\n|t:|1781907723\n|teamsize|p1|6\n|teamsize|p2|6\n|start\n|switch|p1a: Jynx|Jynx|100/100\n|switch|p2a: Starmie|Starmie|100/100\n|turn|1\n|c|☆TG2513|HF\n|c|☆AJ Duncan|u2\n|\n|t:|1781907739\n|move|p2a: Starmie|Thunder Wave|p1a: Jynx\n|-status|p1a: Jynx|par\n|cant|p1a: Jynx|par\n|\n|upkeep\n|turn|2\n|\n|t:|1781907747\n|move|p2a: Starmie|Psychic|p1a: Jynx\n|-resisted|p1a: Jynx\n|-damage|p1a: Jynx|85/100 par\n|move|p1a: Jynx|Lovely Kiss|p2a: Starmie\n|-status|p2a: Starmie|slp|[from] move: Lovely Kiss\n|\n|upkeep\n|turn|3\n|\n|t:|1781907762\n|switch|p2a: Snorlax|Snorlax|100/100\n|switch|p1a: Lase 10%|Snorlax|100/100\n|\n|upkeep\n|turn|4\n|c|+F-00|AJ Duncan 🧿🧿🧿🧿🧿\n|\n|t:|1781907771\n|switch|p2a: Exeggutor|Exeggutor|100/100\n|move|p1a: Lase 10%|Reflect|p1a: Lase 10%\n|-start|p1a: Lase 10%|Reflect\n|\n|upkeep\n|turn|5\n|\n|t:|1781907775\n|switch|p1a: Jynx|Jynx|85/100 par\n|move|p2a: Exeggutor|Double-Edge|p1a: Jynx\n|-damage|p1a: Jynx|43/100 par\n|-damage|p2a: Exeggutor|92/100|[from] Recoil|[of] p1a: Jynx\n|\n|upkeep\n|turn|6\n|\n|t:|1781907786\n|switch|p2a: Snorlax|Snorlax|100/100\n|move|p1a: Jynx|Blizzard|p2a: Snorlax\n|-damage|p2a: Snorlax|67/100\n|\n|upkeep\n|turn|7\n|\n|t:|1781907793\n|switch|p1a: Lase 10%|Snorlax|100/100\n|move|p2a: Snorlax|Body Slam|p1a: Lase 10%\n|-damage|p1a: Lase 10%|74/100\n|\n|upkeep\n|turn|8\n|\n|t:|1781907798\n|move|p1a: Lase 10%|Body Slam|p2a: Snorlax\n|-damage|p2a: Snorlax|41/100\n|move|p2a: Snorlax|Body Slam|p1a: Lase 10%\n|-damage|p1a: Lase 10%|48/100\n|\n|upkeep\n|turn|9\n|\n|t:|1781907805\n|move|p2a: Snorlax|Self-Destruct|p1a: Lase 10%\n|-damage|p1a: Lase 10%|0 fnt\n|faint|p1a: Lase 10%\n|faint|p2a: Snorlax\n|\n|t:|1781907816\n|switch|p1a: Cloyster|Cloyster|100/100\n|switch|p2a: Zapdos|Zapdos|100/100\n|turn|10\n|\n|t:|1781907821\n|switch|p1a: Hija|Chansey|100/100\n|move|p2a: Zapdos|Thunder Wave|p1a: Hija\n|-status|p1a: Hija|par\n|\n|upkeep\n|turn|11\n|\n|t:|1781907830\n|switch|p2a: Chansey|Chansey|100/100\n|move|p1a: Hija|Ice Beam|p2a: Chansey\n|-crit|p2a: Chansey\n|-damage|p2a: Chansey|82/100\n|\n|upkeep\n|turn|12\n|\n|t:|1781907835\n|move|p2a: Chansey|Thunderbolt|p1a: Hija\n|-damage|p1a: Hija|89/100 par\n|cant|p1a: Hija|par\n|\n|upkeep\n|turn|13\n|\n|t:|1781907854\n|switch|p2a: Exeggutor|Exeggutor|92/100\n|move|p1a: Hija|Ice Beam|p2a: Exeggutor\n|-crit|p2a: Exeggutor\n|-supereffective|p2a: Exeggutor\n|-damage|p2a: Exeggutor|29/100\n|\n|upkeep\n|turn|14\n|\n|t:|1781907862\n|switch|p1a: Jynx|Jynx|43/100 par\n|move|p2a: Exeggutor|Explosion|p1a: Jynx\n|-damage|p1a: Jynx|0 fnt\n|faint|p1a: Jynx\n|faint|p2a: Exeggutor\n|\n|t:|1781907874\n|switch|p2a: Tauros|Tauros|100/100\n|switch|p1a: Zapdos|Zapdos|100/100\n|turn|15\n|\n|t:|1781907880\n|move|p2a: Tauros|Body Slam|p1a: Zapdos\n|-crit|p1a: Zapdos\n|-damage|p1a: Zapdos|45/100\n|-status|p1a: Zapdos|par\n|cant|p1a: Zapdos|par\n|\n|upkeep\n|turn|16\n|c|☆AJ Duncan|ok\n|\n|t:|1781907894\n|switch|p1a: Cloyster|Cloyster|100/100\n|move|p2a: Tauros|Body Slam|p1a: Cloyster\n|-damage|p1a: Cloyster|77/100\n|\n|upkeep\n|turn|17\n|\n|t:|1781907901\n|move|p2a: Tauros|Thunderbolt|p1a: Cloyster\n|-supereffective|p1a: Cloyster\n|-damage|p1a: Cloyster|31/100\n|move|p1a: Cloyster|Blizzard|p2a: Tauros|[miss]\n|-miss|p1a: Cloyster\n|\n|upkeep\n|turn|18\n|\n|t:|1781907913\n|switch|p1a: Zapdos|Zapdos|45/100 par\n|move|p2a: Tauros|Thunderbolt|p1a: Zapdos\n|-damage|p1a: Zapdos|32/100 par\n|\n|upkeep\n|turn|19\n|\n|t:|1781907920\n|move|p2a: Tauros|Blizzard|p1a: Zapdos\n|-supereffective|p1a: Zapdos\n|-damage|p1a: Zapdos|0 fnt\n|faint|p1a: Zapdos\n|\n|t:|1781907924\n|switch|p1a: Troller|Tauros|100/100\n|turn|20\n|\n|t:|1781907930\n|move|p2a: Tauros|Body Slam|p1a: Troller\n|-damage|p1a: Troller|74/100\n|move|p1a: Troller|Body Slam|p2a: Tauros\n|-damage|p2a: Tauros|70/100\n|\n|upkeep\n|turn|21\n|\n|t:|1781907936\n|move|p1a: Troller|Body Slam|p2a: Tauros\n|-damage|p2a: Tauros|42/100\n|move|p2a: Tauros|Body Slam|p1a: Troller\n|-damage|p1a: Troller|43/100\n|\n|upkeep\n|turn|22\n|\n|t:|1781907942\n|move|p2a: Tauros|Hyper Beam|p1a: Troller\n|-crit|p1a: Troller\n|-damage|p1a: Troller|0 fnt\n|faint|p1a: Troller\n|\n|t:|1781907948\n|switch|p1a: Hija|Chansey|89/100 par\n|turn|23\n|\n|t:|1781907953\n|move|p2a: Tauros|Body Slam|p1a: Hija\n|-crit|p1a: Hija\n|-damage|p1a: Hija|15/100 par\n|move|p1a: Hija|Thunder Wave|p2a: Tauros\n|-status|p2a: Tauros|par\n|\n|upkeep\n|turn|24\n|\n|t:|1781907959\n|move|p2a: Tauros|Body Slam|p1a: Hija\n|-damage|p1a: Hija|0 fnt\n|faint|p1a: Hija\n|\n|t:|1781907961\n|switch|p1a: Cloyster|Cloyster|31/100\n|turn|25\n|-message|AJ Duncan forfeited.\n|\n|win|TG2513\n|c|☆AJ Duncan|gl\n|c|☆TG2513|GGs\n|player|p1|\n|player|p2|\n|player|p2|TG2513|brycenman|\n","uploadtime":1781907964,"views":"51","formatid":"gen1ou","rating":null,"private":0,"password":null}