{"id":"smogtours-gen1ou-949935","format":"[Gen 1] OU","players":["Soda Krys","TG2513"],"log":"|inactive|Battle timer is ON: inactive players will automatically lose when time's up.\n|t:|1782333196\n|gametype|singles\n|player|p1|Soda Krys|lass-gen1rb|\n|player|p2|TG2513|brycenman|\n|gen|1\n|tier|[Gen 1] OU\n|rule|Desync Clause Mod: Desyncs changed to move failure.\n|rule|HP Percentage Mod: HP is shown in percentages\n|rule|Endless Battle Clause: Forcing endless battles is banned\n|rule|Sleep Clause Mod: Limit one foe put to sleep\n|rule|Freeze Clause Mod: Limit one foe frozen\n|rule|Species Clause: Limit one of each Pokémon\n|rule|OHKO Clause: OHKO moves are banned\n|rule|Evasion Moves Clause: Evasion moves are banned\n|\n|t:|1782333196\n|teamsize|p1|6\n|teamsize|p2|6\n|start\n|switch|p1a: Saku Natsusawa|Alakazam|100/100\n|switch|p2a: Gengar|Gengar|100/100\n|turn|1\n|inactive|Soda Krys also wants the timer to be on.\n|\n|t:|1782333200\n|switch|p2a: Exeggutor|Exeggutor|100/100\n|move|p1a: Saku Natsusawa|Psychic|p2a: Exeggutor\n|-resisted|p2a: Exeggutor\n|-damage|p2a: Exeggutor|85/100\n|\n|upkeep\n|turn|2\n|\n|t:|1782333204\n|move|p1a: Saku Natsusawa|Thunder Wave|p2a: Exeggutor\n|-status|p2a: Exeggutor|par\n|move|p2a: Exeggutor|Sleep Powder|p1a: Saku Natsusawa\n|-status|p1a: Saku Natsusawa|slp|[from] move: Sleep Powder\n|\n|upkeep\n|turn|3\n|\n|t:|1782333206\n|cant|p1a: Saku Natsusawa|slp\n|move|p2a: Exeggutor|Stun Spore|p1a: Saku Natsusawa|[miss]\n|-miss|p2a: Exeggutor\n|\n|upkeep\n|turn|4\n|\n|t:|1782333208\n|cant|p1a: Saku Natsusawa|slp\n|move|p2a: Exeggutor|Double-Edge|p1a: Saku Natsusawa\n|-damage|p1a: Saku Natsusawa|60/100 slp\n|-damage|p2a: Exeggutor|78/100 par|[from] Recoil|[of] p1a: Saku Natsusawa\n|\n|upkeep\n|turn|5\n|\n|t:|1782333210\n|cant|p1a: Saku Natsusawa|slp\n|cant|p2a: Exeggutor|par\n|\n|upkeep\n|turn|6\n|\n|t:|1782333215\n|switch|p1a: Madoka Yuzuhara|Exeggutor|100/100\n|move|p2a: Exeggutor|Double-Edge|p1a: Madoka Yuzuhara\n|-damage|p1a: Madoka Yuzuhara|81/100\n|-damage|p2a: Exeggutor|73/100 par|[from] Recoil|[of] p1a: Madoka Yuzuhara\n|\n|upkeep\n|turn|7\n|\n|t:|1782333217\n|move|p1a: Madoka Yuzuhara|Psychic|p2a: Exeggutor\n|-resisted|p2a: Exeggutor\n|-damage|p2a: Exeggutor|60/100 par\n|move|p2a: Exeggutor|Stun Spore|p1a: Madoka Yuzuhara\n|-status|p1a: Madoka Yuzuhara|par\n|\n|upkeep\n|turn|8\n|\n|t:|1782333223\n|move|p2a: Exeggutor|Double-Edge|p1a: Madoka Yuzuhara\n|-damage|p1a: Madoka Yuzuhara|59/100 par\n|-damage|p2a: Exeggutor|55/100 par|[from] Recoil|[of] p1a: Madoka Yuzuhara\n|move|p1a: Madoka Yuzuhara|Psychic|p2a: Exeggutor\n|-resisted|p2a: Exeggutor\n|-damage|p2a: Exeggutor|41/100 par\n|\n|upkeep\n|turn|9\n|\n|t:|1782333230\n|switch|p1a: Subaru Hoshina|Starmie|100/100\n|move|p2a: Exeggutor|Psychic|p1a: Subaru Hoshina\n|-resisted|p1a: Subaru Hoshina\n|-damage|p1a: Subaru Hoshina|81/100\n|-unboost|p1a: Subaru Hoshina|spa|1\n|-unboost|p1a: Subaru Hoshina|spd|1\n|\n|upkeep\n|turn|10\n|\n|t:|1782333234\n|move|p1a: Subaru Hoshina|Blizzard|p2a: Exeggutor\n|-supereffective|p2a: Exeggutor\n|-damage|p2a: Exeggutor|13/100 par\n|move|p2a: Exeggutor|Stun Spore|p1a: Subaru Hoshina\n|-status|p1a: Subaru Hoshina|par\n|\n|upkeep\n|turn|11\n|\n|t:|1782333239\n|move|p1a: Subaru Hoshina|Blizzard|p2a: Exeggutor\n|-supereffective|p2a: Exeggutor\n|-damage|p2a: Exeggutor|0 fnt\n|faint|p2a: Exeggutor\n|\n|t:|1782333253\n|switch|p2a: Snorlax|Snorlax|100/100\n|turn|12\n|\n|t:|1782333256\n|move|p2a: Snorlax|Body Slam|p1a: Subaru Hoshina\n|-damage|p1a: Subaru Hoshina|45/100 par\n|move|p1a: Subaru Hoshina|Thunder Wave|p2a: Snorlax\n|-status|p2a: Snorlax|par\n|\n|upkeep\n|turn|13\n|\n|t:|1782333260\n|switch|p1a: Ayato Yorita|Snorlax|100/100\n|cant|p2a: Snorlax|par\n|\n|upkeep\n|turn|14\n|\n|t:|1782333268\n|move|p1a: Ayato Yorita|Reflect|p1a: Ayato Yorita\n|-start|p1a: Ayato Yorita|Reflect\n|move|p2a: Snorlax|Earthquake|p1a: Ayato Yorita\n|-damage|p1a: Ayato Yorita|90/100\n|\n|upkeep\n|turn|15\n|\n|t:|1782333274\n|switch|p2a: Chansey|Chansey|100/100\n|move|p1a: Ayato Yorita|Body Slam|p2a: Chansey\n|-damage|p2a: Chansey|59/100\n|\n|upkeep\n|turn|16\n|\n|t:|1782333281\n|move|p2a: Chansey|Thunder Wave|p1a: Ayato Yorita\n|-status|p1a: Ayato Yorita|par\n|move|p1a: Ayato Yorita|Body Slam|p2a: Chansey\n|-damage|p2a: Chansey|15/100\n|\n|upkeep\n|turn|17\n|\n|t:|1782333287\n|switch|p1a: Rintaro Tsumugi|Tauros|100/100\n|move|p2a: Chansey|Soft-Boiled|p2a: Chansey\n|-heal|p2a: Chansey|65/100\n|\n|upkeep\n|turn|18\n|\n|t:|1782333293\n|switch|p2a: Articuno|Articuno|100/100\n|move|p1a: Rintaro Tsumugi|Hyper Beam|p2a: Articuno\n|-damage|p2a: Articuno|51/100\n|-mustrecharge|p1a: Rintaro Tsumugi\n|\n|upkeep\n|turn|19\n|\n|t:|1782333299\n|cant|p1a: Rintaro Tsumugi|recharge\n|move|p2a: Articuno|Blizzard|p1a: Rintaro Tsumugi\n|-crit|p1a: Rintaro Tsumugi\n|-damage|p1a: Rintaro Tsumugi|0 fnt\n|faint|p1a: Rintaro Tsumugi\n|\n|t:|1782333303\n|switch|p1a: Kaoruko Waguri|Chansey|100/100\n|turn|20\n|c|☆TG2513|damn this mon should be ou\n|\n|t:|1782333311\n|switch|p2a: Snorlax|Snorlax|100/100 par\n|switch|p1a: Madoka Yuzuhara|Exeggutor|59/100 par\n|\n|upkeep\n|turn|21\n|\n|t:|1782333315\n|cant|p1a: Madoka Yuzuhara|par\n|move|p2a: Snorlax|Body Slam|p1a: Madoka Yuzuhara\n|-damage|p1a: Madoka Yuzuhara|30/100 par\n|\n|upkeep\n|turn|22\n|\n|t:|1782333322\n|switch|p2a: Gengar|Gengar|100/100\n|move|p1a: Madoka Yuzuhara|Psychic|p2a: Gengar\n|-supereffective|p2a: Gengar\n|-damage|p2a: Gengar|33/100\n|\n|upkeep\n|turn|23\n|\n|t:|1782333331\n|switch|p2a: Snorlax|Snorlax|100/100 par\n|switch|p1a: Saku Natsusawa|Alakazam|60/100 slp\n|\n|upkeep\n|turn|24\n|\n|t:|1782333336\n|switch|p1a: Ayato Yorita|Snorlax|90/100 par\n|move|p2a: Snorlax|Body Slam|p1a: Ayato Yorita\n|-damage|p1a: Ayato Yorita|65/100 par\n|\n|upkeep\n|turn|25\n|\n|t:|1782333341\n|cant|p1a: Ayato Yorita|par\n|move|p2a: Snorlax|Body Slam|p1a: Ayato Yorita\n|-damage|p1a: Ayato Yorita|37/100 par\n|\n|upkeep\n|turn|26\n|\n|t:|1782333343\n|move|p1a: Ayato Yorita|Reflect|p1a: Ayato Yorita\n|-start|p1a: Ayato Yorita|Reflect\n|cant|p2a: Snorlax|par\n|\n|upkeep\n|turn|27\n|\n|t:|1782333346\n|move|p1a: Ayato Yorita|Rest|p1a: Ayato Yorita\n|-status|p1a: Ayato Yorita|slp|[from] move: Rest\n|-heal|p1a: Ayato Yorita|100/100 slp|[silent]\n|move|p2a: Snorlax|Body Slam|p1a: Ayato Yorita\n|-crit|p1a: Ayato Yorita\n|-damage|p1a: Ayato Yorita|47/100 slp\n|\n|upkeep\n|turn|28\n|\n|t:|1782333350\n|cant|p1a: Ayato Yorita|slp\n|cant|p2a: Snorlax|par\n|\n|upkeep\n|turn|29\n|\n|t:|1782333352\n|-curestatus|p1a: Ayato Yorita|slp|[msg]\n|move|p2a: Snorlax|Body Slam|p1a: Ayato Yorita\n|-damage|p1a: Ayato Yorita|33/100\n|\n|upkeep\n|turn|30\n|\n|t:|1782333354\n|move|p1a: Ayato Yorita|Rest|p1a: Ayato Yorita\n|-status|p1a: Ayato Yorita|slp|[from] move: Rest\n|-heal|p1a: Ayato Yorita|100/100 slp|[silent]\n|move|p2a: Snorlax|Body Slam|p1a: Ayato Yorita\n|-damage|p1a: Ayato Yorita|86/100 slp\n|\n|upkeep\n|turn|31\n|\n|t:|1782333357\n|switch|p2a: Articuno|Articuno|51/100\n|cant|p1a: Ayato Yorita|slp\n|\n|upkeep\n|turn|32\n|\n|t:|1782333359\n|move|p2a: Articuno|Blizzard|p1a: Ayato Yorita\n|-crit|p1a: Ayato Yorita\n|-damage|p1a: Ayato Yorita|6/100 slp\n|-curestatus|p1a: Ayato Yorita|slp|[msg]\n|\n|upkeep\n|turn|33\n|\n|t:|1782333367\n|switch|p1a: Kaoruko Waguri|Chansey|100/100\n|move|p2a: Articuno|Ice Beam|p1a: Kaoruko Waguri\n|-damage|p1a: Kaoruko Waguri|83/100\n|\n|upkeep\n|turn|34\n|\n|t:|1782333371\n|switch|p2a: Snorlax|Snorlax|100/100 par\n|switch|p1a: Ayato Yorita|Snorlax|6/100\n|\n|upkeep\n|turn|35\n|\n|t:|1782333376\n|move|p1a: Ayato Yorita|Rest|p1a: Ayato Yorita\n|-status|p1a: Ayato Yorita|slp|[from] move: Rest\n|-heal|p1a: Ayato Yorita|100/100 slp|[silent]\n|move|p2a: Snorlax|Body Slam|p1a: Ayato Yorita\n|-damage|p1a: Ayato Yorita|74/100 slp\n|\n|upkeep\n|turn|36\n|\n|t:|1782333380\n|cant|p1a: Ayato Yorita|slp\n|cant|p2a: Snorlax|par\n|\n|upkeep\n|turn|37\n|\n|t:|1782333382\n|-curestatus|p1a: Ayato Yorita|slp|[msg]\n|cant|p2a: Snorlax|par\n|\n|upkeep\n|turn|38\n|\n|t:|1782333385\n|move|p1a: Ayato Yorita|Reflect|p1a: Ayato Yorita\n|-start|p1a: Ayato Yorita|Reflect\n|move|p2a: Snorlax|Body Slam|p1a: Ayato Yorita\n|-damage|p1a: Ayato Yorita|60/100\n|\n|upkeep\n|turn|39\n|\n|t:|1782333387\n|move|p1a: Ayato Yorita|Body Slam|p2a: Snorlax\n|-damage|p2a: Snorlax|75/100 par\n|move|p2a: Snorlax|Body Slam|p1a: Ayato Yorita\n|-damage|p1a: Ayato Yorita|46/100\n|\n|upkeep\n|turn|40\n|\n|t:|1782333390\n|move|p1a: Ayato Yorita|Body Slam|p2a: Snorlax\n|-damage|p2a: Snorlax|47/100 par\n|move|p2a: Snorlax|Body Slam|p1a: Ayato Yorita\n|-damage|p1a: Ayato Yorita|32/100\n|\n|upkeep\n|turn|41\n|\n|t:|1782333393\n|move|p1a: Ayato Yorita|Rest|p1a: Ayato Yorita\n|-status|p1a: Ayato Yorita|slp|[from] move: Rest\n|-heal|p1a: Ayato Yorita|100/100 slp|[silent]\n|move|p2a: Snorlax|Body Slam|p1a: Ayato Yorita\n|-damage|p1a: Ayato Yorita|87/100 slp\n|\n|upkeep\n|turn|42\n|\n|t:|1782333396\n|cant|p1a: Ayato Yorita|slp\n|move|p2a: Snorlax|Body Slam|p1a: Ayato Yorita\n|-damage|p1a: Ayato Yorita|74/100 slp\n|\n|upkeep\n|turn|43\n|\n|t:|1782333400\n|-curestatus|p1a: Ayato Yorita|slp|[msg]\n|cant|p2a: Snorlax|par\n|\n|upkeep\n|turn|44\n|\n|t:|1782333402\n|move|p1a: Ayato Yorita|Body Slam|p2a: Snorlax\n|-crit|p2a: Snorlax\n|-damage|p2a: Snorlax|0 fnt\n|faint|p2a: Snorlax\n|c|☆TG2513|I tried\n|c|☆TG2513|blowing up\n|c|☆TG2513|so many god damn times\n|inactive|TG2513 has 270 seconds left.\n|\n|t:|1782333435\n|switch|p2a: Chansey|Chansey|65/100\n|turn|45\n|\n|t:|1782333439\n|switch|p1a: Kaoruko Waguri|Chansey|83/100\n|move|p2a: Chansey|Thunder Wave|p1a: Kaoruko Waguri\n|-status|p1a: Kaoruko Waguri|par\n|\n|upkeep\n|turn|46\n|\n|t:|1782333443\n|move|p2a: Chansey|Soft-Boiled|p2a: Chansey\n|-heal|p2a: Chansey|100/100\n|move|p1a: Kaoruko Waguri|Sing|p2a: Chansey|[miss]\n|-miss|p1a: Kaoruko Waguri\n|\n|upkeep\n|turn|47\n|\n|t:|1782333449\n|switch|p2a: Gengar|Gengar|33/100\n|switch|p1a: Ayato Yorita|Snorlax|74/100\n|\n|upkeep\n|turn|48\n|\n|t:|1782333459\n|switch|p2a: Tauros|Tauros|100/100\n|switch|p1a: Saku Natsusawa|Alakazam|60/100 slp\n|\n|upkeep\n|turn|49\n|\n|t:|1782333464\n|cant|p1a: Saku Natsusawa|slp\n|move|p2a: Tauros|Body Slam|p1a: Saku Natsusawa\n|-crit|p1a: Saku Natsusawa\n|-damage|p1a: Saku Natsusawa|0 fnt\n|faint|p1a: Saku Natsusawa\n|\n|t:|1782333466\n|switch|p1a: Ayato Yorita|Snorlax|74/100\n|turn|50\n|\n|t:|1782333472\n|move|p2a: Tauros|Body Slam|p1a: Ayato Yorita\n|-crit|p1a: Ayato Yorita\n|-damage|p1a: Ayato Yorita|24/100\n|move|p1a: Ayato Yorita|Body Slam|p2a: Tauros\n|-damage|p2a: Tauros|70/100\n|\n|upkeep\n|turn|51\n|c|☆Soda Krys|yeah whatever im ass\n|c|☆Soda Krys|gg\n|-message|Soda Krys forfeited.\n|\n|win|TG2513\n","uploadtime":1782333486,"views":"63","formatid":"gen1ou","rating":null,"private":0,"password":null}