{"id":"smogtours-gen1ou-819868","format":"[Gen 1] OU","players":["chuva de perereca","WarumFelix"],"log":"|inactive|Battle timer is ON: inactive players will automatically lose when time's up.\n|t:|1739611033\n|gametype|singles\n|player|p1|chuva de perereca|lyra|\n|player|p2|WarumFelix|hilbert|\n|teamsize|p1|6\n|teamsize|p2|6\n|gen|1\n|tier|[Gen 1] OU\n|rule|Desync Clause Mod: Desyncs changed to move failure.\n|rule|Sleep Clause Mod: Limit one foe put to sleep\n|rule|Freeze Clause Mod: Limit one foe frozen\n|rule|Species Clause: Limit one of each Pokémon\n|rule|OHKO Clause: OHKO moves are banned\n|rule|Evasion Moves Clause: Evasion moves are banned\n|rule|Endless Battle Clause: Forcing endless battles is banned\n|rule|HP Percentage Mod: HP is shown in percentages\n|\n|t:|1739611033\n|start\n|switch|p1a: Alakazam|Alakazam|100/100\n|switch|p2a: Gengar|Gengar|100/100\n|turn|1\n|c|☆WarumFelix|glhf\n|c|☆chuva de perereca|hf\n|\n|t:|1739611050\n|switch|p2a: Exeggutor|Exeggutor|100/100\n|move|p1a: Alakazam|Seismic Toss|p2a: Exeggutor\n|-damage|p2a: Exeggutor|75/100\n|\n|upkeep\n|turn|2\n|\n|t:|1739611052\n|move|p1a: Alakazam|Thunder Wave|p2a: Exeggutor\n|-status|p2a: Exeggutor|par\n|move|p2a: Exeggutor|Sleep Powder|p1a: Alakazam\n|-status|p1a: Alakazam|slp|[from] move: Sleep Powder\n|\n|upkeep\n|turn|3\n|\n|t:|1739611075\n|switch|p1a: Chansey|Chansey|100/100\n|switch|p2a: Tauros|Tauros|100/100\n|\n|upkeep\n|turn|4\n|inactive|WarumFelix has 270 seconds left.\n|inactive|WarumFelix has 240 seconds left.\n|inactive|WarumFelix has 210 seconds left.\n|\n|t:|1739611175\n|switch|p2a: Exeggutor|Exeggutor|75/100 par\n|move|p1a: Chansey|Seismic Toss|p2a: Exeggutor\n|-damage|p2a: Exeggutor|50/100 par\n|\n|upkeep\n|turn|5\n|\n|t:|1739611189\n|switch|p1a: Snorlax|Snorlax|100/100\n|move|p2a: Exeggutor|Rest|p2a: Exeggutor\n|-status|p2a: Exeggutor|slp|[from] move: Rest\n|-heal|p2a: Exeggutor|100/100 slp|[silent]\n|\n|upkeep\n|turn|6\n|\n|t:|1739611203\n|switch|p1a: Exeggutor|Exeggutor|100/100\n|switch|p2a: Gengar|Gengar|100/100\n|\n|upkeep\n|turn|7\n|\n|t:|1739611215\n|switch|p1a: Tauros|Tauros|100/100\n|move|p2a: Gengar|Night Shade|p1a: Tauros\n|-damage|p1a: Tauros|72/100\n|\n|upkeep\n|turn|8\n|inactive|WarumFelix has 180 seconds left.\n|\n|t:|1739611258\n|switch|p2a: Snorlax|Snorlax|100/100\n|move|p1a: Tauros|Earthquake|p2a: Snorlax\n|-damage|p2a: Snorlax|81/100\n|\n|upkeep\n|turn|9\n|\n|t:|1739611279\n|switch|p2a: Starmie|Starmie|100/100\n|move|p1a: Tauros|Body Slam|p2a: Starmie\n|-damage|p2a: Starmie|66/100\n|-status|p2a: Starmie|par\n|\n|upkeep\n|turn|10\n|\n|t:|1739611292\n|move|p1a: Tauros|Thunderbolt|p2a: Starmie\n|-crit|p2a: Starmie\n|-supereffective|p2a: Starmie\n|-damage|p2a: Starmie|0 fnt\n|faint|p2a: Starmie\n|\n|t:|1739611297\n|switch|p2a: Chansey|Chansey|100/100\n|turn|11\n|\n|t:|1739611302\n|switch|p1a: Alakazam|Alakazam|100/100 slp\n|move|p2a: Chansey|Thunder Wave|p1a: Alakazam\n|-fail|p1a: Alakazam\n|\n|upkeep\n|turn|12\n|\n|t:|1739611304\n|switch|p1a: Chansey|Chansey|100/100\n|move|p2a: Chansey|Thunder Wave|p1a: Chansey\n|-status|p1a: Chansey|par\n|\n|upkeep\n|turn|13\n|inactive|WarumFelix has 180 seconds left.\n|\n|t:|1739611335\n|switch|p2a: Exeggutor|Exeggutor|100/100 slp\n|move|p1a: Chansey|Seismic Toss|p2a: Exeggutor\n|-damage|p2a: Exeggutor|75/100 slp\n|\n|upkeep\n|turn|14\n|\n|t:|1739611340\n|switch|p1a: Tauros|Tauros|72/100\n|cant|p2a: Exeggutor|slp\n|\n|upkeep\n|turn|15\n|\n|t:|1739611343\n|move|p1a: Tauros|Body Slam|p2a: Exeggutor\n|-crit|p2a: Exeggutor\n|-damage|p2a: Exeggutor|17/100 slp\n|-curestatus|p2a: Exeggutor|slp|[msg]\n|\n|upkeep\n|turn|16\n|\n|t:|1739611350\n|switch|p2a: Snorlax|Snorlax|81/100\n|move|p1a: Tauros|Body Slam|p2a: Snorlax\n|-damage|p2a: Snorlax|54/100\n|\n|upkeep\n|turn|17\n|inactive|WarumFelix has 180 seconds left.\n|\n|t:|1739611371\n|switch|p1a: Rhydon|Rhydon|100/100\n|move|p2a: Snorlax|Self-Destruct|p1a: Rhydon\n|-resisted|p1a: Rhydon\n|-damage|p1a: Rhydon|68/100\n|faint|p2a: Snorlax\n|inactive|WarumFelix has 180 seconds left.\n|\n|t:|1739611383\n|switch|p2a: Tauros|Tauros|100/100\n|turn|18\n|\n|t:|1739611409\n|move|p2a: Tauros|Blizzard|p1a: Rhydon\n|-crit|p1a: Rhydon\n|-supereffective|p1a: Rhydon\n|-damage|p1a: Rhydon|0 fnt\n|faint|p1a: Rhydon\n|\n|t:|1739611412\n|switch|p1a: Exeggutor|Exeggutor|100/100\n|turn|19\n|\n|t:|1739611425\n|switch|p2a: Chansey|Chansey|100/100\n|move|p1a: Exeggutor|Psychic|p2a: Chansey\n|-damage|p2a: Chansey|83/100\n|-unboost|p2a: Chansey|spa|1\n|-unboost|p2a: Chansey|spd|1\n|\n|upkeep\n|turn|20\n|inactive|WarumFelix has 180 seconds left.\n|inactive|chuva de perereca has 270 seconds left.\n|inactive|WarumFelix has 150 seconds left.\n|\n|t:|1739611487\n|switch|p2a: Exeggutor|Exeggutor|17/100\n|move|p1a: Exeggutor|Psychic|p2a: Exeggutor\n|-resisted|p2a: Exeggutor\n|-damage|p2a: Exeggutor|4/100\n|\n|upkeep\n|turn|21\n|\n|t:|1739611495\n|move|p1a: Exeggutor|Psychic|p2a: Exeggutor\n|-resisted|p2a: Exeggutor\n|-damage|p2a: Exeggutor|0 fnt\n|faint|p2a: Exeggutor\n|\n|t:|1739611522\n|switch|p2a: Tauros|Tauros|100/100\n|turn|22\n|\n|t:|1739611528\n|move|p2a: Tauros|Blizzard|p1a: Exeggutor\n|-crit|p1a: Exeggutor\n|-supereffective|p1a: Exeggutor\n|-damage|p1a: Exeggutor|32/100\n|move|p1a: Exeggutor|Sleep Powder|p2a: Tauros\n|-status|p2a: Tauros|slp|[from] move: Sleep Powder\n|\n|upkeep\n|turn|23\n|\n|t:|1739611537\n|switch|p2a: Chansey|Chansey|83/100\n|move|p1a: Exeggutor|Psychic|p2a: Chansey\n|-damage|p2a: Chansey|65/100\n|-unboost|p2a: Chansey|spa|1\n|-unboost|p2a: Chansey|spd|1\n|\n|upkeep\n|turn|24\n|\n|t:|1739611548\n|move|p1a: Exeggutor|Stun Spore|p2a: Chansey\n|-status|p2a: Chansey|par\n|move|p2a: Chansey|Soft-Boiled|p2a: Chansey\n|-heal|p2a: Chansey|100/100 par\n|\n|upkeep\n|turn|25\n|inactive|WarumFelix has 150 seconds left.\n|\n|t:|1739611562\n|move|p1a: Exeggutor|Psychic|p2a: Chansey\n|-damage|p2a: Chansey|76/100 par\n|move|p2a: Chansey|Ice Beam|p1a: Exeggutor\n|-supereffective|p1a: Exeggutor\n|-damage|p1a: Exeggutor|9/100\n|\n|upkeep\n|turn|26\n|inactive|WarumFelix has 150 seconds left.\n|\n|t:|1739611572\n|move|p1a: Exeggutor|Rest|p1a: Exeggutor\n|-status|p1a: Exeggutor|slp|[from] move: Rest\n|-heal|p1a: Exeggutor|100/100 slp|[silent]\n|move|p2a: Chansey|Soft-Boiled|p2a: Chansey\n|-heal|p2a: Chansey|100/100 par\n|\n|upkeep\n|turn|27\n|inactive|WarumFelix has 150 seconds left.\n|\n|t:|1739611584\n|switch|p2a: Tauros|Tauros|100/100 slp\n|cant|p1a: Exeggutor|slp\n|\n|upkeep\n|turn|28\n|\n|t:|1739611589\n|cant|p2a: Tauros|slp\n|-curestatus|p1a: Exeggutor|slp|[msg]\n|\n|upkeep\n|turn|29\n|\n|t:|1739611591\n|switch|p2a: Chansey|Chansey|100/100 par\n|move|p1a: Exeggutor|Psychic|p2a: Chansey\n|-damage|p2a: Chansey|83/100 par\n|\n|upkeep\n|turn|30\n|\n|t:|1739611598\n|switch|p1a: Chansey|Chansey|100/100 par\n|move|p2a: Chansey|Ice Beam|p1a: Chansey\n|-damage|p1a: Chansey|90/100 par\n|\n|upkeep\n|turn|31\n|\n|t:|1739611601\n|move|p1a: Chansey|Seismic Toss|p2a: Chansey\n|-damage|p2a: Chansey|69/100 par\n|move|p2a: Chansey|Soft-Boiled|p2a: Chansey\n|-heal|p2a: Chansey|100/100 par\n|\n|upkeep\n|turn|32\n|\n|t:|1739611605\n|move|p1a: Chansey|Seismic Toss|p2a: Chansey\n|-damage|p2a: Chansey|86/100 par\n|move|p2a: Chansey|Ice Beam|p1a: Chansey\n|-damage|p1a: Chansey|79/100 par\n|\n|upkeep\n|turn|33\n|\n|t:|1739611611\n|move|p1a: Chansey|Seismic Toss|p2a: Chansey\n|-damage|p2a: Chansey|72/100 par\n|move|p2a: Chansey|Soft-Boiled|p2a: Chansey\n|-heal|p2a: Chansey|100/100 par\n|\n|upkeep\n|turn|34\n|\n|t:|1739611615\n|move|p1a: Chansey|Seismic Toss|p2a: Chansey\n|-damage|p2a: Chansey|86/100 par\n|move|p2a: Chansey|Ice Beam|p1a: Chansey\n|-damage|p1a: Chansey|69/100 par\n|\n|upkeep\n|turn|35\n|\n|t:|1739611617\n|switch|p2a: Tauros|Tauros|100/100 slp\n|move|p1a: Chansey|Seismic Toss|p2a: Tauros\n|-damage|p2a: Tauros|72/100 slp\n|\n|upkeep\n|turn|36\n|\n|t:|1739611622\n|switch|p1a: Tauros|Tauros|72/100\n|cant|p2a: Tauros|slp\n|\n|upkeep\n|turn|37\n|\n|t:|1739611632\n|cant|p2a: Tauros|slp\n|move|p1a: Tauros|Earthquake|p2a: Tauros\n|-damage|p2a: Tauros|48/100 slp\n|\n|upkeep\n|turn|38\n|\n|t:|1739611644\n|cant|p2a: Tauros|slp\n|move|p1a: Tauros|Hyper Beam|p2a: Tauros\n|-crit|p2a: Tauros\n|-damage|p2a: Tauros|0 fnt\n|faint|p2a: Tauros\n|\n|t:|1739611648\n|switch|p2a: Chansey|Chansey|86/100 par\n|turn|39\n|\n|t:|1739611651\n|switch|p1a: Chansey|Chansey|69/100 par\n|cant|p2a: Chansey|par\n|\n|upkeep\n|turn|40\n|c|☆WarumFelix|gg\n|-message|WarumFelix forfeited.\n|\n|win|chuva de perereca\n|player|p1|\n","uploadtime":1739611656,"views":"1607","formatid":"gen1ou","rating":null,"private":0,"password":null}