{"id":"smogtours-gen1ou-968758","format":"[Gen 1] OU","players":["Serpi","LNumbers"],"log":"|inactive|Battle timer is ON: inactive players will automatically lose when time's up.\n|t:|1788630931\n|gametype|singles\n|player|p1|Serpi|#rbywc2023|\n|player|p2|LNumbers|#rbywc2026|\n|gen|1\n|tier|[Gen 1] OU\n|rule|Desync Clause Mod: Desyncs resolve to link battle behavior from the acting player's perspective.\n|rule|HP Percentage Mod: HP is shown in percentages\n|rule|Endless Battle Clause: Forcing endless battles is banned\n|rule|Sleep Clause Mod: Limit one foe put to sleep\n|rule|Freeze Clause Mod: Limit one foe frozen\n|rule|Species Clause: Limit one of each Pokémon\n|rule|OHKO Clause: OHKO moves are banned\n|rule|Evasion Moves Clause: Evasion moves are banned\n|\n|t:|1788630931\n|teamsize|p1|6\n|teamsize|p2|6\n|start\n|switch|p1a: Alakazam|Alakazam|100/100\n|switch|p2a: Alakazam|Alakazam|100/100\n|turn|1\n|c|☆LNumbers|hf\n|c|☆Serpi|hf\n|inactive|LNumbers has 270 seconds left.\n|\n|t:|1788630965\n|move|p1a: Alakazam|Thunder Wave|p2a: Alakazam\n|-status|p2a: Alakazam|par\n|cant|p2a: Alakazam|par\n|\n|upkeep\n|turn|2\n|\n|t:|1788630968\n|move|p1a: Alakazam|Seismic Toss|p2a: Alakazam\n|-damage|p2a: Alakazam|69/100 par\n|move|p2a: Alakazam|Thunder Wave|p1a: Alakazam\n|-status|p1a: Alakazam|par\n|\n|upkeep\n|turn|3\n|\n|t:|1788630975\n|switch|p1a: Snorlax|Snorlax|100/100\n|move|p2a: Alakazam|Recover|p2a: Alakazam\n|-heal|p2a: Alakazam|100/100 par\n|\n|upkeep\n|turn|4\n|\n|t:|1788630983\n|switch|p2a: Snorlax|Snorlax|100/100\n|move|p1a: Snorlax|Body Slam|p2a: Snorlax\n|-damage|p2a: Snorlax|76/100\n|\n|upkeep\n|turn|5\n|\n|t:|1788630995\n|move|p2a: Snorlax|Reflect|p2a: Snorlax\n|-start|p2a: Snorlax|Reflect\n|move|p1a: Snorlax|Body Slam|p2a: Snorlax\n|-crit|p2a: Snorlax\n|-damage|p2a: Snorlax|25/100\n|\n|upkeep\n|turn|6\n|inactive|Serpi has 270 seconds left.\n|inactive|LNumbers has 270 seconds left.\n|inactive|Serpi has 240 seconds left.\n|inactive|LNumbers has 240 seconds left.\n|inactive|LNumbers has 210 seconds left.\n|inactive|LNumbers has 180 seconds left.\n|\n|t:|1788631138\n|switch|p1a: Lapras|Lapras|100/100\n|move|p2a: Snorlax|Rest|p2a: Snorlax\n|-status|p2a: Snorlax|slp|[from] move: Rest\n|-heal|p2a: Snorlax|100/100 slp|[silent]\n|\n|upkeep\n|turn|7\n|\n|t:|1788631157\n|switch|p2a: Lapras|Lapras|100/100\n|move|p1a: Lapras|Blizzard|p2a: Lapras\n|-resisted|p2a: Lapras\n|-damage|p2a: Lapras|94/100\n|\n|upkeep\n|turn|8\n|inactive|Serpi has 240 seconds left.\n|inactive|LNumbers has 150 seconds left.\n|\n|t:|1788631175\n|switch|p2a: Alakazam|Alakazam|100/100 par\n|switch|p1a: Alakazam|Alakazam|100/100 par\n|\n|upkeep\n|turn|9\n|\n|t:|1788631184\n|move|p2a: Alakazam|Seismic Toss|p1a: Alakazam\n|-damage|p1a: Alakazam|69/100 par\n|move|p1a: Alakazam|Seismic Toss|p2a: Alakazam\n|-damage|p2a: Alakazam|69/100 par\n|\n|upkeep\n|turn|10\n|\n|t:|1788631190\n|move|p2a: Alakazam|Recover|p2a: Alakazam\n|-heal|p2a: Alakazam|100/100 par\n|move|p1a: Alakazam|Recover|p1a: Alakazam\n|-heal|p1a: Alakazam|100/100 par\n|\n|upkeep\n|turn|11\n|\n|t:|1788631192\n|switch|p1a: Snorlax|Snorlax|100/100\n|cant|p2a: Alakazam|par\n|\n|upkeep\n|turn|12\n|inactive|LNumbers has 180 seconds left.\n|inactive|LNumbers has 150 seconds left.\n|\n|t:|1788631229\n|switch|p2a: Exeggutor|Exeggutor|100/100\n|move|p1a: Snorlax|Body Slam|p2a: Exeggutor\n|-damage|p2a: Exeggutor|68/100\n|\n|upkeep\n|turn|13\n|inactive|Serpi has 270 seconds left.\n|inactive|LNumbers has 150 seconds left.\n|\n|t:|1788631247\n|switch|p1a: Alakazam|Alakazam|100/100 par\n|move|p2a: Exeggutor|Psychic|p1a: Alakazam\n|-resisted|p1a: Alakazam\n|-damage|p1a: Alakazam|86/100 par\n|\n|upkeep\n|turn|14\n|inactive|LNumbers has 150 seconds left.\n|inactive|Serpi has 270 seconds left.\n|\n|t:|1788631268\n|switch|p1a: Lapras|Lapras|100/100\n|move|p2a: Exeggutor|Explosion|p1a: Lapras\n|-damage|p1a: Lapras|31/100\n|faint|p2a: Exeggutor\n|inactive|LNumbers has 120 seconds left.\n|inactive|LNumbers has 90 seconds left.\n|\n|t:|1788631337\n|switch|p2a: Starmie|Starmie|100/100\n|turn|15\n|inactive|Serpi has 270 seconds left.\n|\n|t:|1788631351\n|switch|p1a: Exeggutor|Exeggutor|100/100\n|move|p2a: Starmie|Surf|p1a: Exeggutor\n|-resisted|p1a: Exeggutor\n|-damage|p1a: Exeggutor|88/100\n|\n|upkeep\n|turn|16\n|\n|t:|1788631360\n|move|p2a: Starmie|Thunder Wave|p1a: Exeggutor\n|-status|p1a: Exeggutor|par\n|cant|p1a: Exeggutor|par\n|\n|upkeep\n|turn|17\n|inactive|Serpi has 270 seconds left.\n|\n|t:|1788631376\n|switch|p2a: Snorlax|Snorlax|100/100 slp\n|move|p1a: Exeggutor|Double-Edge|p2a: Snorlax\n|-damage|p2a: Snorlax|82/100 slp\n|-damage|p1a: Exeggutor|82/100 par|[from] Recoil\n|\n|upkeep\n|turn|18\n|\n|t:|1788631384\n|cant|p2a: Snorlax|slp\n|cant|p1a: Exeggutor|par\n|\n|upkeep\n|turn|19\n|inactive|LNumbers has 90 seconds left.\n|\n|t:|1788631390\n|switch|p2a: Alakazam|Alakazam|100/100 par\n|cant|p1a: Exeggutor|par\n|\n|upkeep\n|turn|20\n|inactive|LNumbers has 90 seconds left.\n|\n|t:|1788631407\n|switch|p1a: Snorlax|Snorlax|100/100\n|move|p2a: Alakazam|Psychic|p1a: Snorlax\n|-crit|p1a: Snorlax\n|-damage|p1a: Snorlax|34/100\n|\n|upkeep\n|turn|21\n|inactive|LNumbers has 90 seconds left.\n|inactive|LNumbers has 60 seconds left.\n|inactive|Serpi has 270 seconds left.\n|inactive|LNumbers has 30 seconds left.\n|inactive|LNumbers has 20 seconds left.\n|inactive|LNumbers has 15 seconds left.\n|\n|t:|1788631490\n|switch|p2a: Snorlax|Snorlax|82/100 slp\n|move|p1a: Snorlax|Self-Destruct|p2a: Snorlax\n|-damage|p2a: Snorlax|0 fnt\n|faint|p2a: Snorlax\n|faint|p1a: Snorlax\n|inactive|LNumbers has 20 seconds left this turn.\n|inactive|LNumbers has 15 seconds left.\n|inactive|LNumbers has 10 seconds left.\n|inactive|LNumbers has 5 seconds left.\n|\n|t:|1788631515\n|switch|p2a: Alakazam|Alakazam|100/100 par\n|switch|p1a: Alakazam|Alakazam|86/100 par\n|turn|22\n|inactive|LNumbers has 15 seconds left this turn.\n|\n|t:|1788631521\n|cant|p2a: Alakazam|par\n|move|p1a: Alakazam|Seismic Toss|p2a: Alakazam\n|-damage|p2a: Alakazam|69/100 par\n|\n|upkeep\n|turn|23\n|inactive|LNumbers has 25 seconds left this turn.\n|inactive|LNumbers has 20 seconds left.\n|\n|t:|1788631526\n|cant|p2a: Alakazam|par\n|move|p1a: Alakazam|Seismic Toss|p2a: Alakazam\n|-damage|p2a: Alakazam|37/100 par\n|\n|upkeep\n|turn|24\n|inactive|LNumbers has 30 seconds left this turn.\n|\n|t:|1788631531\n|move|p1a: Alakazam|Seismic Toss|p2a: Alakazam\n|-damage|p2a: Alakazam|5/100 par\n|move|p2a: Alakazam|Recover|p2a: Alakazam\n|-heal|p2a: Alakazam|54/100 par\n|\n|upkeep\n|turn|25\n|\n|t:|1788631534\n|move|p2a: Alakazam|Recover|p2a: Alakazam\n|-heal|p2a: Alakazam|100/100 par\n|move|p1a: Alakazam|Seismic Toss|p2a: Alakazam\n|-damage|p2a: Alakazam|69/100 par\n|\n|upkeep\n|turn|26\n|\n|t:|1788631538\n|move|p1a: Alakazam|Psychic|p2a: Alakazam\n|-resisted|p2a: Alakazam\n|-damage|p2a: Alakazam|52/100 par\n|move|p2a: Alakazam|Seismic Toss|p1a: Alakazam\n|-damage|p1a: Alakazam|54/100 par\n|\n|upkeep\n|turn|27\n|\n|t:|1788631540\n|move|p2a: Alakazam|Recover|p2a: Alakazam\n|-heal|p2a: Alakazam|100/100 par\n|move|p1a: Alakazam|Recover|p1a: Alakazam\n|-heal|p1a: Alakazam|100/100 par\n|\n|upkeep\n|turn|28\n|\n|t:|1788631544\n|move|p2a: Alakazam|Seismic Toss|p1a: Alakazam\n|-damage|p1a: Alakazam|69/100 par\n|cant|p1a: Alakazam|par\n|\n|upkeep\n|turn|29\n|\n|t:|1788631551\n|move|p2a: Alakazam|Seismic Toss|p1a: Alakazam\n|-damage|p1a: Alakazam|37/100 par\n|move|p1a: Alakazam|Seismic Toss|p2a: Alakazam\n|-damage|p2a: Alakazam|69/100 par\n|\n|upkeep\n|turn|30\n|inactive|LNumbers has 60 seconds left.\n|\n|t:|1788631578\n|switch|p2a: Tauros|Tauros|100/100\n|move|p1a: Alakazam|Recover|p1a: Alakazam\n|-heal|p1a: Alakazam|86/100 par\n|\n|upkeep\n|turn|31\n|inactive|LNumbers has 60 seconds left.\n|inactive|LNumbers has 30 seconds left.\n|\n|t:|1788631631\n|move|p2a: Tauros|Hyper Beam|p1a: Alakazam\n|-damage|p1a: Alakazam|0 fnt\n|faint|p1a: Alakazam\n|\n|t:|1788631636\n|switch|p1a: Starmie|Starmie|100/100\n|turn|32\n|inactive|LNumbers has 30 seconds left.\n|\n|t:|1788631654\n|switch|p2a: Starmie|Starmie|100/100\n|move|p1a: Starmie|Surf|p2a: Starmie\n|-crit|p2a: Starmie\n|-resisted|p2a: Starmie\n|-damage|p2a: Starmie|66/100\n|\n|upkeep\n|turn|33\n|inactive|LNumbers has 30 seconds left.\n|inactive|Serpi has 270 seconds left.\n|inactive|LNumbers has 20 seconds left.\n|inactive|LNumbers has 15 seconds left.\n|inactive|Serpi has 240 seconds left.\n|\n|t:|1788631716\n|switch|p1a: Exeggutor|Exeggutor|82/100 par\n|move|p2a: Starmie|Thunder Wave|p1a: Exeggutor\n|-fail|p1a: Exeggutor|par\n|\n|upkeep\n|turn|34\n|inactive|LNumbers has 25 seconds left this turn.\n|inactive|LNumbers has 20 seconds left.\n|inactive|LNumbers has 15 seconds left.\n|inactive|LNumbers has 10 seconds left.\n|\n|t:|1788631732\n|switch|p2a: Alakazam|Alakazam|69/100 par\n|cant|p1a: Exeggutor|par\n|\n|upkeep\n|turn|35\n|inactive|LNumbers has 20 seconds left this turn.\n|inactive|LNumbers has 15 seconds left.\n|\n|t:|1788631738\n|cant|p2a: Alakazam|par\n|move|p1a: Exeggutor|Psychic|p2a: Alakazam\n|-resisted|p2a: Alakazam\n|-damage|p2a: Alakazam|53/100 par\n|\n|upkeep\n|turn|36\n|inactive|LNumbers has 25 seconds left this turn.\n|\n|t:|1788631741\n|move|p2a: Alakazam|Recover|p2a: Alakazam\n|-heal|p2a: Alakazam|100/100 par\n|move|p1a: Exeggutor|Psychic|p2a: Alakazam\n|-resisted|p2a: Alakazam\n|-damage|p2a: Alakazam|85/100 par\n|\n|upkeep\n|turn|37\n|\n|t:|1788631751\n|move|p2a: Alakazam|Seismic Toss|p1a: Exeggutor\n|-damage|p1a: Exeggutor|56/100 par\n|cant|p1a: Exeggutor|par\n|\n|upkeep\n|turn|38\n|inactive|LNumbers has 30 seconds left.\n|\n|t:|1788631773\n|switch|p1a: Lapras|Lapras|31/100\n|move|p2a: Alakazam|Seismic Toss|p1a: Lapras\n|-damage|p1a: Lapras|9/100\n|\n|upkeep\n|turn|39\n|inactive|LNumbers has 30 seconds left.\n|\n|t:|1788631785\n|switch|p2a: Lapras|Lapras|94/100\n|move|p1a: Lapras|Blizzard|p2a: Lapras\n|-resisted|p2a: Lapras\n|-damage|p2a: Lapras|86/100\n|\n|upkeep\n|turn|40\n|inactive|LNumbers has 30 seconds left.\n|\n|t:|1788631802\n|move|p2a: Lapras|Body Slam|p1a: Lapras\n|-damage|p1a: Lapras|0 fnt\n|faint|p1a: Lapras\n|\n|t:|1788631805\n|switch|p1a: Starmie|Starmie|100/100\n|turn|41\n|inactive|Serpi has 270 seconds left.\n|inactive|LNumbers has 30 seconds left.\n|\n|t:|1788631819\n|switch|p2a: Alakazam|Alakazam|85/100 par\n|move|p1a: Starmie|Surf|p2a: Alakazam\n|-damage|p2a: Alakazam|58/100 par\n|\n|upkeep\n|turn|42\n|inactive|Serpi has 270 seconds left.\n|inactive|LNumbers has 30 seconds left.\n|inactive|LNumbers has 20 seconds left.\n|\n|t:|1788631841\n|move|p1a: Starmie|Surf|p2a: Alakazam\n|-damage|p2a: Alakazam|31/100 par\n|move|p2a: Alakazam|Thunder Wave|p1a: Starmie\n|-status|p1a: Starmie|par\n|\n|upkeep\n|turn|43\n|inactive|LNumbers has 30 seconds left this turn.\n|\n|t:|1788631849\n|move|p2a: Alakazam|Recover|p2a: Alakazam\n|-heal|p2a: Alakazam|80/100 par\n|cant|p1a: Starmie|par\n|\n|upkeep\n|turn|44\n|\n|t:|1788631853\n|move|p2a: Alakazam|Seismic Toss|p1a: Starmie\n|-damage|p1a: Starmie|70/100 par\n|move|p1a: Starmie|Surf|p2a: Alakazam\n|-damage|p2a: Alakazam|51/100 par\n|\n|upkeep\n|turn|45\n|\n|t:|1788631859\n|cant|p2a: Alakazam|par\n|move|p1a: Starmie|Recover|p1a: Starmie\n|-heal|p1a: Starmie|100/100 par\n|\n|upkeep\n|turn|46\n|\n|t:|1788631862\n|move|p2a: Alakazam|Recover|p2a: Alakazam\n|-heal|p2a: Alakazam|100/100 par\n|move|p1a: Starmie|Surf|p2a: Alakazam\n|-damage|p2a: Alakazam|70/100 par\n|\n|upkeep\n|turn|47\n|\n|t:|1788631864\n|move|p2a: Alakazam|Seismic Toss|p1a: Starmie\n|-damage|p1a: Starmie|70/100 par\n|move|p1a: Starmie|Surf|p2a: Alakazam\n|-damage|p2a: Alakazam|39/100 par\n|\n|upkeep\n|turn|48\n|\n|t:|1788631866\n|move|p2a: Alakazam|Recover|p2a: Alakazam\n|-heal|p2a: Alakazam|89/100 par\n|move|p1a: Starmie|Recover|p1a: Starmie\n|-heal|p1a: Starmie|100/100 par\n|\n|upkeep\n|turn|49\n|\n|t:|1788631874\n|move|p2a: Alakazam|Seismic Toss|p1a: Starmie\n|-damage|p1a: Starmie|70/100 par\n|cant|p1a: Starmie|par\n|\n|upkeep\n|turn|50\n|inactive|LNumbers has 90 seconds left.\n|\n|t:|1788631883\n|move|p2a: Alakazam|Seismic Toss|p1a: Starmie\n|-damage|p1a: Starmie|39/100 par\n|move|p1a: Starmie|Recover|p1a: Starmie\n|-heal|p1a: Starmie|88/100 par\n|\n|upkeep\n|turn|51\n|\n|t:|1788631890\n|move|p2a: Alakazam|Seismic Toss|p1a: Starmie\n|-damage|p1a: Starmie|57/100 par\n|cant|p1a: Starmie|par\n|\n|upkeep\n|turn|52\n|inactive|LNumbers has 90 seconds left.\n|\n|t:|1788631910\n|cant|p2a: Alakazam|par\n|move|p1a: Starmie|Recover|p1a: Starmie\n|-heal|p1a: Starmie|100/100 par\n|\n|upkeep\n|turn|53\n|\n|t:|1788631912\n|move|p2a: Alakazam|Seismic Toss|p1a: Starmie\n|-damage|p1a: Starmie|70/100 par\n|move|p1a: Starmie|Surf|p2a: Alakazam\n|-crit|p2a: Alakazam\n|-damage|p2a: Alakazam|34/100 par\n|\n|upkeep\n|turn|54\n|\n|t:|1788631917\n|move|p2a: Alakazam|Recover|p2a: Alakazam\n|-heal|p2a: Alakazam|84/100 par\n|move|p1a: Starmie|Surf|p2a: Alakazam\n|-damage|p2a: Alakazam|54/100 par\n|\n|upkeep\n|turn|55\n|\n|t:|1788631925\n|move|p2a: Alakazam|Seismic Toss|p1a: Starmie\n|-damage|p1a: Starmie|39/100 par\n|move|p1a: Starmie|Surf|p2a: Alakazam\n|-damage|p2a: Alakazam|24/100 par\n|\n|upkeep\n|turn|56\n|\n|t:|1788631929\n|cant|p2a: Alakazam|par\n|cant|p1a: Starmie|par\n|\n|upkeep\n|turn|57\n|\n|t:|1788631933\n|move|p2a: Alakazam|Recover|p2a: Alakazam\n|-heal|p2a: Alakazam|74/100 par\n|cant|p1a: Starmie|par\n|\n|upkeep\n|turn|58\n|\n|t:|1788631939\n|move|p2a: Alakazam|Psychic|p1a: Starmie\n|-resisted|p1a: Starmie\n|-damage|p1a: Starmie|17/100 par\n|move|p1a: Starmie|Recover|p1a: Starmie\n|-heal|p1a: Starmie|67/100 par\n|\n|upkeep\n|turn|59\n|\n|t:|1788631944\n|move|p2a: Alakazam|Recover|p2a: Alakazam\n|-heal|p2a: Alakazam|100/100 par\n|move|p1a: Starmie|Recover|p1a: Starmie\n|-heal|p1a: Starmie|100/100 par\n|\n|upkeep\n|turn|60\n|\n|t:|1788631947\n|move|p2a: Alakazam|Seismic Toss|p1a: Starmie\n|-damage|p1a: Starmie|70/100 par\n|move|p1a: Starmie|Surf|p2a: Alakazam\n|-damage|p2a: Alakazam|71/100 par\n|\n|upkeep\n|turn|61\n|\n|t:|1788631951\n|cant|p2a: Alakazam|par\n|move|p1a: Starmie|Recover|p1a: Starmie\n|-heal|p1a: Starmie|100/100 par\n|\n|upkeep\n|turn|62\n|\n|t:|1788631954\n|move|p2a: Alakazam|Seismic Toss|p1a: Starmie\n|-damage|p1a: Starmie|70/100 par\n|move|p1a: Starmie|Surf|p2a: Alakazam\n|-crit|p2a: Alakazam\n|-damage|p2a: Alakazam|13/100 par\n|\n|upkeep\n|turn|63\n|\n|t:|1788631961\n|cant|p2a: Alakazam|par\n|cant|p1a: Starmie|par\n|\n|upkeep\n|turn|64\n|\n|t:|1788631965\n|move|p2a: Alakazam|Recover|p2a: Alakazam\n|-heal|p2a: Alakazam|63/100 par\n|move|p1a: Starmie|Surf|p2a: Alakazam\n|-damage|p2a: Alakazam|34/100 par\n|\n|upkeep\n|turn|65\n|\n|t:|1788631972\n|move|p2a: Alakazam|Recover|p2a: Alakazam\n|-heal|p2a: Alakazam|84/100 par\n|move|p1a: Starmie|Surf|p2a: Alakazam\n|-damage|p2a: Alakazam|53/100 par\n|\n|upkeep\n|turn|66\n|\n|t:|1788631977\n|move|p2a: Alakazam|Seismic Toss|p1a: Starmie\n|-damage|p1a: Starmie|39/100 par\n|move|p1a: Starmie|Surf|p2a: Alakazam\n|-damage|p2a: Alakazam|25/100 par\n|\n|upkeep\n|turn|67\n|\n|t:|1788631981\n|move|p2a: Alakazam|Recover|p2a: Alakazam\n|-heal|p2a: Alakazam|75/100 par\n|move|p1a: Starmie|Recover|p1a: Starmie\n|-heal|p1a: Starmie|88/100 par\n|\n|upkeep\n|turn|68\n|\n|t:|1788631983\n|move|p2a: Alakazam|Seismic Toss|p1a: Starmie\n|-damage|p1a: Starmie|57/100 par\n|move|p1a: Starmie|Surf|p2a: Alakazam\n|-damage|p2a: Alakazam|48/100 par\n|\n|upkeep\n|turn|69\n|\n|t:|1788631986\n|move|p2a: Alakazam|Recover|p2a: Alakazam\n|-heal|p2a: Alakazam|98/100 par\n|move|p1a: Starmie|Recover|p1a: Starmie\n|-heal|p1a: Starmie|100/100 par\n|\n|upkeep\n|turn|70\n|\n|t:|1788631989\n|cant|p2a: Alakazam|par\n|move|p1a: Starmie|Surf|p2a: Alakazam\n|-damage|p2a: Alakazam|69/100 par\n|\n|upkeep\n|turn|71\n|\n|t:|1788631992\n|move|p2a: Alakazam|Seismic Toss|p1a: Starmie\n|-damage|p1a: Starmie|70/100 par\n|move|p1a: Starmie|Surf|p2a: Alakazam\n|-crit|p2a: Alakazam\n|-damage|p2a: Alakazam|11/100 par\n|\n|upkeep\n|turn|72\n|\n|t:|1788632001\n|move|p2a: Alakazam|Seismic Toss|p1a: Starmie\n|-damage|p1a: Starmie|39/100 par\n|cant|p1a: Starmie|par\n|\n|upkeep\n|turn|73\n|\n|t:|1788632005\n|move|p2a: Alakazam|Recover|p2a: Alakazam\n|-heal|p2a: Alakazam|61/100 par\n|move|p1a: Starmie|Recover|p1a: Starmie\n|-heal|p1a: Starmie|88/100 par\n|\n|upkeep\n|turn|74\n|\n|t:|1788632009\n|move|p2a: Alakazam|Seismic Toss|p1a: Starmie\n|-damage|p1a: Starmie|57/100 par\n|move|p1a: Starmie|Surf|p2a: Alakazam\n|-damage|p2a: Alakazam|31/100 par\n|\n|upkeep\n|turn|75\n|\n|t:|1788632013\n|cant|p2a: Alakazam|par\n|move|p1a: Starmie|Recover|p1a: Starmie\n|-heal|p1a: Starmie|100/100 par\n|\n|upkeep\n|turn|76\n|\n|t:|1788632018\n|switch|p1a: Tauros|Tauros|100/100\n|move|p2a: Alakazam|Recover|p2a: Alakazam\n|-heal|p2a: Alakazam|80/100 par\n|\n|upkeep\n|turn|77\n|inactive|LNumbers has 270 seconds left.\n|inactive|Serpi has 270 seconds left.\n|inactive|LNumbers has 240 seconds left.\n|inactive|Serpi has 240 seconds left.\n|inactive|LNumbers has 210 seconds left.\n|\n|t:|1788632124\n|switch|p2a: Starmie|Starmie|66/100\n|move|p1a: Tauros|Body Slam|p2a: Starmie\n|-damage|p2a: Starmie|35/100\n|\n|upkeep\n|turn|78\n|inactive|LNumbers has 180 seconds left.\n|inactive|LNumbers has 150 seconds left.\n|\n|t:|1788632184\n|move|p2a: Starmie|Recover|p2a: Starmie\n|-heal|p2a: Starmie|85/100\n|move|p1a: Tauros|Body Slam|p2a: Starmie\n|-damage|p2a: Starmie|52/100\n|\n|upkeep\n|turn|79\n|inactive|LNumbers has 150 seconds left.\n|\n|t:|1788632203\n|move|p2a: Starmie|Thunder Wave|p1a: Tauros\n|-status|p1a: Tauros|par\n|cant|p1a: Tauros|par\n|\n|upkeep\n|turn|80\n|inactive|LNumbers has 150 seconds left.\n|\n|t:|1788632212\n|switch|p1a: Exeggutor|Exeggutor|56/100 par\n|move|p2a: Starmie|Recover|p2a: Starmie\n|-heal|p2a: Starmie|100/100\n|\n|upkeep\n|turn|81\n|inactive|LNumbers has 150 seconds left.\n|\n|t:|1788632230\n|switch|p2a: Alakazam|Alakazam|80/100 par\n|switch|p1a: Tauros|Tauros|100/100 par\n|\n|upkeep\n|turn|82\n|\n|t:|1788632238\n|switch|p2a: Starmie|Starmie|100/100\n|move|p1a: Tauros|Body Slam|p2a: Starmie\n|-crit|p2a: Starmie\n|-damage|p2a: Starmie|34/100\n|\n|upkeep\n|turn|83\n|\n|t:|1788632245\n|move|p2a: Starmie|Surf|p1a: Tauros\n|-crit|p1a: Tauros\n|-damage|p1a: Tauros|20/100 par\n|cant|p1a: Tauros|par\n|\n|upkeep\n|turn|84\n|\n|t:|1788632252\n|switch|p1a: Exeggutor|Exeggutor|56/100 par\n|move|p2a: Starmie|Surf|p1a: Exeggutor\n|-crit|p1a: Exeggutor\n|-resisted|p1a: Exeggutor\n|-damage|p1a: Exeggutor|32/100 par\n|\n|upkeep\n|turn|85\n|inactive|Serpi has 240 seconds left.\n|\n|t:|1788632292\n|switch|p2a: Alakazam|Alakazam|80/100 par\n|move|p1a: Exeggutor|Sleep Powder|p2a: Alakazam\n|-fail|p2a: Alakazam\n|\n|upkeep\n|turn|86\n|inactive|LNumbers has 180 seconds left.\n|\n|t:|1788632309\n|move|p2a: Alakazam|Seismic Toss|p1a: Exeggutor\n|-damage|p1a: Exeggutor|7/100 par\n|move|p1a: Exeggutor|Explosion|p2a: Alakazam\n|-damage|p2a: Alakazam|0 fnt\n|faint|p2a: Alakazam\n|faint|p1a: Exeggutor\n|\n|t:|1788632323\n|switch|p2a: Starmie|Starmie|34/100\n|switch|p1a: Starmie|Starmie|100/100 par\n|turn|87\n|\n|t:|1788632327\n|move|p2a: Starmie|Thunderbolt|p1a: Starmie\n|-supereffective|p1a: Starmie\n|-damage|p1a: Starmie|52/100 par\n|move|p1a: Starmie|Thunder Wave|p2a: Starmie\n|-status|p2a: Starmie|par\n|\n|upkeep\n|turn|88\n|\n|t:|1788632332\n|move|p1a: Starmie|Recover|p1a: Starmie\n|-heal|p1a: Starmie|100/100 par\n|move|p2a: Starmie|Thunderbolt|p1a: Starmie\n|-crit|p1a: Starmie\n|-supereffective|p1a: Starmie\n|-damage|p1a: Starmie|11/100 par\n|\n|upkeep\n|turn|89\n|\n|t:|1788632336\n|switch|p2a: Tauros|Tauros|100/100\n|move|p1a: Starmie|Recover|p1a: Starmie\n|-heal|p1a: Starmie|61/100 par\n|\n|upkeep\n|turn|90\n|\n|t:|1788632341\n|move|p2a: Tauros|Hyper Beam|p1a: Starmie\n|-damage|p1a: Starmie|0 fnt\n|faint|p1a: Starmie\n|\n|t:|1788632344\n|switch|p1a: Tauros|Tauros|20/100 par\n|turn|91\n|c|☆Serpi|ggs\n|\n|t:|1788632347\n|move|p2a: Tauros|Body Slam|p1a: Tauros\n|-damage|p1a: Tauros|0 fnt\n|faint|p1a: Tauros\n|\n|win|LNumbers\n|c|☆LNumbers|ggs\n|player|p1|\n","uploadtime":1788632347,"views":"112","formatid":"gen1ou","rating":null,"private":2,"password":null}