{"id":"smogtours-gen1ou-823979","format":"[Gen 1] OU","players":["spies rby","keeping it icy"],"log":"|inactive|Battle timer is ON: inactive players will automatically lose when time's up.\n|t:|1741489397\n|gametype|singles\n|player|p1|spies rby|unknown|\n|player|p2|keeping it icy|#splxviclassiest2|\n|teamsize|p1|6\n|teamsize|p2|6\n|gen|1\n|tier|[Gen 1] OU\n|rule|Desync Clause Mod: Desyncs changed to move failure.\n|rule|Sleep Clause Mod: Limit one foe put to sleep\n|rule|Freeze Clause Mod: Limit one foe frozen\n|rule|Species Clause: Limit one of each Pokémon\n|rule|OHKO Clause: OHKO moves are banned\n|rule|Evasion Moves Clause: Evasion moves are banned\n|rule|Endless Battle Clause: Forcing endless battles is banned\n|rule|HP Percentage Mod: HP is shown in percentages\n|\n|t:|1741489397\n|start\n|switch|p1a: Starmie|Starmie|100/100\n|switch|p2a: starry biscuit|Starmie|100/100\n|turn|1\n|c|☆spies rby|glhf\n|c|☆keeping it icy|u2\n|inactive|spies rby has 270 seconds left.\n|inactive|keeping it icy has 270 seconds left.\n|inactive|spies rby has 240 seconds left.\n|inactive|keeping it icy has 240 seconds left.\n|\n|t:|1741489471\n|switch|p1a: Chansey|Chansey|100/100\n|switch|p2a: starry bucket|Chansey|100/100\n|\n|upkeep\n|turn|2\n|\n|t:|1741489478\n|move|p1a: Chansey|Sing|p2a: starry bucket|[miss]\n|-miss|p1a: Chansey\n|move|p2a: starry bucket|Sing|p1a: Chansey\n|-status|p1a: Chansey|slp|[from] move: Sing\n|\n|upkeep\n|turn|3\n|inactive|keeping it icy has 270 seconds left.\n|inactive|spies rby has 270 seconds left.\n|inactive|keeping it icy has 240 seconds left.\n|\n|t:|1741489539\n|cant|p1a: Chansey|slp\n|move|p2a: starry bucket|Seismic Toss|p1a: Chansey\n|-damage|p1a: Chansey|86/100 slp\n|\n|upkeep\n|turn|4\n|inactive|keeping it icy has 240 seconds left.\n|inactive|spies rby has 240 seconds left.\n|inactive|keeping it icy has 210 seconds left.\n|inactive|spies rby has 210 seconds left.\n|inactive|keeping it icy has 180 seconds left.\n|\n|t:|1741489619\n|switch|p2a: starry budget|Tauros|100/100\n|cant|p1a: Chansey|slp\n|\n|upkeep\n|turn|5\n|\n|t:|1741489643\n|switch|p1a: Gengar|Gengar|100/100\n|move|p2a: starry budget|Body Slam|p1a: Gengar\n|-immune|p1a: Gengar\n|\n|upkeep\n|turn|6\n|inactive|keeping it icy has 180 seconds left.\n|inactive|spies rby has 180 seconds left.\n|inactive|keeping it icy has 150 seconds left.\n|inactive|keeping it icy has 120 seconds left.\n|\n|t:|1741489734\n|switch|p1a: Exeggutor|Exeggutor|100/100\n|move|p2a: starry budget|Earthquake|p1a: Exeggutor\n|-resisted|p1a: Exeggutor\n|-damage|p1a: Exeggutor|90/100\n|\n|upkeep\n|turn|7\n|inactive|spies rby has 180 seconds left.\n|\n|t:|1741489750\n|switch|p2a: starry biscuit|Starmie|100/100\n|move|p1a: Exeggutor|Sleep Powder|p2a: starry biscuit\n|-status|p2a: starry biscuit|slp|[from] move: Sleep Powder\n|\n|upkeep\n|turn|8\n|rated|Smogon Premier League\n|inactive|keeping it icy has 90 seconds left.\n|\n|t:|1741489777\n|switch|p2a: starry bucket|Chansey|100/100\n|switch|p1a: Starmie|Starmie|100/100\n|\n|upkeep\n|turn|9\n|inactive|spies rby has 180 seconds left.\n|\n|t:|1741489796\n|move|p1a: Starmie|Thunder Wave|p2a: starry bucket\n|-status|p2a: starry bucket|par\n|move|p2a: starry bucket|Thunder Wave|p1a: Starmie\n|-status|p1a: Starmie|par\n|\n|upkeep\n|turn|10\n|inactive|spies rby has 180 seconds left.\n|\n|t:|1741489810\n|move|p1a: Starmie|Surf|p2a: starry bucket\n|-damage|p2a: starry bucket|84/100 par\n|move|p2a: starry bucket|Seismic Toss|p1a: Starmie\n|-damage|p1a: Starmie|70/100 par\n|\n|upkeep\n|turn|11\n|\n|t:|1741489816\n|move|p1a: Starmie|Recover|p1a: Starmie\n|-heal|p1a: Starmie|100/100 par\n|move|p2a: starry bucket|Seismic Toss|p1a: Starmie\n|-damage|p1a: Starmie|70/100 par\n|\n|upkeep\n|turn|12\n|inactive|keeping it icy has 90 seconds left.\n|\n|t:|1741489823\n|cant|p1a: Starmie|par\n|move|p2a: starry bucket|Seismic Toss|p1a: Starmie\n|-damage|p1a: Starmie|39/100 par\n|\n|upkeep\n|turn|13\n|inactive|keeping it icy has 90 seconds left.\n|\n|t:|1741489854\n|move|p1a: Starmie|Recover|p1a: Starmie\n|-heal|p1a: Starmie|88/100 par\n|move|p2a: starry bucket|Seismic Toss|p1a: Starmie\n|-damage|p1a: Starmie|57/100 par\n|\n|upkeep\n|turn|14\n|inactive|keeping it icy has 60 seconds left.\n|inactive|keeping it icy has 30 seconds left.\n|\n|t:|1741489911\n|move|p1a: Starmie|Recover|p1a: Starmie\n|-heal|p1a: Starmie|100/100 par\n|move|p2a: starry bucket|Seismic Toss|p1a: Starmie\n|-damage|p1a: Starmie|70/100 par\n|\n|upkeep\n|turn|15\n|inactive|keeping it icy has 30 seconds left.\n|\n|t:|1741489923\n|move|p1a: Starmie|Recover|p1a: Starmie\n|-heal|p1a: Starmie|100/100 par\n|move|p2a: starry bucket|Seismic Toss|p1a: Starmie\n|-damage|p1a: Starmie|70/100 par\n|\n|upkeep\n|turn|16\n|inactive|keeping it icy has 30 seconds left.\n|\n|t:|1741489937\n|cant|p1a: Starmie|par\n|move|p2a: starry bucket|Seismic Toss|p1a: Starmie\n|-damage|p1a: Starmie|39/100 par\n|\n|upkeep\n|turn|17\n|inactive|keeping it icy has 30 seconds left.\n|\n|t:|1741489951\n|cant|p1a: Starmie|par\n|move|p2a: starry bucket|Seismic Toss|p1a: Starmie\n|-damage|p1a: Starmie|8/100 par\n|\n|upkeep\n|turn|18\n|inactive|keeping it icy has 30 seconds left.\n|inactive|keeping it icy has 20 seconds left.\n|inactive|keeping it icy has 15 seconds left.\n|\n|t:|1741489977\n|switch|p2a: starry bonnet|Zapdos|100/100\n|move|p1a: Starmie|Recover|p1a: Starmie\n|-heal|p1a: Starmie|57/100 par\n|\n|upkeep\n|turn|19\n|inactive|keeping it icy has 25 seconds left this turn.\n|inactive|keeping it icy has 20 seconds left.\n|inactive|spies rby has 240 seconds left.\n|inactive|spies rby has 210 seconds left.\n|\n|t:|1741490032\n|switch|p1a: Exeggutor|Exeggutor|90/100\n|move|p2a: starry bonnet|Thunderbolt|p1a: Exeggutor\n|-crit|p1a: Exeggutor\n|-resisted|p1a: Exeggutor\n|-damage|p1a: Exeggutor|62/100\n|\n|upkeep\n|turn|20\n|inactive|keeping it icy has 30 seconds left this turn.\n|inactive|keeping it icy has 20 seconds left.\n|inactive|keeping it icy has 15 seconds left.\n|inactive|keeping it icy has 10 seconds left.\n|inactive|keeping it icy has 5 seconds left.\n|\n|t:|1741490058\n|switch|p2a: starry bucket|Chansey|84/100 par\n|switch|p1a: Snorlax|Snorlax|100/100\n|\n|upkeep\n|turn|21\n|inactive|keeping it icy has 15 seconds left this turn.\n|inactive|spies rby has 210 seconds left.\n|inactive|keeping it icy has 10 seconds left.\n|\n|t:|1741490066\n|switch|p2a: starry blanket|Snorlax|100/100\n|move|p1a: Snorlax|Body Slam|p2a: starry blanket\n|-damage|p2a: starry blanket|72/100\n|\n|upkeep\n|turn|22\n|inactive|keeping it icy has 20 seconds left this turn.\n|inactive|keeping it icy has 15 seconds left.\n|\n|t:|1741490074\n|move|p2a: starry blanket|Reflect|p2a: starry blanket\n|-start|p2a: starry blanket|Reflect\n|move|p1a: Snorlax|Reflect|p1a: Snorlax\n|-start|p1a: Snorlax|Reflect\n|\n|upkeep\n|turn|23\n|inactive|keeping it icy has 25 seconds left this turn.\n|\n|t:|1741490080\n|move|p2a: starry blanket|Ice Beam|p1a: Snorlax\n|-damage|p1a: Snorlax|87/100\n|move|p1a: Snorlax|Body Slam|p2a: starry blanket\n|-damage|p2a: starry blanket|60/100\n|\n|upkeep\n|turn|24\n|inactive|keeping it icy has 30 seconds left.\n|\n|t:|1741490086\n|switch|p1a: Gengar|Gengar|100/100\n|move|p2a: starry blanket|Ice Beam|p1a: Gengar\n|-damage|p1a: Gengar|85/100\n|\n|upkeep\n|turn|25\n|inactive|keeping it icy has 30 seconds left.\n|\n|t:|1741490099\n|switch|p2a: starry bucket|Chansey|84/100 par\n|move|p1a: Gengar|Psychic|p2a: starry bucket\n|-damage|p2a: starry bucket|73/100 par\n|\n|upkeep\n|turn|26\n|inactive|keeping it icy has 30 seconds left.\n|\n|t:|1741490116\n|switch|p1a: Starmie|Starmie|57/100 par\n|move|p2a: starry bucket|Thunder Wave|p1a: Starmie\n|-fail|p1a: Starmie|par\n|\n|upkeep\n|turn|27\n|inactive|keeping it icy has 30 seconds left.\n|\n|t:|1741490123\n|cant|p1a: Starmie|par\n|cant|p2a: starry bucket|par\n|\n|upkeep\n|turn|28\n|\n|t:|1741490126\n|move|p1a: Starmie|Recover|p1a: Starmie\n|-heal|p1a: Starmie|100/100 par\n|cant|p2a: starry bucket|par\n|\n|upkeep\n|turn|29\n|inactive|spies rby has 240 seconds left.\n|inactive|spies rby has 210 seconds left.\n|\n|t:|1741490203\n|switch|p1a: Snorlax|Snorlax|87/100\n|cant|p2a: starry bucket|par\n|\n|upkeep\n|turn|30\n|inactive|keeping it icy has 30 seconds left.\n|inactive|spies rby has 180 seconds left.\n|inactive|keeping it icy has 20 seconds left.\n|inactive|keeping it icy has 15 seconds left.\n|\n|t:|1741490243\n|switch|p2a: starry blanket|Snorlax|60/100\n|move|p1a: Snorlax|Hyper Beam|p2a: starry blanket\n|-damage|p2a: starry blanket|15/100\n|-mustrecharge|p1a: Snorlax\n|\n|upkeep\n|turn|31\n|inactive|keeping it icy has 25 seconds left this turn.\n|inactive|keeping it icy has 20 seconds left.\n|inactive|keeping it icy has 15 seconds left.\n|\n|t:|1741490254\n|cant|p1a: Snorlax|recharge\n|move|p2a: starry blanket|Rest|p2a: starry blanket\n|-status|p2a: starry blanket|slp|[from] move: Rest\n|-heal|p2a: starry blanket|100/100 slp|[silent]\n|\n|upkeep\n|turn|32\n|inactive|keeping it icy has 25 seconds left this turn.\n|inactive|keeping it icy has 20 seconds left.\n|inactive|keeping it icy has 15 seconds left.\n|inactive|keeping it icy has 10 seconds left.\n|\n|t:|1741490271\n|switch|p2a: starry basket|Exeggutor|100/100\n|move|p1a: Snorlax|Body Slam|p2a: starry basket\n|-damage|p2a: starry basket|68/100\n|-status|p2a: starry basket|par\n|\n|upkeep\n|turn|33\n|inactive|keeping it icy has 20 seconds left this turn.\n|inactive|keeping it icy has 15 seconds left.\n|inactive|keeping it icy has 10 seconds left.\n|\n|t:|1741490286\n|move|p1a: Snorlax|Body Slam|p2a: starry basket\n|-damage|p2a: starry basket|38/100 par\n|move|p2a: starry basket|Psychic|p1a: Snorlax\n|-damage|p1a: Snorlax|56/100\n|\n|upkeep\n|turn|34\n|inactive|keeping it icy has 20 seconds left this turn.\n|inactive|keeping it icy has 15 seconds left.\n|inactive|keeping it icy has 10 seconds left.\n|\n|t:|1741490301\n|switch|p2a: starry blanket|Snorlax|100/100 slp\n|move|p1a: Snorlax|Hyper Beam|p2a: starry blanket|[miss]\n|-miss|p1a: Snorlax\n|\n|upkeep\n|turn|35\n|inactive|keeping it icy has 20 seconds left this turn.\n|\n|t:|1741490306\n|cant|p2a: starry blanket|slp\n|move|p1a: Snorlax|Body Slam|p2a: starry blanket\n|-damage|p2a: starry blanket|72/100 slp\n|\n|upkeep\n|turn|36\n|inactive|keeping it icy has 30 seconds left this turn.\n|\n|t:|1741490308\n|-curestatus|p2a: starry blanket|slp|[msg]\n|move|p1a: Snorlax|Body Slam|p2a: starry blanket\n|-damage|p2a: starry blanket|47/100\n|\n|upkeep\n|turn|37\n|inactive|keeping it icy has 30 seconds left.\n|\n|t:|1741490319\n|switch|p1a: Gengar|Gengar|85/100\n|move|p2a: starry blanket|Reflect|p2a: starry blanket\n|-start|p2a: starry blanket|Reflect\n|\n|upkeep\n|turn|38\n|inactive|keeping it icy has 30 seconds left.\n|inactive|keeping it icy has 20 seconds left.\n|inactive|keeping it icy has 15 seconds left.\n|inactive|spies rby has 210 seconds left.\n|inactive|keeping it icy has 10 seconds left.\n|\n|t:|1741490375\n|move|p1a: Gengar|Psychic|p2a: starry blanket\n|-damage|p2a: starry blanket|27/100\n|-unboost|p2a: starry blanket|spa|1\n|-unboost|p2a: starry blanket|spd|1\n|move|p2a: starry blanket|Rest|p2a: starry blanket\n|-status|p2a: starry blanket|slp|[from] move: Rest\n|-heal|p2a: starry blanket|100/100 slp|[silent]\n|\n|upkeep\n|turn|39\n|inactive|keeping it icy has 20 seconds left this turn.\n|inactive|keeping it icy has 15 seconds left.\n|inactive|keeping it icy has 10 seconds left.\n|\n|t:|1741490387\n|switch|p2a: starry bucket|Chansey|73/100 par\n|move|p1a: Gengar|Psychic|p2a: starry bucket\n|-crit|p2a: starry bucket\n|-damage|p2a: starry bucket|49/100 par\n|-unboost|p2a: starry bucket|spa|1\n|-unboost|p2a: starry bucket|spd|1\n|\n|upkeep\n|turn|40\n|inactive|keeping it icy has 20 seconds left this turn.\n|inactive|keeping it icy has 15 seconds left.\n|inactive|keeping it icy has 10 seconds left.\n|inactive|spies rby has 180 seconds left.\n|inactive|spies rby has 150 seconds left.\n|\n|t:|1741490445\n|switch|p1a: Starmie|Starmie|100/100 par\n|cant|p2a: starry bucket|par\n|\n|upkeep\n|turn|41\n|inactive|keeping it icy has 20 seconds left this turn.\n|\n|t:|1741490449\n|cant|p1a: Starmie|par\n|move|p2a: starry bucket|Soft-Boiled|p2a: starry bucket\n|-heal|p2a: starry bucket|99/100 par\n|\n|upkeep\n|turn|42\n|inactive|keeping it icy has 30 seconds left this turn.\n|\n|t:|1741490453\n|move|p1a: Starmie|Surf|p2a: starry bucket\n|-damage|p2a: starry bucket|75/100 par\n|move|p2a: starry bucket|Seismic Toss|p1a: Starmie\n|-damage|p1a: Starmie|70/100 par\n|\n|upkeep\n|turn|43\n|inactive|keeping it icy has 30 seconds left.\n|\n|t:|1741490473\n|cant|p1a: Starmie|par\n|cant|p2a: starry bucket|par\n|\n|upkeep\n|turn|44\n|\n|t:|1741490477\n|move|p1a: Starmie|Recover|p1a: Starmie\n|-heal|p1a: Starmie|100/100 par\n|cant|p2a: starry bucket|par\n|\n|upkeep\n|turn|45\n|\n|t:|1741490485\n|switch|p1a: Snorlax|Snorlax|56/100\n|cant|p2a: starry bucket|par\n|\n|upkeep\n|turn|46\n|inactive|keeping it icy has 30 seconds left.\n|inactive|keeping it icy has 20 seconds left.\n|inactive|keeping it icy has 15 seconds left.\n|inactive|keeping it icy has 10 seconds left.\n|\n|t:|1741490528\n|switch|p2a: starry blanket|Snorlax|100/100 slp\n|move|p1a: Snorlax|Body Slam|p2a: starry blanket\n|-damage|p2a: starry blanket|74/100 slp\n|\n|upkeep\n|turn|47\n|inactive|keeping it icy has 20 seconds left this turn.\n|inactive|keeping it icy has 15 seconds left.\n|\n|t:|1741490536\n|move|p1a: Snorlax|Body Slam|p2a: starry blanket\n|-damage|p2a: starry blanket|48/100 slp\n|cant|p2a: starry blanket|slp\n|\n|upkeep\n|turn|48\n|inactive|keeping it icy has 25 seconds left this turn.\n|inactive|keeping it icy has 20 seconds left.\n|\n|t:|1741490542\n|-curestatus|p2a: starry blanket|slp|[msg]\n|move|p1a: Snorlax|Body Slam|p2a: starry blanket\n|-damage|p2a: starry blanket|19/100\n|\n|upkeep\n|turn|49\n|inactive|keeping it icy has 30 seconds left this turn.\n|inactive|keeping it icy has 20 seconds left.\n|inactive|spies rby has 210 seconds left.\n|inactive|keeping it icy has 15 seconds left.\n|inactive|keeping it icy has 10 seconds left.\n|inactive|keeping it icy has 5 seconds left.\n|\n|t:|1741490568\n|move|p1a: Snorlax|Hyper Beam|p2a: starry blanket\n|-damage|p2a: starry blanket|0 fnt\n|faint|p2a: starry blanket\n|inactive|keeping it icy has 10 seconds left this turn.\n|inactive|keeping it icy has 5 seconds left.\n|\n|t:|1741490575\n|switch|p2a: starry budget|Tauros|100/100\n|turn|50\n|inactive|keeping it icy has 15 seconds left this turn.\n|inactive|spies rby has 210 seconds left.\n|inactive|spies rby has 180 seconds left.\n|inactive|spies rby has 150 seconds left.\n|\n|t:|1741490659\n|switch|p1a: Chansey|Chansey|86/100 slp\n|move|p2a: starry budget|Body Slam|p1a: Chansey\n|-damage|p1a: Chansey|47/100 slp\n|\n|upkeep\n|turn|51\n|inactive|keeping it icy has 25 seconds left this turn.\n|inactive|keeping it icy has 20 seconds left.\n|\n|t:|1741490666\n|move|p2a: starry budget|Body Slam|p1a: Chansey\n|-damage|p1a: Chansey|6/100 slp\n|cant|p1a: Chansey|slp\n|\n|upkeep\n|turn|52\n|inactive|keeping it icy has 30 seconds left this turn.\n|inactive|keeping it icy has 20 seconds left.\n|inactive|spies rby has 150 seconds left.\n|\n|t:|1741490690\n|move|p2a: starry budget|Earthquake|p1a: Chansey\n|-crit|p1a: Chansey\n|-damage|p1a: Chansey|0 fnt\n|faint|p1a: Chansey\n|inactive|keeping it icy has 25 seconds left this turn.\n|\n|t:|1741490692\n|switch|p1a: Starmie|Starmie|100/100 par\n|turn|53\n|inactive|keeping it icy has 30 seconds left.\n|\n|t:|1741490705\n|move|p2a: starry budget|Body Slam|p1a: Starmie\n|-crit|p1a: Starmie\n|-damage|p1a: Starmie|30/100 par\n|move|p1a: Starmie|Surf|p2a: starry budget\n|-crit|p2a: starry budget\n|-damage|p2a: starry budget|23/100\n|\n|upkeep\n|turn|54\n|inactive|keeping it icy has 30 seconds left.\n|inactive|keeping it icy has 20 seconds left.\n|inactive|spies rby has 150 seconds left.\n|inactive|spies rby has 120 seconds left.\n|\n|t:|1741490772\n|switch|p1a: Gengar|Gengar|85/100\n|move|p2a: starry budget|Body Slam|p1a: Gengar\n|-immune|p1a: Gengar\n|\n|upkeep\n|turn|55\n|inactive|keeping it icy has 30 seconds left this turn.\n|inactive|keeping it icy has 20 seconds left.\n|inactive|keeping it icy has 15 seconds left.\n|inactive|keeping it icy has 10 seconds left.\n|\n|t:|1741490793\n|move|p1a: Gengar|Psychic|p2a: starry budget\n|-damage|p2a: starry budget|0 fnt\n|faint|p2a: starry budget\n|inactive|keeping it icy has 15 seconds left this turn.\n|inactive|keeping it icy has 10 seconds left.\n|\n|t:|1741490800\n|switch|p2a: starry basket|Exeggutor|38/100 par\n|turn|56\n|inactive|keeping it icy has 20 seconds left this turn.\n|inactive|spies rby has 120 seconds left.\n|\n|t:|1741490816\n|switch|p1a: Starmie|Starmie|30/100 par\n|move|p2a: starry basket|Rest|p2a: starry basket\n|-status|p2a: starry basket|slp|[from] move: Rest\n|-heal|p2a: starry basket|100/100 slp|[silent]\n|\n|upkeep\n|turn|57\n|inactive|keeping it icy has 30 seconds left this turn.\n|inactive|spies rby has 120 seconds left.\n|inactive|spies rby has 90 seconds left.\n|\n|t:|1741490868\n|cant|p1a: Starmie|par\n|cant|p2a: starry basket|slp\n|\n|upkeep\n|turn|58\n|\n|t:|1741490876\n|switch|p2a: starry bonnet|Zapdos|100/100\n|move|p1a: Starmie|Recover|p1a: Starmie\n|-heal|p1a: Starmie|80/100 par\n|\n|upkeep\n|turn|59\n|\n|t:|1741490883\n|switch|p1a: Gengar|Gengar|85/100\n|move|p2a: starry bonnet|Thunderbolt|p1a: Gengar\n|-damage|p1a: Gengar|53/100\n|\n|upkeep\n|turn|60\n|inactive|spies rby has 90 seconds left.\n|\n|t:|1741490908\n|switch|p2a: starry bucket|Chansey|75/100 par\n|move|p1a: Gengar|Explosion|p2a: starry bucket\n|-damage|p2a: starry bucket|0 fnt\n|faint|p2a: starry bucket\n|faint|p1a: Gengar\n|inactive|spies rby has 90 seconds left.\n|inactive|keeping it icy has 30 seconds left.\n|inactive|keeping it icy has 20 seconds left.\n|inactive|keeping it icy has 15 seconds left.\n|\n|t:|1741490941\n|switch|p1a: Tauros|Tauros|100/100\n|switch|p2a: starry bonnet|Zapdos|100/100\n|turn|61\n|inactive|keeping it icy has 25 seconds left this turn.\n|inactive|keeping it icy has 20 seconds left.\n|inactive|keeping it icy has 15 seconds left.\n|\n|t:|1741490952\n|move|p1a: Tauros|Body Slam|p2a: starry bonnet\n|-damage|p2a: starry bonnet|69/100\n|move|p2a: starry bonnet|Thunder Wave|p1a: Tauros\n|-status|p1a: Tauros|par\n|\n|upkeep\n|turn|62\n|inactive|keeping it icy has 25 seconds left this turn.\n|inactive|keeping it icy has 20 seconds left.\n|inactive|keeping it icy has 15 seconds left.\n|inactive|keeping it icy has 10 seconds left.\n|\n|t:|1741490971\n|move|p2a: starry bonnet|Thunderbolt|p1a: Tauros\n|-damage|p1a: Tauros|53/100 par\n|cant|p1a: Tauros|par\n|\n|upkeep\n|turn|63\n|inactive|keeping it icy has 20 seconds left this turn.\n|inactive|keeping it icy has 15 seconds left.\n|\n|t:|1741490981\n|move|p2a: starry bonnet|Thunderbolt|p1a: Tauros\n|-damage|p1a: Tauros|4/100 par\n|cant|p1a: Tauros|par\n|\n|upkeep\n|turn|64\n|inactive|keeping it icy has 25 seconds left this turn.\n|\n|t:|1741490988\n|move|p2a: starry bonnet|Thunderbolt|p1a: Tauros\n|-damage|p1a: Tauros|0 fnt\n|faint|p1a: Tauros\n|inactive|keeping it icy has 30 seconds left this turn.\n|\n|t:|1741490995\n|switch|p1a: Snorlax|Snorlax|56/100\n|turn|65\n|inactive|keeping it icy has 30 seconds left.\n|inactive|keeping it icy has 20 seconds left.\n|\n|t:|1741491020\n|move|p2a: starry bonnet|Thunderbolt|p1a: Snorlax\n|-damage|p1a: Snorlax|26/100\n|move|p1a: Snorlax|Body Slam|p2a: starry bonnet\n|-damage|p2a: starry bonnet|38/100\n|\n|upkeep\n|turn|66\n|inactive|keeping it icy has 30 seconds left this turn.\n|\n|t:|1741491025\n|move|p2a: starry bonnet|Thunderbolt|p1a: Snorlax\n|-damage|p1a: Snorlax|0 fnt\n|faint|p1a: Snorlax\n|inactive|keeping it icy has 30 seconds left this turn.\n|\n|t:|1741491027\n|switch|p1a: Exeggutor|Exeggutor|62/100\n|turn|67\n|inactive|keeping it icy has 30 seconds left.\n|inactive|keeping it icy has 20 seconds left.\n|inactive|keeping it icy has 15 seconds left.\n|\n|t:|1741491054\n|move|p2a: starry bonnet|Drill Peck|p1a: Exeggutor\n|-supereffective|p1a: Exeggutor\n|-damage|p1a: Exeggutor|14/100\n|move|p1a: Exeggutor|Stun Spore|p2a: starry bonnet\n|-status|p2a: starry bonnet|par\n|\n|upkeep\n|turn|68\n|inactive|keeping it icy has 25 seconds left this turn.\n|inactive|spies rby has 120 seconds left.\n|inactive|keeping it icy has 20 seconds left.\n|inactive|keeping it icy has 15 seconds left.\n|\n|t:|1741491067\n|move|p1a: Exeggutor|Psychic|p2a: starry bonnet\n|-damage|p2a: starry bonnet|11/100 par\n|move|p2a: starry bonnet|Thunderbolt|p1a: Exeggutor\n|-resisted|p1a: Exeggutor\n|-damage|p1a: Exeggutor|0 fnt\n|faint|p1a: Exeggutor\n|inactive|keeping it icy has 20 seconds left this turn.\n|\n|t:|1741491071\n|switch|p1a: Starmie|Starmie|80/100 par\n|turn|69\n|inactive|keeping it icy has 30 seconds left this turn.\n|inactive|keeping it icy has 20 seconds left.\n|inactive|keeping it icy has 15 seconds left.\n|inactive|keeping it icy has 10 seconds left.\n|\n|t:|1741491092\n|switch|p2a: starry basket|Exeggutor|100/100 slp\n|move|p1a: Starmie|Surf|p2a: starry basket\n|-resisted|p2a: starry basket\n|-damage|p2a: starry basket|89/100 slp\n|\n|upkeep\n|turn|70\n|inactive|keeping it icy has 20 seconds left this turn.\n|\n|t:|1741491096\n|-curestatus|p2a: starry basket|slp|[msg]\n|move|p1a: Starmie|Surf|p2a: starry basket\n|-resisted|p2a: starry basket\n|-damage|p2a: starry basket|76/100\n|\n|upkeep\n|turn|71\n|inactive|keeping it icy has 30 seconds left this turn.\n|\n|t:|1741491099\n|move|p2a: starry basket|Psychic|p1a: Starmie\n|-resisted|p1a: Starmie\n|-damage|p1a: Starmie|61/100 par\n|cant|p1a: Starmie|par\n|\n|upkeep\n|turn|72\n|\n|t:|1741491104\n|move|p2a: starry basket|Explosion|p1a: Starmie\n|-damage|p1a: Starmie|0 fnt\n|faint|p1a: Starmie\n|faint|p2a: starry basket\n|\n|win|keeping it icy\n|c|☆spies rby|gg\n|c|☆keeping it icy|gg\n|player|p1|\n","uploadtime":1741491104,"views":"1532","formatid":"gen1ou","rating":null,"private":0,"password":null}