{"id":"smogtours-gen1ou-949918","format":"[Gen 1] OU","players":["Soda Krys","TG2513"],"log":"|inactive|Battle timer is ON: inactive players will automatically lose when time's up.\n|t:|1782330482\n|gametype|singles\n|player|p1|Soda Krys|lass-gen1rb|\n|player|p2|TG2513|brycenman|\n|gen|1\n|tier|[Gen 1] OU\n|rule|Desync Clause Mod: Desyncs changed to move failure.\n|rule|HP Percentage Mod: HP is shown in percentages\n|rule|Endless Battle Clause: Forcing endless battles is banned\n|rule|Sleep Clause Mod: Limit one foe put to sleep\n|rule|Freeze Clause Mod: Limit one foe frozen\n|rule|Species Clause: Limit one of each Pokémon\n|rule|OHKO Clause: OHKO moves are banned\n|rule|Evasion Moves Clause: Evasion moves are banned\n|\n|t:|1782330482\n|teamsize|p1|6\n|teamsize|p2|6\n|start\n|switch|p1a: Mamoru Chiba|Gengar|100/100\n|switch|p2a: Jynx|Jynx|100/100\n|turn|1\n|inactive|Soda Krys also wants the timer to be on.\n|c|☆TG2513|HF\n|\n|t:|1782330498\n|move|p1a: Mamoru Chiba|Hypnosis|p2a: Jynx|[miss]\n|-miss|p1a: Mamoru Chiba\n|move|p2a: Jynx|Lovely Kiss|p1a: Mamoru Chiba|[miss]\n|-miss|p2a: Jynx\n|\n|upkeep\n|turn|2\n|\n|t:|1782330503\n|move|p1a: Mamoru Chiba|Hypnosis|p2a: Jynx\n|-status|p2a: Jynx|slp|[from] move: Hypnosis\n|cant|p2a: Jynx|slp\n|\n|upkeep\n|turn|3\n|\n|t:|1782330507\n|switch|p1a: Makoto Kino|Zapdos|100/100\n|cant|p2a: Jynx|slp\n|\n|upkeep\n|turn|4\n|\n|t:|1782330512\n|switch|p2a: Rhydon|Rhydon|100/100\n|move|p1a: Makoto Kino|Thunder Wave|p2a: Rhydon\n|-immune|p2a: Rhydon\n|\n|upkeep\n|turn|5\n|c|☆Soda Krys|DON\n|\n|t:|1782330517\n|switch|p1a: Usagi Tsukino|Exeggutor|100/100\n|switch|p2a: Exeggutor|Exeggutor|100/100\n|\n|upkeep\n|turn|6\n|\n|t:|1782330525\n|switch|p1a: Mamoru Chiba|Gengar|100/100\n|move|p2a: Exeggutor|Sleep Powder|p1a: Mamoru Chiba\n|-status|p1a: Mamoru Chiba|slp|[from] move: Sleep Powder\n|\n|upkeep\n|turn|7\n|\n|t:|1782330530\n|switch|p1a: Usagi Tsukino|Exeggutor|100/100\n|move|p2a: Exeggutor|Psychic|p1a: Usagi Tsukino\n|-resisted|p1a: Usagi Tsukino\n|-damage|p1a: Usagi Tsukino|87/100\n|\n|upkeep\n|turn|8\n|\n|t:|1782330534\n|move|p2a: Exeggutor|Stun Spore|p1a: Usagi Tsukino\n|-status|p1a: Usagi Tsukino|par\n|cant|p1a: Usagi Tsukino|par\n|\n|upkeep\n|turn|9\n|\n|t:|1782330539\n|switch|p2a: Chansey|Chansey|100/100\n|move|p1a: Usagi Tsukino|Stun Spore|p2a: Chansey\n|-status|p2a: Chansey|par\n|\n|upkeep\n|turn|10\n|inactive|Soda Krys has 270 seconds left.\n|\n|t:|1782330580\n|move|p1a: Usagi Tsukino|Psychic|p2a: Chansey\n|-damage|p2a: Chansey|82/100 par\n|move|p2a: Chansey|Seismic Toss|p1a: Usagi Tsukino\n|-damage|p1a: Usagi Tsukino|61/100 par\n|\n|upkeep\n|turn|11\n|\n|t:|1782330585\n|switch|p1a: Minako Aino|Chansey|100/100\n|switch|p2a: Exeggutor|Exeggutor|100/100\n|\n|upkeep\n|turn|12\n|\n|t:|1782330589\n|move|p2a: Exeggutor|Stun Spore|p1a: Minako Aino\n|-status|p1a: Minako Aino|par\n|move|p1a: Minako Aino|Thunder Wave|p2a: Exeggutor\n|-status|p2a: Exeggutor|par\n|\n|upkeep\n|turn|13\n|\n|t:|1782330595\n|switch|p1a: Usagi Tsukino|Exeggutor|61/100 par\n|cant|p2a: Exeggutor|par\n|\n|upkeep\n|turn|14\n|\n|t:|1782330600\n|move|p1a: Usagi Tsukino|Psychic|p2a: Exeggutor\n|-resisted|p2a: Exeggutor\n|-damage|p2a: Exeggutor|88/100 par\n|move|p2a: Exeggutor|Psychic|p1a: Usagi Tsukino\n|-resisted|p1a: Usagi Tsukino\n|-damage|p1a: Usagi Tsukino|49/100 par\n|\n|upkeep\n|turn|15\n|\n|t:|1782330604\n|move|p1a: Usagi Tsukino|Rest|p1a: Usagi Tsukino\n|-status|p1a: Usagi Tsukino|slp|[from] move: Rest\n|-heal|p1a: Usagi Tsukino|100/100 slp|[silent]\n|move|p2a: Exeggutor|Psychic|p1a: Usagi Tsukino\n|-crit|p1a: Usagi Tsukino\n|-resisted|p1a: Usagi Tsukino\n|-damage|p1a: Usagi Tsukino|74/100 slp\n|\n|upkeep\n|turn|16\n|\n|t:|1782330618\n|switch|p2a: Chansey|Chansey|82/100 par\n|cant|p1a: Usagi Tsukino|slp\n|\n|upkeep\n|turn|17\n|\n|t:|1782330624\n|-curestatus|p1a: Usagi Tsukino|slp|[msg]\n|move|p2a: Chansey|Thunder Wave|p1a: Usagi Tsukino\n|-status|p1a: Usagi Tsukino|par\n|\n|upkeep\n|turn|18\n|\n|t:|1782330627\n|switch|p1a: Mamoru Chiba|Gengar|100/100 slp\n|move|p2a: Chansey|Seismic Toss|p1a: Mamoru Chiba\n|-damage|p1a: Mamoru Chiba|70/100 slp\n|\n|upkeep\n|turn|19\n|\n|t:|1782330629\n|cant|p1a: Mamoru Chiba|slp\n|move|p2a: Chansey|Seismic Toss|p1a: Mamoru Chiba\n|-damage|p1a: Mamoru Chiba|39/100 slp\n|\n|upkeep\n|turn|20\n|\n|t:|1782330634\n|switch|p1a: Makoto Kino|Zapdos|100/100\n|move|p2a: Chansey|Seismic Toss|p1a: Makoto Kino\n|-damage|p1a: Makoto Kino|74/100\n|\n|upkeep\n|turn|21\n|\n|t:|1782330636\n|switch|p1a: Rei Hino|Kingler|100/100\n|move|p2a: Chansey|Thunder Wave|p1a: Rei Hino\n|-status|p1a: Rei Hino|par\n|\n|upkeep\n|turn|22\n|c|☆Soda Krys|damn\n|\n|t:|1782330643\n|move|p1a: Rei Hino|Swords Dance|p1a: Rei Hino\n|-boost|p1a: Rei Hino|atk|2\n|move|p2a: Chansey|Thunderbolt|p1a: Rei Hino\n|-supereffective|p1a: Rei Hino\n|-damage|p1a: Rei Hino|24/100 par\n|\n|upkeep\n|turn|23\n|c|☆TG2513|no one expects the bolt toss\n|\n|t:|1782330669\n|switch|p2a: Cloyster|Cloyster|100/100\n|move|p1a: Rei Hino|Crabhammer|p2a: Cloyster\n|-crit|p2a: Cloyster\n|-resisted|p2a: Cloyster\n|-damage|p2a: Cloyster|74/100\n|\n|upkeep\n|turn|24\n|\n|t:|1782330673\n|move|p2a: Cloyster|Blizzard|p1a: Rei Hino\n|-resisted|p1a: Rei Hino\n|-damage|p1a: Rei Hino|0 fnt\n|faint|p1a: Rei Hino\n|\n|t:|1782330675\n|switch|p1a: Makoto Kino|Zapdos|74/100\n|turn|25\n|\n|t:|1782330679\n|switch|p2a: Rhydon|Rhydon|100/100\n|move|p1a: Makoto Kino|Thunderbolt|p2a: Rhydon\n|-immune|p2a: Rhydon\n|\n|upkeep\n|turn|26\n|\n|t:|1782330687\n|switch|p1a: Ami Mizuno|Tauros|100/100\n|move|p2a: Rhydon|Body Slam|p1a: Ami Mizuno\n|-damage|p1a: Ami Mizuno|76/100\n|\n|upkeep\n|turn|27\n|\n|t:|1782330692\n|switch|p2a: Exeggutor|Exeggutor|88/100 par\n|move|p1a: Ami Mizuno|Blizzard|p2a: Exeggutor\n|-supereffective|p2a: Exeggutor\n|-damage|p2a: Exeggutor|52/100 par\n|\n|upkeep\n|turn|28\n|\n|t:|1782330697\n|switch|p1a: Usagi Tsukino|Exeggutor|74/100 par\n|move|p2a: Exeggutor|Psychic|p1a: Usagi Tsukino\n|-resisted|p1a: Usagi Tsukino\n|-damage|p1a: Usagi Tsukino|61/100 par\n|\n|upkeep\n|turn|29\n|\n|t:|1782330699\n|cant|p2a: Exeggutor|par\n|move|p1a: Usagi Tsukino|Psychic|p2a: Exeggutor\n|-resisted|p2a: Exeggutor\n|-damage|p2a: Exeggutor|38/100 par\n|\n|upkeep\n|turn|30\n|\n|t:|1782330705\n|switch|p1a: Mamoru Chiba|Gengar|39/100 slp\n|move|p2a: Exeggutor|Psychic|p1a: Mamoru Chiba\n|-supereffective|p1a: Mamoru Chiba\n|-damage|p1a: Mamoru Chiba|0 fnt\n|faint|p1a: Mamoru Chiba\n|\n|t:|1782330709\n|switch|p1a: Ami Mizuno|Tauros|76/100\n|turn|31\n|\n|t:|1782330719\n|move|p1a: Ami Mizuno|Body Slam|p2a: Exeggutor\n|-damage|p2a: Exeggutor|8/100 par\n|move|p2a: Exeggutor|Stun Spore|p1a: Ami Mizuno\n|-status|p1a: Ami Mizuno|par\n|\n|upkeep\n|turn|32\n|\n|t:|1782330728\n|move|p1a: Ami Mizuno|Body Slam|p2a: Exeggutor\n|-damage|p2a: Exeggutor|0 fnt\n|faint|p2a: Exeggutor\n|c|☆Soda Krys|cant even say i shouldve beamed because that was a pure mindgame turn.\n|c|☆Soda Krys|whatever.\n|c|☆Soda Krys|gg\n|-message|Soda Krys forfeited.\n|\n|win|TG2513\n|c|☆TG2513|oh ok. gg.2-1\n","uploadtime":1782330744,"views":"72","formatid":"gen1ou","rating":null,"private":0,"password":null}