{"id":"smogtours-gen1ou-959270","format":"[Gen 1] OU","players":["LNumbers","squirtlonyourpuffs"],"log":"|inactive|Battle timer is ON: inactive players will automatically lose when time's up.\n|t:|1785088597\n|gametype|singles\n|player|p1|LNumbers|#rbywc2026|\n|player|p2|squirtlonyourpuffs|youngster-gen4dp|\n|gen|1\n|tier|[Gen 1] OU\n|rule|Desync Clause Mod: Desyncs resolve to link battle behavior from the acting player's perspective.\n|rule|HP Percentage Mod: HP is shown in percentages\n|rule|Endless Battle Clause: Forcing endless battles is banned\n|rule|Sleep Clause Mod: Limit one foe put to sleep\n|rule|Freeze Clause Mod: Limit one foe frozen\n|rule|Species Clause: Limit one of each Pokémon\n|rule|OHKO Clause: OHKO moves are banned\n|rule|Evasion Moves Clause: Evasion moves are banned\n|\n|t:|1785088597\n|teamsize|p1|6\n|teamsize|p2|6\n|start\n|switch|p1a: Gengar|Gengar|100/100\n|switch|p2a: Starmie|Starmie|100/100\n|turn|1\n|c|☆LNumbers|hf\n|inactive|LNumbers has 270 seconds left.\n|\n|t:|1785088642\n|switch|p1a: Starmie|Starmie|100/100\n|move|p2a: Starmie|Blizzard|p1a: Starmie\n|-resisted|p1a: Starmie\n|-damage|p1a: Starmie|86/100\n|\n|upkeep\n|turn|2\n|\n|t:|1785088666\n|switch|p1a: Gengar|Gengar|100/100\n|move|p2a: Starmie|Thunderbolt|p1a: Gengar\n|-damage|p1a: Gengar|81/100\n|\n|upkeep\n|turn|3\n|\n|t:|1785088675\n|move|p2a: Starmie|Blizzard|p1a: Gengar\n|-damage|p1a: Gengar|56/100\n|move|p1a: Gengar|Hypnosis|p2a: Starmie|[miss]\n|-miss|p1a: Gengar\n|\n|upkeep\n|turn|4\n|\n|t:|1785088684\n|move|p2a: Starmie|Thunder Wave|p1a: Gengar\n|-status|p1a: Gengar|par\n|move|p1a: Gengar|Hypnosis|p2a: Starmie\n|-status|p2a: Starmie|slp|[from] move: Hypnosis\n|\n|upkeep\n|turn|5\n|inactive|LNumbers has 270 seconds left.\n|inactive|squirtlonyourpuffs has 270 seconds left.\n|\n|t:|1785088728\n|switch|p2a: Exeggutor|Exeggutor|100/100\n|move|p1a: Gengar|Explosion|p2a: Exeggutor\n|-damage|p2a: Exeggutor|46/100\n|faint|p1a: Gengar\n|\n|t:|1785088750\n|switch|p1a: Cloyster|Cloyster|100/100\n|turn|6\n|inactive|LNumbers has 240 seconds left.\n|\n|t:|1785088770\n|switch|p2a: Starmie|Starmie|100/100 slp\n|move|p1a: Cloyster|Blizzard|p2a: Starmie\n|-resisted|p2a: Starmie\n|-damage|p2a: Starmie|82/100 slp\n|\n|upkeep\n|turn|7\n|\n|t:|1785088774\n|switch|p2a: Alakazam|Alakazam|100/100\n|switch|p1a: Tauros|Tauros|100/100\n|\n|upkeep\n|turn|8\n|inactive|LNumbers has 240 seconds left.\n|\n|t:|1785088813\n|switch|p1a: Exeggutor|Exeggutor|100/100\n|move|p2a: Alakazam|Thunder Wave|p1a: Exeggutor\n|-status|p1a: Exeggutor|par\n|\n|upkeep\n|turn|9\n|\n|t:|1785088825\n|move|p2a: Alakazam|Seismic Toss|p1a: Exeggutor\n|-damage|p1a: Exeggutor|75/100 par\n|move|p1a: Exeggutor|Stun Spore|p2a: Alakazam\n|-status|p2a: Alakazam|par\n|\n|upkeep\n|turn|10\n|inactive|LNumbers has 210 seconds left.\n|\n|t:|1785088869\n|switch|p2a: Starmie|Starmie|82/100 slp\n|switch|p1a: Rhydon|Rhydon|100/100\n|\n|upkeep\n|turn|11\n|\n|t:|1785088883\n|switch|p2a: Exeggutor|Exeggutor|46/100\n|move|p1a: Rhydon|Body Slam|p2a: Exeggutor\n|-damage|p2a: Exeggutor|25/100\n|\n|upkeep\n|turn|12\n|\n|t:|1785088898\n|switch|p1a: Exeggutor|Exeggutor|75/100 par\n|move|p2a: Exeggutor|Sleep Powder|p1a: Exeggutor\n|-fail|p1a: Exeggutor\n|\n|upkeep\n|turn|13\n|\n|t:|1785088913\n|switch|p1a: Cloyster|Cloyster|100/100\n|move|p2a: Exeggutor|Explosion|p1a: Cloyster\n|-damage|p1a: Cloyster|46/100\n|faint|p2a: Exeggutor\n|\n|t:|1785088918\n|switch|p2a: Tauros|Tauros|100/100\n|turn|14\n|inactive|LNumbers has 180 seconds left.\n|\n|t:|1785088977\n|move|p2a: Tauros|Body Slam|p1a: Cloyster\n|-damage|p1a: Cloyster|25/100\n|move|p1a: Cloyster|Explosion|p2a: Tauros\n|-damage|p2a: Tauros|20/100\n|faint|p1a: Cloyster\n|inactive|LNumbers has 150 seconds left.\n|\n|t:|1785089003\n|switch|p1a: Tauros|Tauros|100/100\n|turn|15\n|\n|t:|1785089015\n|switch|p2a: Rhydon|Rhydon|100/100\n|move|p1a: Tauros|Body Slam|p2a: Rhydon\n|-resisted|p2a: Rhydon\n|-damage|p2a: Rhydon|89/100\n|\n|upkeep\n|turn|16\n|inactive|LNumbers has 150 seconds left.\n|\n|t:|1785089025\n|move|p1a: Tauros|Blizzard|p2a: Rhydon\n|-crit|p2a: Rhydon\n|-supereffective|p2a: Rhydon\n|-damage|p2a: Rhydon|0 fnt\n|faint|p2a: Rhydon\n|\n|t:|1785089036\n|switch|p2a: Snorlax|Snorlax|100/100\n|turn|17\n|inactive|LNumbers has 150 seconds left.\n|inactive|LNumbers has 120 seconds left.\n|inactive|LNumbers has 90 seconds left.\n|\n|t:|1785089111\n|move|p1a: Tauros|Body Slam|p2a: Snorlax\n|-crit|p2a: Snorlax\n|-damage|p2a: Snorlax|52/100\n|move|p2a: Snorlax|Reflect|p2a: Snorlax\n|-start|p2a: Snorlax|Reflect\n|\n|upkeep\n|turn|18\n|inactive|LNumbers has 90 seconds left.\n|\n|t:|1785089140\n|move|p1a: Tauros|Body Slam|p2a: Snorlax\n|-crit|p2a: Snorlax\n|-damage|p2a: Snorlax|5/100\n|move|p2a: Snorlax|Body Slam|p1a: Tauros\n|-damage|p1a: Tauros|72/100\n|\n|upkeep\n|turn|19\n|\n|t:|1785089146\n|switch|p2a: Starmie|Starmie|82/100 slp\n|move|p1a: Tauros|Body Slam|p2a: Starmie\n|-crit|p2a: Starmie\n|-damage|p2a: Starmie|11/100 slp\n|\n|upkeep\n|turn|20\n|\n|t:|1785089150\n|cant|p2a: Starmie|slp\n|move|p1a: Tauros|Body Slam|p2a: Starmie\n|-damage|p2a: Starmie|0 fnt\n|faint|p2a: Starmie\n|\n|t:|1785089151\n|switch|p2a: Alakazam|Alakazam|100/100 par\n|turn|21\n|\n|t:|1785089162\n|switch|p1a: Exeggutor|Exeggutor|75/100 par\n|move|p2a: Alakazam|Psychic|p1a: Exeggutor\n|-resisted|p1a: Exeggutor\n|-damage|p1a: Exeggutor|62/100 par\n|\n|upkeep\n|turn|22\n|\n|t:|1785089168\n|switch|p2a: Snorlax|Snorlax|5/100\n|move|p1a: Exeggutor|Explosion|p2a: Snorlax\n|-damage|p2a: Snorlax|0 fnt\n|faint|p2a: Snorlax\n|faint|p1a: Exeggutor\n|inactive|LNumbers has 90 seconds left.\n|\n|t:|1785089224\n|switch|p2a: Tauros|Tauros|20/100\n|switch|p1a: Tauros|Tauros|72/100\n|turn|23\n|\n|t:|1785089229\n|move|p1a: Tauros|Body Slam|p2a: Tauros\n|-damage|p2a: Tauros|0 fnt\n|faint|p2a: Tauros\n|\n|t:|1785089231\n|switch|p2a: Alakazam|Alakazam|100/100 par\n|turn|24\n|\n|t:|1785089245\n|switch|p1a: Starmie|Starmie|86/100\n|move|p2a: Alakazam|Thunder Wave|p1a: Starmie\n|-status|p1a: Starmie|par\n|\n|upkeep\n|turn|25\n|\n|t:|1785089251\n|move|p2a: Alakazam|Psychic|p1a: Starmie\n|-resisted|p1a: Starmie\n|-damage|p1a: Starmie|67/100 par\n|-unboost|p1a: Starmie|spa|1\n|-unboost|p1a: Starmie|spd|1\n|cant|p1a: Starmie|par\n|\n|upkeep\n|turn|26\n|\n|t:|1785089256\n|move|p2a: Alakazam|Psychic|p1a: Starmie\n|-resisted|p1a: Starmie\n|-damage|p1a: Starmie|39/100 par\n|cant|p1a: Starmie|par\n|\n|upkeep\n|turn|27\n|\n|t:|1785089261\n|move|p2a: Alakazam|Psychic|p1a: Starmie\n|-crit|p1a: Starmie\n|-resisted|p1a: Starmie\n|-damage|p1a: Starmie|0 fnt\n|faint|p1a: Starmie\n|\n|t:|1785089265\n|switch|p1a: Rhydon|Rhydon|100/100\n|turn|28\n|\n|t:|1785089268\n|move|p1a: Rhydon|Earthquake|p2a: Alakazam\n|-damage|p2a: Alakazam|29/100 par\n|move|p2a: Alakazam|Psychic|p1a: Rhydon\n|-damage|p1a: Rhydon|48/100\n|\n|upkeep\n|turn|29\n|\n|t:|1785089271\n|move|p1a: Rhydon|Earthquake|p2a: Alakazam\n|-damage|p2a: Alakazam|0 fnt\n|faint|p2a: Alakazam\n|\n|win|LNumbers\n|c|☆LNumbers|gg\n|c|☆LNumbers|/log LNumbers made the replay of this battle unlisted.\n|player|p1|\n","uploadtime":1785089271,"views":"98","formatid":"gen1ou","rating":null,"private":2,"password":null}