{"id":"smogtours-gen1ou-957297","format":"[Gen 1] OU","players":["Serpi n_n","Unowndragon"],"log":"|inactive|Battle timer is ON: inactive players will automatically lose when time's up.\n|t:|1784455203\n|gametype|singles\n|player|p1|Serpi n_n|#rbywc2023|\n|player|p2|Unowndragon|#uplximelmetal|\n|gen|1\n|tier|[Gen 1] OU\n|rule|Desync Clause Mod: Desyncs resolve to link battle behavior from the acting player's perspective.\n|rule|HP Percentage Mod: HP is shown in percentages\n|rule|Endless Battle Clause: Forcing endless battles is banned\n|rule|Sleep Clause Mod: Limit one foe put to sleep\n|rule|Freeze Clause Mod: Limit one foe frozen\n|rule|Species Clause: Limit one of each Pokémon\n|rule|OHKO Clause: OHKO moves are banned\n|rule|Evasion Moves Clause: Evasion moves are banned\n|\n|t:|1784455203\n|teamsize|p1|6\n|teamsize|p2|6\n|start\n|switch|p1a: Gengar|Gengar|100/100\n|switch|p2a: Gengar|Gengar|100/100\n|turn|1\n|c|☆Serpi n_n|hf\n|c|☆Unowndragon|u2\n|\n|t:|1784455213\n|move|p2a: Gengar|Hypnosis|p1a: Gengar|[miss]\n|-miss|p2a: Gengar\n|move|p1a: Gengar|Psychic|p2a: Gengar\n|-crit|p2a: Gengar\n|-supereffective|p2a: Gengar\n|-damage|p2a: Gengar|18/100\n|\n|upkeep\n|turn|2\n|inactive|Serpi n_n has 270 seconds left.\n|\n|t:|1784455244\n|move|p1a: Gengar|Hypnosis|p2a: Gengar\n|-status|p2a: Gengar|slp|[from] move: Hypnosis\n|cant|p2a: Gengar|slp\n|\n|upkeep\n|turn|3\n|inactive|Serpi n_n has 270 seconds left.\n|\n|t:|1784455266\n|switch|p1a: Alakazam|Alakazam|100/100\n|switch|p2a: Exeggutor|Exeggutor|100/100\n|\n|upkeep\n|turn|4\n|\n|t:|1784455277\n|switch|p1a: Jynx|Jynx|100/100\n|switch|p2a: Chansey|Chansey|100/100\n|\n|upkeep\n|turn|5\n|\n|t:|1784455283\n|move|p1a: Jynx|Blizzard|p2a: Chansey\n|-damage|p2a: Chansey|82/100\n|move|p2a: Chansey|Sing|p1a: Jynx\n|-status|p1a: Jynx|slp|[from] move: Sing\n|\n|upkeep\n|turn|6\n|inactive|Serpi n_n has 270 seconds left.\n|\n|t:|1784455313\n|cant|p1a: Jynx|slp\n|move|p2a: Chansey|Seismic Toss|p1a: Jynx\n|-damage|p1a: Jynx|70/100 slp\n|\n|upkeep\n|turn|7\n|\n|t:|1784455325\n|switch|p1a: Alakazam|Alakazam|100/100\n|move|p2a: Chansey|Thunder Wave|p1a: Alakazam\n|-status|p1a: Alakazam|par\n|\n|upkeep\n|turn|8\n|\n|t:|1784455332\n|move|p2a: Chansey|Seismic Toss|p1a: Alakazam\n|-damage|p1a: Alakazam|69/100 par\n|move|p1a: Alakazam|Thunder Wave|p2a: Chansey\n|-status|p2a: Chansey|par\n|\n|upkeep\n|turn|9\n|\n|t:|1784455346\n|cant|p1a: Alakazam|par\n|move|p2a: Chansey|Seismic Toss|p1a: Alakazam\n|-damage|p1a: Alakazam|37/100 par\n|\n|upkeep\n|turn|10\n|\n|t:|1784455351\n|switch|p2a: Rhydon|Rhydon|100/100\n|move|p1a: Alakazam|Recover|p1a: Alakazam\n|-heal|p1a: Alakazam|86/100 par\n|\n|upkeep\n|turn|11\n|inactive|Serpi n_n has 270 seconds left.\n|\n|t:|1784455364\n|switch|p1a: Cloyster|Cloyster|100/100\n|move|p2a: Rhydon|Earthquake|p1a: Cloyster\n|-crit|p1a: Cloyster\n|-damage|p1a: Cloyster|39/100\n|\n|upkeep\n|turn|12\n|\n|t:|1784455375\n|switch|p2a: Cloyster|Cloyster|100/100\n|move|p1a: Cloyster|Blizzard|p2a: Cloyster\n|-resisted|p2a: Cloyster\n|-damage|p2a: Cloyster|90/100\n|\n|upkeep\n|turn|13\n|\n|t:|1784455381\n|move|p1a: Cloyster|Rest|p1a: Cloyster\n|-status|p1a: Cloyster|slp|[from] move: Rest\n|-heal|p1a: Cloyster|100/100 slp|[silent]\n|move|p2a: Cloyster|Clamp|p1a: Cloyster|[miss]\n|-miss|p2a: Cloyster\n|\n|upkeep\n|turn|14\n|\n|t:|1784455386\n|switch|p2a: Exeggutor|Exeggutor|100/100\n|cant|p1a: Cloyster|slp\n|\n|upkeep\n|turn|15\n|\n|t:|1784455394\n|switch|p1a: Alakazam|Alakazam|86/100 par\n|move|p2a: Exeggutor|Psychic|p1a: Alakazam\n|-resisted|p1a: Alakazam\n|-damage|p1a: Alakazam|70/100 par\n|\n|upkeep\n|turn|16\n|\n|t:|1784455408\n|switch|p2a: Chansey|Chansey|82/100 par\n|move|p1a: Alakazam|Psychic|p2a: Chansey\n|-damage|p2a: Chansey|64/100 par\n|-unboost|p2a: Chansey|spa|1\n|-unboost|p2a: Chansey|spd|1\n|\n|upkeep\n|turn|17\n|\n|t:|1784455420\n|move|p1a: Alakazam|Psychic|p2a: Chansey\n|-damage|p2a: Chansey|36/100 par\n|move|p2a: Chansey|Seismic Toss|p1a: Alakazam\n|-damage|p1a: Alakazam|39/100 par\n|\n|upkeep\n|turn|18\n|\n|t:|1784455426\n|move|p1a: Alakazam|Recover|p1a: Alakazam\n|-heal|p1a: Alakazam|88/100 par\n|move|p2a: Chansey|Soft-Boiled|p2a: Chansey\n|-heal|p2a: Chansey|86/100 par\n|\n|upkeep\n|turn|19\n|\n|t:|1784455431\n|move|p1a: Alakazam|Psychic|p2a: Chansey\n|-damage|p2a: Chansey|59/100 par\n|move|p2a: Chansey|Seismic Toss|p1a: Alakazam\n|-damage|p1a: Alakazam|56/100 par\n|\n|upkeep\n|turn|20\n|\n|t:|1784455439\n|switch|p2a: Rhydon|Rhydon|100/100\n|move|p1a: Alakazam|Recover|p1a: Alakazam\n|-heal|p1a: Alakazam|100/100 par\n|\n|upkeep\n|turn|21\n|\n|t:|1784455454\n|switch|p1a: Cloyster|Cloyster|100/100 slp\n|move|p2a: Rhydon|Rock Slide|p1a: Cloyster\n|-crit|p1a: Cloyster\n|-supereffective|p1a: Cloyster\n|-damage|p1a: Cloyster|18/100 slp\n|\n|upkeep\n|turn|22\n|\n|t:|1784455459\n|-curestatus|p1a: Cloyster|slp|[msg]\n|move|p2a: Rhydon|Earthquake|p1a: Cloyster\n|-damage|p1a: Cloyster|0 fnt\n|faint|p1a: Cloyster\n|\n|t:|1784455463\n|switch|p1a: Tauros|Tauros|100/100\n|turn|23\n|\n|t:|1784455476\n|switch|p2a: Cloyster|Cloyster|90/100\n|move|p1a: Tauros|Thunderbolt|p2a: Cloyster\n|-supereffective|p2a: Cloyster\n|-damage|p2a: Cloyster|43/100\n|\n|upkeep\n|turn|24\n|\n|t:|1784455491\n|switch|p2a: Exeggutor|Exeggutor|100/100\n|move|p1a: Tauros|Body Slam|p2a: Exeggutor\n|-damage|p2a: Exeggutor|72/100\n|\n|upkeep\n|turn|25\n|\n|t:|1784455517\n|switch|p1a: Alakazam|Alakazam|100/100 par\n|move|p2a: Exeggutor|Stun Spore|p1a: Alakazam\n|-fail|p1a: Alakazam|par\n|\n|upkeep\n|turn|26\n|\n|t:|1784455526\n|switch|p2a: Chansey|Chansey|59/100 par\n|move|p1a: Alakazam|Psychic|p2a: Chansey\n|-crit|p2a: Chansey\n|-damage|p2a: Chansey|25/100 par\n|\n|upkeep\n|turn|27\n|\n|t:|1784455531\n|cant|p1a: Alakazam|par\n|move|p2a: Chansey|Soft-Boiled|p2a: Chansey\n|-heal|p2a: Chansey|75/100 par\n|\n|upkeep\n|turn|28\n|\n|t:|1784455536\n|switch|p1a: Snorlax|Snorlax|100/100\n|move|p2a: Chansey|Soft-Boiled|p2a: Chansey\n|-heal|p2a: Chansey|100/100 par\n|\n|upkeep\n|turn|29\n|\n|t:|1784455544\n|move|p1a: Snorlax|Body Slam|p2a: Chansey\n|-damage|p2a: Chansey|61/100 par\n|move|p2a: Chansey|Thunder Wave|p1a: Snorlax\n|-status|p1a: Snorlax|par\n|\n|upkeep\n|turn|30\n|\n|t:|1784455550\n|switch|p2a: Cloyster|Cloyster|43/100\n|move|p1a: Snorlax|Body Slam|p2a: Cloyster\n|-damage|p2a: Cloyster|20/100\n|-status|p2a: Cloyster|par\n|\n|upkeep\n|turn|31\n|\n|t:|1784455561\n|switch|p1a: Gengar|Gengar|100/100\n|move|p2a: Cloyster|Rest|p2a: Cloyster\n|-status|p2a: Cloyster|slp|[from] move: Rest\n|-heal|p2a: Cloyster|100/100 slp|[silent]\n|\n|upkeep\n|turn|32\n|\n|t:|1784455575\n|switch|p2a: Rhydon|Rhydon|100/100\n|move|p1a: Gengar|Psychic|p2a: Rhydon\n|-crit|p2a: Rhydon\n|-damage|p2a: Rhydon|40/100\n|\n|upkeep\n|turn|33\n|\n|t:|1784455593\n|switch|p1a: Jynx|Jynx|70/100 slp\n|move|p2a: Rhydon|Earthquake|p1a: Jynx\n|-damage|p1a: Jynx|0 fnt\n|faint|p1a: Jynx\n|\n|t:|1784455596\n|switch|p1a: Tauros|Tauros|100/100\n|turn|34\n|inactive|Serpi n_n has 270 seconds left.\n|inactive|Unowndragon has 270 seconds left.\n|\n|t:|1784455637\n|switch|p2a: Chansey|Chansey|61/100 par\n|move|p1a: Tauros|Earthquake|p2a: Chansey\n|-damage|p2a: Chansey|32/100 par\n|\n|upkeep\n|turn|35\n|inactive|Unowndragon has 270 seconds left.\n|\n|t:|1784455669\n|switch|p2a: Cloyster|Cloyster|100/100 slp\n|move|p1a: Tauros|Body Slam|p2a: Cloyster\n|-crit|p2a: Cloyster\n|-damage|p2a: Cloyster|57/100 slp\n|\n|upkeep\n|turn|36\n|\n|t:|1784455681\n|move|p1a: Tauros|Body Slam|p2a: Cloyster\n|-damage|p2a: Cloyster|36/100 slp\n|cant|p2a: Cloyster|slp\n|\n|upkeep\n|turn|37\n|inactive|Serpi n_n has 270 seconds left.\n|\n|t:|1784455704\n|switch|p2a: Exeggutor|Exeggutor|72/100\n|move|p1a: Tauros|Body Slam|p2a: Exeggutor\n|-crit|p2a: Exeggutor\n|-damage|p2a: Exeggutor|20/100\n|\n|upkeep\n|turn|38\n|inactive|Unowndragon has 270 seconds left.\n|\n|t:|1784455718\n|switch|p2a: Chansey|Chansey|32/100 par\n|move|p1a: Tauros|Body Slam|p2a: Chansey\n|-damage|p2a: Chansey|0 fnt\n|faint|p2a: Chansey\n|\n|t:|1784455722\n|switch|p2a: Tauros|Tauros|100/100\n|turn|39\n|inactive|Serpi n_n has 270 seconds left.\n|inactive|Serpi n_n has 240 seconds left.\n|\n|t:|1784455778\n|switch|p1a: Gengar|Gengar|100/100\n|move|p2a: Tauros|Blizzard|p1a: Gengar\n|-damage|p1a: Gengar|81/100\n|-status|p1a: Gengar|frz\n|\n|upkeep\n|turn|40\n|inactive|Serpi n_n has 240 seconds left.\n|\n|t:|1784455795\n|move|p2a: Tauros|Body Slam|p1a: Gengar\n|-immune|p1a: Gengar\n|cant|p1a: Gengar|frz\n|\n|upkeep\n|turn|41\n|\n|t:|1784455800\n|switch|p2a: Exeggutor|Exeggutor|20/100\n|cant|p1a: Gengar|frz\n|\n|upkeep\n|turn|42\n|\n|t:|1784455813\n|switch|p1a: Tauros|Tauros|100/100\n|move|p2a: Exeggutor|Psychic|p1a: Tauros\n|-damage|p1a: Tauros|58/100\n|\n|upkeep\n|turn|43\n|\n|t:|1784455819\n|switch|p2a: Gengar|Gengar|18/100 slp\n|move|p1a: Tauros|Body Slam|p2a: Gengar\n|-immune|p2a: Gengar\n|\n|upkeep\n|turn|44\n|\n|t:|1784455823\n|cant|p2a: Gengar|slp\n|move|p1a: Tauros|Earthquake|p2a: Gengar\n|-supereffective|p2a: Gengar\n|-damage|p2a: Gengar|0 fnt\n|faint|p2a: Gengar\n|\n|t:|1784455826\n|switch|p2a: Tauros|Tauros|100/100\n|turn|45\n|inactive|Serpi n_n has 270 seconds left.\n|\n|t:|1784455839\n|switch|p1a: Gengar|Gengar|81/100 frz\n|move|p2a: Tauros|Body Slam|p1a: Gengar\n|-immune|p1a: Gengar\n|\n|upkeep\n|turn|46\n|inactive|Serpi n_n has 270 seconds left.\n|\n|t:|1784455855\n|move|p2a: Tauros|Body Slam|p1a: Gengar\n|-immune|p1a: Gengar\n|cant|p1a: Gengar|frz\n|\n|upkeep\n|turn|47\n|\n|t:|1784455857\n|cant|p1a: Gengar|frz\n|move|p2a: Tauros|Body Slam|p1a: Gengar\n|-immune|p1a: Gengar\n|\n|upkeep\n|turn|48\n|\n|t:|1784455860\n|move|p2a: Tauros|Earthquake|p1a: Gengar\n|-supereffective|p1a: Gengar\n|-damage|p1a: Gengar|17/100 frz\n|cant|p1a: Gengar|frz\n|\n|upkeep\n|turn|49\n|\n|t:|1784455864\n|move|p2a: Tauros|Body Slam|p1a: Gengar\n|-immune|p1a: Gengar\n|cant|p1a: Gengar|frz\n|\n|upkeep\n|turn|50\n|\n|t:|1784455866\n|cant|p1a: Gengar|frz\n|move|p2a: Tauros|Earthquake|p1a: Gengar\n|-crit|p1a: Gengar\n|-supereffective|p1a: Gengar\n|-damage|p1a: Gengar|0 fnt\n|faint|p1a: Gengar\n|\n|t:|1784455867\n|switch|p1a: Snorlax|Snorlax|100/100 par\n|turn|51\n|\n|t:|1784455883\n|switch|p2a: Rhydon|Rhydon|40/100\n|move|p1a: Snorlax|Body Slam|p2a: Rhydon\n|-resisted|p2a: Rhydon\n|-damage|p2a: Rhydon|29/100\n|\n|upkeep\n|turn|52\n|\n|t:|1784455894\n|switch|p1a: Tauros|Tauros|58/100\n|move|p2a: Rhydon|Earthquake|p1a: Tauros\n|-damage|p1a: Tauros|19/100\n|\n|upkeep\n|turn|53\n|\n|t:|1784455906\n|switch|p2a: Cloyster|Cloyster|36/100 slp\n|move|p1a: Tauros|Earthquake|p2a: Cloyster\n|-damage|p2a: Cloyster|19/100 slp\n|\n|upkeep\n|turn|54\n|\n|t:|1784455909\n|move|p1a: Tauros|Body Slam|p2a: Cloyster\n|-damage|p2a: Cloyster|0 fnt\n|faint|p2a: Cloyster\n|\n|t:|1784455912\n|switch|p2a: Tauros|Tauros|100/100\n|turn|55\n|inactive|Serpi n_n has 270 seconds left.\n|\n|t:|1784455962\n|move|p1a: Tauros|Hyper Beam|p2a: Tauros\n|-crit|p2a: Tauros\n|-damage|p2a: Tauros|2/100\n|-mustrecharge|p1a: Tauros\n|move|p2a: Tauros|Body Slam|p1a: Tauros\n|-damage|p1a: Tauros|0 fnt\n|faint|p1a: Tauros\n|\n|t:|1784455968\n|switch|p1a: Snorlax|Snorlax|100/100 par\n|turn|56\n|\n|t:|1784455976\n|move|p2a: Tauros|Hyper Beam|p1a: Snorlax\n|-damage|p1a: Snorlax|58/100 par\n|-mustrecharge|p2a: Tauros\n|move|p1a: Snorlax|Reflect|p1a: Snorlax\n|-start|p1a: Snorlax|Reflect\n|\n|upkeep\n|turn|57\n|inactive|Serpi n_n has 270 seconds left.\n|\n|t:|1784455993\n|cant|p2a: Tauros|recharge\n|move|p1a: Snorlax|Rest|p1a: Snorlax\n|-status|p1a: Snorlax|slp|[from] move: Rest\n|-heal|p1a: Snorlax|100/100 slp|[silent]\n|\n|upkeep\n|turn|58\n|\n|t:|1784455997\n|move|p2a: Tauros|Body Slam|p1a: Snorlax\n|-damage|p1a: Snorlax|87/100 slp\n|cant|p1a: Snorlax|slp\n|\n|upkeep\n|turn|59\n|\n|t:|1784456001\n|move|p2a: Tauros|Body Slam|p1a: Snorlax\n|-damage|p1a: Snorlax|75/100 slp\n|-curestatus|p1a: Snorlax|slp|[msg]\n|\n|upkeep\n|turn|60\n|\n|t:|1784456010\n|move|p2a: Tauros|Blizzard|p1a: Snorlax\n|-damage|p1a: Snorlax|55/100\n|move|p1a: Snorlax|Body Slam|p2a: Tauros\n|-damage|p2a: Tauros|0 fnt\n|faint|p2a: Tauros\n|\n|t:|1784456015\n|switch|p2a: Exeggutor|Exeggutor|20/100\n|turn|61\n|\n|t:|1784456031\n|switch|p2a: Rhydon|Rhydon|29/100\n|switch|p1a: Alakazam|Alakazam|100/100 par\n|\n|upkeep\n|turn|62\n|\n|t:|1784456042\n|move|p2a: Rhydon|Earthquake|p1a: Alakazam\n|-damage|p1a: Alakazam|32/100 par\n|move|p1a: Alakazam|Psychic|p2a: Rhydon\n|-damage|p2a: Rhydon|0 fnt\n|faint|p2a: Rhydon\n|\n|t:|1784456046\n|switch|p2a: Exeggutor|Exeggutor|20/100\n|turn|63\n|\n|t:|1784456052\n|move|p2a: Exeggutor|Hyper Beam|p1a: Alakazam\n|-damage|p1a: Alakazam|0 fnt\n|faint|p1a: Alakazam\n|\n|t:|1784456054\n|switch|p1a: Snorlax|Snorlax|55/100\n|turn|64\n|\n|t:|1784456064\n|move|p2a: Exeggutor|Explosion|p1a: Snorlax\n|-damage|p1a: Snorlax|0 fnt\n|faint|p1a: Snorlax\n|faint|p2a: Exeggutor\n|\n|tie\n|c|☆Serpi n_n|crazy\n|c|☆Serpi n_n|gg\n|c|☆Unowndragon|gg\n","uploadtime":1784456064,"views":"90","formatid":"gen1ou","rating":null,"private":0,"password":null}