{"id":"smogtours-gen1ou-962828","format":"[Gen 1] OU","players":["SOULWIND","sadisticnarwhal"],"log":"|inactive|Battle timer is ON: inactive players will automatically lose when time's up.\n|t:|1786311354\n|gametype|singles\n|player|p1|SOULWIND|#wcop2024spain2|\n|player|p2|sadisticnarwhal|#rcop2023useast|\n|gen|1\n|tier|[Gen 1] OU\n|rule|Desync Clause Mod: Desyncs resolve to link battle behavior from the acting player's perspective.\n|rule|HP Percentage Mod: HP is shown in percentages\n|rule|Endless Battle Clause: Forcing endless battles is banned\n|rule|Sleep Clause Mod: Limit one foe put to sleep\n|rule|Freeze Clause Mod: Limit one foe frozen\n|rule|Species Clause: Limit one of each Pokémon\n|rule|OHKO Clause: OHKO moves are banned\n|rule|Evasion Moves Clause: Evasion moves are banned\n|\n|t:|1786311354\n|teamsize|p1|6\n|teamsize|p2|6\n|start\n|switch|p1a: Gengar|Gengar|100/100\n|switch|p2a: Alakazam|Alakazam|100/100\n|turn|1\n|c|☆SOULWIND|hf\n|inactive|sadisticnarwhal has 270 seconds left.\n|c|☆sadisticnarwhal|u2\n|\n|t:|1786311389\n|switch|p1a: Exeggutor|Exeggutor|100/100\n|move|p2a: Alakazam|Psychic|p1a: Exeggutor\n|-resisted|p1a: Exeggutor\n|-damage|p1a: Exeggutor|87/100\n|-unboost|p1a: Exeggutor|spa|1\n|-unboost|p1a: Exeggutor|spd|1\n|\n|upkeep\n|turn|2\n|\n|t:|1786311404\n|move|p2a: Alakazam|Seismic Toss|p1a: Exeggutor\n|-damage|p1a: Exeggutor|61/100\n|move|p1a: Exeggutor|Sleep Powder|p2a: Alakazam\n|-status|p2a: Alakazam|slp|[from] move: Sleep Powder\n|\n|upkeep\n|turn|3\n|\n|t:|1786311409\n|switch|p1a: Tauros|Tauros|100/100\n|-curestatus|p2a: Alakazam|slp|[msg]\n|\n|upkeep\n|turn|4\n|\n|t:|1786311419\n|switch|p1a: Exeggutor|Exeggutor|61/100\n|move|p2a: Alakazam|Thunder Wave|p1a: Exeggutor\n|-status|p1a: Exeggutor|par\n|\n|upkeep\n|turn|5\n|\n|t:|1786311432\n|move|p2a: Alakazam|Seismic Toss|p1a: Exeggutor\n|-damage|p1a: Exeggutor|36/100 par\n|cant|p1a: Exeggutor|par\n|\n|upkeep\n|turn|6\n|inactive|sadisticnarwhal has 270 seconds left.\n|\n|t:|1786311477\n|move|p2a: Alakazam|Seismic Toss|p1a: Exeggutor\n|-damage|p1a: Exeggutor|10/100 par\n|move|p1a: Exeggutor|Explosion|p2a: Alakazam\n|-damage|p2a: Alakazam|0 fnt\n|faint|p2a: Alakazam\n|faint|p1a: Exeggutor\n|c|☆SOULWIND|/log SOULWIND made the replay of this battle unlisted.\n|\n|t:|1786311488\n|switch|p2a: Tauros|Tauros|100/100\n|switch|p1a: Gengar|Gengar|100/100\n|turn|7\n|\n|t:|1786311503\n|move|p2a: Tauros|Earthquake|p1a: Gengar\n|-supereffective|p1a: Gengar\n|-damage|p1a: Gengar|35/100\n|move|p1a: Gengar|Hypnosis|p2a: Tauros|[miss]\n|-miss|p1a: Gengar\n|\n|upkeep\n|turn|8\n|\n|t:|1786311508\n|move|p2a: Tauros|Earthquake|p1a: Gengar\n|-crit|p1a: Gengar\n|-supereffective|p1a: Gengar\n|-damage|p1a: Gengar|0 fnt\n|faint|p1a: Gengar\n|\n|t:|1786311524\n|switch|p1a: Tauros|Tauros|100/100\n|turn|9\n|\n|t:|1786311537\n|move|p2a: Tauros|Body Slam|p1a: Tauros\n|-damage|p1a: Tauros|71/100\n|move|p1a: Tauros|Body Slam|p2a: Tauros\n|-damage|p2a: Tauros|70/100\n|\n|upkeep\n|turn|10\n|\n|t:|1786311547\n|move|p2a: Tauros|Body Slam|p1a: Tauros\n|-damage|p1a: Tauros|42/100\n|move|p1a: Tauros|Body Slam|p2a: Tauros\n|-damage|p2a: Tauros|41/100\n|\n|upkeep\n|turn|11\n|\n|t:|1786311555\n|switch|p2a: Snorlax|Snorlax|100/100\n|move|p1a: Tauros|Hyper Beam|p2a: Snorlax\n|-damage|p2a: Snorlax|59/100\n|-mustrecharge|p1a: Tauros\n|\n|upkeep\n|turn|12\n|\n|t:|1786311562\n|cant|p1a: Tauros|recharge\n|move|p2a: Snorlax|Counter|p1a: Tauros\n|-damage|p1a: Tauros|0 fnt\n|faint|p1a: Tauros\n|\n|t:|1786311571\n|switch|p1a: Snorlax|Snorlax|100/100\n|turn|13\n|inactive|sadisticnarwhal has 270 seconds left.\n|inactive|sadisticnarwhal has 240 seconds left.\n|inactive|sadisticnarwhal has 210 seconds left.\n|\n|t:|1786311666\n|switch|p2a: Exeggutor|Exeggutor|100/100\n|move|p1a: Snorlax|Body Slam|p2a: Exeggutor\n|-damage|p2a: Exeggutor|69/100\n|-status|p2a: Exeggutor|par\n|\n|upkeep\n|turn|14\n|\n|t:|1786311673\n|move|p1a: Snorlax|Body Slam|p2a: Exeggutor\n|-damage|p2a: Exeggutor|37/100 par\n|move|p2a: Exeggutor|Sleep Powder|p1a: Snorlax\n|-status|p1a: Snorlax|slp|[from] move: Sleep Powder\n|\n|upkeep\n|turn|15\n|\n|t:|1786311679\n|switch|p1a: Starmie|Starmie|100/100\n|move|p2a: Exeggutor|Explosion|p1a: Starmie\n|-damage|p1a: Starmie|13/100\n|faint|p2a: Exeggutor\n|\n|t:|1786311685\n|switch|p2a: Starmie|Starmie|100/100\n|turn|16\n|\n|t:|1786311689\n|move|p2a: Starmie|Thunderbolt|p1a: Starmie\n|-supereffective|p1a: Starmie\n|-damage|p1a: Starmie|0 fnt\n|faint|p1a: Starmie\n|\n|t:|1786311692\n|switch|p1a: Zapdos|Zapdos|100/100\n|turn|17\n|\n|t:|1786311695\n|switch|p2a: Rhydon|Rhydon|100/100\n|move|p1a: Zapdos|Thunder Wave|p2a: Rhydon\n|-immune|p2a: Rhydon\n|\n|upkeep\n|turn|18\n|\n|t:|1786311703\n|switch|p1a: Snorlax|Snorlax|100/100 slp\n|move|p2a: Rhydon|Rock Slide|p1a: Snorlax\n|-damage|p1a: Snorlax|76/100 slp\n|\n|upkeep\n|turn|19\n|\n|t:|1786311706\n|move|p2a: Rhydon|Earthquake|p1a: Snorlax\n|-damage|p1a: Snorlax|43/100 slp\n|cant|p1a: Snorlax|slp\n|\n|upkeep\n|turn|20\n|\n|t:|1786311708\n|move|p2a: Rhydon|Earthquake|p1a: Snorlax\n|-damage|p1a: Snorlax|6/100 slp\n|-curestatus|p1a: Snorlax|slp|[msg]\n|\n|upkeep\n|turn|21\n|\n|t:|1786311712\n|move|p2a: Rhydon|Body Slam|p1a: Snorlax\n|-damage|p1a: Snorlax|0 fnt\n|faint|p1a: Snorlax\n|c|☆SOULWIND|gg\n|-message|SOULWIND forfeited.\n|\n|win|sadisticnarwhal\n|player|p1|\n|c|☆sadisticnarwhal|gg\n|player|p2|\n","uploadtime":1786311715,"views":"49","formatid":"gen1ou","rating":null,"private":2,"password":null}