{"id":"smogtours-gen1ou-909705","format":"[Gen 1] OU","players":["LNumbers","Isza"],"log":"|inactive|Battle timer is ON: inactive players will automatically lose when time's up.\n|t:|1771193187\n|gametype|singles\n|player|p1|LNumbers|#splxviityrants|\n|player|p2|Isza|#wcop2025usnortheast2|\n|gen|1\n|tier|[Gen 1] OU\n|rule|Desync Clause Mod: Desyncs changed to move failure.\n|rule|Sleep Clause Mod: Limit one foe put to sleep\n|rule|Freeze Clause Mod: Limit one foe frozen\n|rule|Species Clause: Limit one of each Pokémon\n|rule|OHKO Clause: OHKO moves are banned\n|rule|Evasion Moves Clause: Evasion moves are banned\n|rule|Endless Battle Clause: Forcing endless battles is banned\n|rule|HP Percentage Mod: HP is shown in percentages\n|\n|t:|1771193187\n|teamsize|p1|6\n|teamsize|p2|6\n|start\n|switch|p1a: Chansey|Chansey|100/100\n|switch|p2a: Jynx|Jynx|100/100\n|turn|1\n|c|☆Isza|hf\n|c|☆LNumbers|hf\n|\n|t:|1771193216\n|move|p2a: Jynx|Lovely Kiss|p1a: Chansey|[miss]\n|-miss|p2a: Jynx\n|move|p1a: Chansey|Thunder Wave|p2a: Jynx\n|-status|p2a: Jynx|par\n|\n|upkeep\n|turn|2\n|\n|t:|1771193236\n|move|p1a: Chansey|Thunderbolt|p2a: Jynx\n|-damage|p2a: Jynx|78/100 par\n|cant|p2a: Jynx|par\n|\n|upkeep\n|turn|3\n|\n|t:|1771193241\n|move|p1a: Chansey|Thunderbolt|p2a: Jynx\n|-damage|p2a: Jynx|54/100 par\n|cant|p2a: Jynx|par\n|\n|upkeep\n|turn|4\n|\n|t:|1771193246\n|move|p1a: Chansey|Thunderbolt|p2a: Jynx\n|-damage|p2a: Jynx|31/100 par\n|move|p2a: Jynx|Rest|p2a: Jynx\n|-status|p2a: Jynx|slp|[from] move: Rest\n|-heal|p2a: Jynx|100/100 slp|[silent]\n|\n|upkeep\n|turn|5\n|\n|t:|1771193252\n|switch|p1a: Tauros|Tauros|100/100\n|switch|p2a: Chansey|Chansey|100/100\n|\n|upkeep\n|turn|6\n|rated|Smogon Premier League\n|\n|t:|1771193258\n|switch|p1a: Chansey|Chansey|100/100\n|move|p2a: Chansey|Sing|p1a: Chansey|[miss]\n|-miss|p2a: Chansey\n|\n|upkeep\n|turn|7\n|\n|t:|1771193278\n|move|p1a: Chansey|Ice Beam|p2a: Chansey\n|-damage|p2a: Chansey|90/100\n|move|p2a: Chansey|Sing|p1a: Chansey\n|-status|p1a: Chansey|slp|[from] move: Sing\n|\n|upkeep\n|turn|8\n|inactive|LNumbers has 270 seconds left.\n|inactive|Isza has 270 seconds left.\n|\n|t:|1771193322\n|switch|p2a: Tauros|Tauros|100/100\n|cant|p1a: Chansey|slp\n|\n|upkeep\n|turn|9\n|\n|t:|1771193325\n|switch|p1a: Snorlax|Snorlax|100/100\n|move|p2a: Tauros|Body Slam|p1a: Snorlax\n|-damage|p1a: Snorlax|75/100\n|\n|upkeep\n|turn|10\n|inactive|Isza has 270 seconds left.\n|inactive|Isza has 240 seconds left.\n|inactive|Isza has 210 seconds left.\n|\n|t:|1771193424\n|move|p2a: Tauros|Body Slam|p1a: Snorlax\n|-damage|p1a: Snorlax|51/100\n|move|p1a: Snorlax|Body Slam|p2a: Tauros\n|-damage|p2a: Tauros|70/100\n|\n|upkeep\n|turn|11\n|inactive|LNumbers has 270 seconds left.\n|inactive|Isza has 180 seconds left.\n|inactive|LNumbers has 240 seconds left.\n|inactive|Isza has 150 seconds left.\n|inactive|LNumbers has 210 seconds left.\n|\n|t:|1771193500\n|move|p2a: Tauros|Body Slam|p1a: Snorlax\n|-crit|p1a: Snorlax\n|-damage|p1a: Snorlax|4/100\n|move|p1a: Snorlax|Body Slam|p2a: Tauros\n|-damage|p2a: Tauros|42/100\n|\n|upkeep\n|turn|12\n|inactive|LNumbers has 210 seconds left.\n|inactive|LNumbers has 180 seconds left.\n|inactive|LNumbers has 150 seconds left.\n|\n|t:|1771193595\n|switch|p1a: Starmie|Starmie|100/100\n|move|p2a: Tauros|Body Slam|p1a: Starmie\n|-damage|p1a: Starmie|65/100\n|\n|upkeep\n|turn|13\n|\n|t:|1771193607\n|switch|p1a: Exeggutor|Exeggutor|100/100\n|switch|p2a: Chansey|Chansey|90/100\n|\n|upkeep\n|turn|14\n|inactive|LNumbers has 120 seconds left.\n|inactive|Isza has 120 seconds left.\n|inactive|LNumbers has 90 seconds left.\n|\n|t:|1771193673\n|switch|p2a: Jynx|Jynx|100/100 slp\n|move|p1a: Exeggutor|Sleep Powder|p2a: Jynx\n|-fail|p2a: Jynx|slp\n|\n|upkeep\n|turn|15\n|inactive|Isza has 90 seconds left.\n|\n|t:|1771193696\n|switch|p1a: Snorlax|Snorlax|4/100\n|cant|p2a: Jynx|slp\n|\n|upkeep\n|turn|16\n|inactive|Isza has 90 seconds left.\n|\n|t:|1771193715\n|switch|p2a: Chansey|Chansey|90/100\n|move|p1a: Snorlax|Rest|p1a: Snorlax\n|-status|p1a: Snorlax|slp|[from] move: Rest\n|-heal|p1a: Snorlax|100/100 slp|[silent]\n|\n|upkeep\n|turn|17\n|inactive|Isza has 90 seconds left.\n|\n|t:|1771193745\n|move|p2a: Chansey|Ice Beam|p1a: Snorlax\n|-damage|p1a: Snorlax|80/100 slp\n|cant|p1a: Snorlax|slp\n|\n|upkeep\n|turn|18\n|inactive|LNumbers has 90 seconds left.\n|\n|t:|1771193759\n|move|p2a: Chansey|Ice Beam|p1a: Snorlax\n|-damage|p1a: Snorlax|61/100 slp\n|-curestatus|p1a: Snorlax|slp|[msg]\n|\n|upkeep\n|turn|19\n|\n|t:|1771193763\n|move|p2a: Chansey|Thunder Wave|p1a: Snorlax\n|-status|p1a: Snorlax|par\n|move|p1a: Snorlax|Body Slam|p2a: Chansey\n|-damage|p2a: Chansey|46/100\n|\n|upkeep\n|turn|20\n|\n|t:|1771193766\n|switch|p1a: Exeggutor|Exeggutor|100/100\n|move|p2a: Chansey|Soft-Boiled|p2a: Chansey\n|-heal|p2a: Chansey|96/100\n|\n|upkeep\n|turn|21\n|inactive|Isza has 90 seconds left.\n|\n|t:|1771193797\n|switch|p2a: Jynx|Jynx|100/100 slp\n|move|p1a: Exeggutor|Sleep Powder|p2a: Jynx\n|-fail|p2a: Jynx|slp\n|\n|upkeep\n|turn|22\n|inactive|Isza has 90 seconds left.\n|\n|t:|1771193803\n|-curestatus|p2a: Jynx|slp|[msg]\n|move|p1a: Exeggutor|Sleep Powder|p2a: Jynx\n|-status|p2a: Jynx|slp|[from] move: Sleep Powder\n|\n|upkeep\n|turn|23\n|\n|t:|1771193812\n|switch|p2a: Chansey|Chansey|96/100\n|move|p1a: Exeggutor|Psychic|p2a: Chansey\n|-damage|p2a: Chansey|78/100\n|\n|upkeep\n|turn|24\n|inactive|LNumbers has 120 seconds left.\n|\n|t:|1771193818\n|move|p1a: Exeggutor|Stun Spore|p2a: Chansey|[miss]\n|-miss|p1a: Exeggutor\n|move|p2a: Chansey|Ice Beam|p1a: Exeggutor\n|-supereffective|p1a: Exeggutor\n|-damage|p1a: Exeggutor|67/100\n|\n|upkeep\n|turn|25\n|\n|t:|1771193827\n|move|p1a: Exeggutor|Stun Spore|p2a: Chansey\n|-status|p2a: Chansey|par\n|move|p2a: Chansey|Ice Beam|p1a: Exeggutor\n|-supereffective|p1a: Exeggutor\n|-damage|p1a: Exeggutor|32/100\n|\n|upkeep\n|turn|26\n|\n|t:|1771193837\n|switch|p1a: Snorlax|Snorlax|61/100 par\n|move|p2a: Chansey|Ice Beam|p1a: Snorlax\n|-damage|p1a: Snorlax|41/100 par\n|\n|upkeep\n|turn|27\n|inactive|Isza has 90 seconds left.\n|\n|t:|1771193875\n|switch|p2a: Tauros|Tauros|42/100\n|move|p1a: Snorlax|Reflect|p1a: Snorlax\n|-start|p1a: Snorlax|Reflect\n|\n|upkeep\n|turn|28\n|inactive|LNumbers has 120 seconds left.\n|inactive|LNumbers has 90 seconds left.\n|\n|t:|1771193939\n|switch|p2a: Starmie|Starmie|100/100\n|cant|p1a: Snorlax|par\n|\n|upkeep\n|turn|29\n|\n|t:|1771193944\n|move|p2a: Starmie|Surf|p1a: Snorlax\n|-damage|p1a: Snorlax|14/100 par\n|move|p1a: Snorlax|Rest|p1a: Snorlax\n|-status|p1a: Snorlax|slp|[from] move: Rest\n|-heal|p1a: Snorlax|100/100 slp|[silent]\n|\n|upkeep\n|turn|30\n|inactive|Isza has 90 seconds left.\n|\n|t:|1771193951\n|move|p2a: Starmie|Surf|p1a: Snorlax\n|-crit|p1a: Snorlax\n|-damage|p1a: Snorlax|47/100 slp\n|cant|p1a: Snorlax|slp\n|\n|upkeep\n|turn|31\n|\n|t:|1771193959\n|switch|p1a: Chansey|Chansey|100/100 slp\n|move|p2a: Starmie|Surf|p1a: Chansey\n|-damage|p1a: Chansey|85/100 slp\n|\n|upkeep\n|turn|32\n|\n|t:|1771193972\n|switch|p1a: Starmie|Starmie|65/100\n|move|p2a: Starmie|Surf|p1a: Starmie\n|-resisted|p1a: Starmie\n|-damage|p1a: Starmie|49/100\n|\n|upkeep\n|turn|33\n|inactive|Isza has 90 seconds left.\n|inactive|LNumbers has 90 seconds left.\n|\n|t:|1771194015\n|move|p1a: Starmie|Recover|p1a: Starmie\n|-heal|p1a: Starmie|99/100\n|move|p2a: Starmie|Thunder Wave|p1a: Starmie\n|-status|p1a: Starmie|par\n|\n|upkeep\n|turn|34\n|inactive|Isza has 90 seconds left.\n|\n|t:|1771194024\n|move|p2a: Starmie|Thunderbolt|p1a: Starmie\n|-supereffective|p1a: Starmie\n|-damage|p1a: Starmie|53/100 par\n|cant|p1a: Starmie|par\n|\n|upkeep\n|turn|35\n|\n|t:|1771194028\n|switch|p1a: Exeggutor|Exeggutor|32/100\n|move|p2a: Starmie|Thunderbolt|p1a: Exeggutor\n|-resisted|p1a: Exeggutor\n|-damage|p1a: Exeggutor|24/100\n|\n|upkeep\n|turn|36\n|inactive|LNumbers has 90 seconds left.\n|inactive|Isza has 90 seconds left.\n|inactive|LNumbers has 60 seconds left.\n|\n|t:|1771194078\n|switch|p2a: Chansey|Chansey|78/100 par\n|move|p1a: Exeggutor|Psychic|p2a: Chansey\n|-damage|p2a: Chansey|62/100 par\n|-unboost|p2a: Chansey|spa|1\n|-unboost|p2a: Chansey|spd|1\n|\n|upkeep\n|turn|37\n|inactive|Isza has 90 seconds left.\n|\n|t:|1771194087\n|switch|p1a: Starmie|Starmie|53/100 par\n|switch|p2a: Starmie|Starmie|100/100\n|\n|upkeep\n|turn|38\n|inactive|LNumbers has 60 seconds left.\n|inactive|LNumbers has 30 seconds left.\n|\n|t:|1771194138\n|switch|p1a: Exeggutor|Exeggutor|24/100\n|move|p2a: Starmie|Thunderbolt|p1a: Exeggutor\n|-resisted|p1a: Exeggutor\n|-damage|p1a: Exeggutor|15/100\n|\n|upkeep\n|turn|39\n|inactive|LNumbers has 30 seconds left.\n|inactive|Isza has 90 seconds left.\n|\n|t:|1771194157\n|switch|p2a: Chansey|Chansey|62/100 par\n|switch|p1a: Starmie|Starmie|53/100 par\n|\n|upkeep\n|turn|40\n|\n|t:|1771194163\n|switch|p2a: Starmie|Starmie|100/100\n|cant|p1a: Starmie|par\n|\n|upkeep\n|turn|41\n|inactive|LNumbers has 30 seconds left.\n|\n|t:|1771194192\n|switch|p1a: Chansey|Chansey|85/100 slp\n|move|p2a: Starmie|Thunderbolt|p1a: Chansey\n|-damage|p1a: Chansey|74/100 slp\n|\n|upkeep\n|turn|42\n|inactive|LNumbers has 30 seconds left.\n|\n|t:|1771194204\n|move|p2a: Starmie|Surf|p1a: Chansey\n|-crit|p1a: Chansey\n|-damage|p1a: Chansey|45/100 slp\n|cant|p1a: Chansey|slp\n|\n|upkeep\n|turn|43\n|inactive|LNumbers has 30 seconds left.\n|\n|t:|1771194210\n|switch|p2a: Tauros|Tauros|42/100\n|cant|p1a: Chansey|slp\n|\n|upkeep\n|turn|44\n|\n|t:|1771194217\n|move|p2a: Tauros|Body Slam|p1a: Chansey\n|-damage|p1a: Chansey|6/100 slp\n|-curestatus|p1a: Chansey|slp|[msg]\n|\n|upkeep\n|turn|45\n|inactive|LNumbers has 30 seconds left.\n|\n|t:|1771194233\n|switch|p1a: Snorlax|Snorlax|47/100 slp\n|move|p2a: Tauros|Body Slam|p1a: Snorlax\n|-damage|p1a: Snorlax|23/100 slp\n|\n|upkeep\n|turn|46\n|\n|t:|1771194239\n|move|p2a: Tauros|Body Slam|p1a: Snorlax\n|-damage|p1a: Snorlax|0 fnt\n|faint|p1a: Snorlax\n|\n|t:|1771194251\n|switch|p1a: Tauros|Tauros|100/100\n|turn|47\n|inactive|Isza has 150 seconds left.\n|\n|t:|1771194283\n|switch|p2a: Snorlax|Snorlax|100/100\n|move|p1a: Tauros|Body Slam|p2a: Snorlax\n|-damage|p2a: Snorlax|75/100\n|\n|upkeep\n|turn|48\n|\n|t:|1771194288\n|switch|p1a: Rhydon|Rhydon|100/100\n|move|p2a: Snorlax|Body Slam|p1a: Rhydon\n|-resisted|p1a: Rhydon\n|-damage|p1a: Rhydon|90/100\n|-status|p1a: Rhydon|par\n|\n|upkeep\n|turn|49\n|inactive|Isza has 120 seconds left.\n|inactive|LNumbers has 30 seconds left.\n|\n|t:|1771194353\n|switch|p2a: Starmie|Starmie|100/100\n|cant|p1a: Rhydon|par\n|\n|upkeep\n|turn|50\n|c|☆LNumbers|well\n|inactive|LNumbers has 30 seconds left.\n|inactive|LNumbers has 20 seconds left.\n|inactive|LNumbers has 15 seconds left.\n|inactive|LNumbers has 10 seconds left.\n|inactive|LNumbers has 5 seconds left.\n|\n|t:|1771194390\n|switch|p1a: Chansey|Chansey|6/100\n|move|p2a: Starmie|Surf|p1a: Chansey\n|-damage|p1a: Chansey|0 fnt\n|faint|p1a: Chansey\n|inactive|LNumbers has 10 seconds left this turn.\n|\n|t:|1771194394\n|switch|p1a: Exeggutor|Exeggutor|15/100\n|turn|51\n|inactive|LNumbers has 20 seconds left this turn.\n|\n|t:|1771194418\n|switch|p2a: Zapdos|Zapdos|100/100\n|switch|p1a: Starmie|Starmie|53/100 par\n|\n|upkeep\n|turn|52\n|inactive|LNumbers has 30 seconds left this turn.\n|inactive|LNumbers has 20 seconds left.\n|\n|t:|1771194436\n|switch|p1a: Rhydon|Rhydon|90/100 par\n|move|p2a: Zapdos|Thunderbolt|p1a: Rhydon\n|-immune|p1a: Rhydon\n|\n|upkeep\n|turn|53\n|inactive|LNumbers has 30 seconds left this turn.\n|inactive|Isza has 90 seconds left.\n|\n|t:|1771194472\n|switch|p2a: Snorlax|Snorlax|75/100\n|move|p1a: Rhydon|Body Slam|p2a: Snorlax\n|-crit|p2a: Snorlax\n|-damage|p2a: Snorlax|34/100\n|\n|upkeep\n|turn|54\n|inactive|LNumbers has 30 seconds left.\n|\n|t:|1771194488\n|move|p2a: Snorlax|Earthquake|p1a: Rhydon\n|-supereffective|p1a: Rhydon\n|-damage|p1a: Rhydon|51/100 par\n|cant|p1a: Rhydon|par\n|\n|upkeep\n|turn|55\n|inactive|LNumbers has 30 seconds left.\n|inactive|LNumbers has 20 seconds left.\n|inactive|LNumbers has 15 seconds left.\n|\n|t:|1771194512\n|switch|p1a: Exeggutor|Exeggutor|15/100\n|move|p2a: Snorlax|Earthquake|p1a: Exeggutor\n|-resisted|p1a: Exeggutor\n|-damage|p1a: Exeggutor|3/100\n|\n|upkeep\n|turn|56\n|inactive|LNumbers has 25 seconds left this turn.\n|inactive|LNumbers has 20 seconds left.\n|inactive|LNumbers has 15 seconds left.\n|inactive|LNumbers has 10 seconds left.\n|inactive|Isza has 60 seconds left.\n|inactive|LNumbers has 5 seconds left.\n|\n|t:|1771194544\n|move|p1a: Exeggutor|Psychic|p2a: Snorlax\n|-damage|p2a: Snorlax|4/100\n|move|p2a: Snorlax|Body Slam|p1a: Exeggutor\n|-damage|p1a: Exeggutor|0 fnt\n|faint|p1a: Exeggutor\n|inactive|LNumbers has 10 seconds left this turn.\n|\n|t:|1771194548\n|switch|p1a: Tauros|Tauros|100/100\n|turn|57\n|inactive|LNumbers has 20 seconds left this turn.\n|inactive|Isza has 60 seconds left.\n|\n|t:|1771194581\n|move|p1a: Tauros|Body Slam|p2a: Snorlax\n|-crit|p2a: Snorlax\n|-damage|p2a: Snorlax|0 fnt\n|faint|p2a: Snorlax\n|\n|t:|1771194582\n|switch|p2a: Starmie|Starmie|100/100\n|turn|58\n|inactive|LNumbers has 30 seconds left.\n|inactive|LNumbers has 20 seconds left.\n|inactive|LNumbers has 15 seconds left.\n|inactive|LNumbers has 10 seconds left.\n|inactive|Isza has 30 seconds left.\n|\n|t:|1771194633\n|move|p2a: Starmie|Surf|p1a: Tauros\n|-crit|p1a: Tauros\n|-damage|p1a: Tauros|27/100\n|move|p1a: Tauros|Hyper Beam|p2a: Starmie\n|-damage|p2a: Starmie|42/100\n|-mustrecharge|p1a: Tauros\n|\n|upkeep\n|turn|59\n|inactive|LNumbers has 20 seconds left this turn.\n|c|☆LNumbers|gg\n|inactive|LNumbers has 15 seconds left.\n|inactive|Isza has 30 seconds left.\n|\n|t:|1771194642\n|move|p2a: Starmie|Recover|p2a: Starmie\n|-heal|p2a: Starmie|92/100\n|cant|p1a: Tauros|recharge\n|\n|upkeep\n|turn|60\n|inactive|LNumbers has 25 seconds left this turn.\n|\n|t:|1771194645\n|move|p2a: Starmie|Surf|p1a: Tauros\n|-damage|p1a: Tauros|0 fnt\n|faint|p1a: Tauros\n|inactive|LNumbers has 30 seconds left this turn.\n|\n|t:|1771194647\n|switch|p1a: Starmie|Starmie|53/100 par\n|turn|61\n|\n|t:|1771194653\n|move|p2a: Starmie|Thunderbolt|p1a: Starmie\n|-supereffective|p1a: Starmie\n|-damage|p1a: Starmie|6/100 par\n|move|p1a: Starmie|Thunder Wave|p2a: Starmie\n|-status|p2a: Starmie|par\n|\n|upkeep\n|turn|62\n|\n|t:|1771194655\n|cant|p1a: Starmie|par\n|move|p2a: Starmie|Thunderbolt|p1a: Starmie\n|-supereffective|p1a: Starmie\n|-damage|p1a: Starmie|0 fnt\n|faint|p1a: Starmie\n|\n|t:|1771194658\n|switch|p1a: Rhydon|Rhydon|51/100 par\n|turn|63\n|\n|t:|1771194662\n|move|p2a: Starmie|Surf|p1a: Rhydon\n|-crit|p1a: Rhydon\n|-supereffective|p1a: Rhydon\n|-damage|p1a: Rhydon|0 fnt\n|faint|p1a: Rhydon\n|\n|win|Isza\n|c|☆Isza|gg\n|player|p1|\n|player|p2|\n","uploadtime":1771194662,"views":"961","formatid":"gen1ou","rating":null,"private":0,"password":null}