{"id":"smogtours-gen1ou-957964","format":"[Gen 1] OU","players":["WashedOrSomething","Deezcastforms"],"log":"|inactive|Battle timer is ON: inactive players will automatically lose when time's up.\n|t:|1784594170\n|gametype|singles\n|player|p1|WashedOrSomething|#beeorsomething|\n|player|p2|Deezcastforms|#adpl8|\n|gen|1\n|tier|[Gen 1] OU\n|rule|Desync Clause Mod: Desyncs resolve to link battle behavior from the acting player's perspective.\n|rule|HP Percentage Mod: HP is shown in percentages\n|rule|Endless Battle Clause: Forcing endless battles is banned\n|rule|Sleep Clause Mod: Limit one foe put to sleep\n|rule|Freeze Clause Mod: Limit one foe frozen\n|rule|Species Clause: Limit one of each Pokémon\n|rule|OHKO Clause: OHKO moves are banned\n|rule|Evasion Moves Clause: Evasion moves are banned\n|\n|t:|1784594170\n|teamsize|p1|6\n|teamsize|p2|6\n|start\n|switch|p1a: Shazam|Alakazam|100/100\n|switch|p2a: Gengar|Gengar|100/100\n|turn|1\n|c|☆Deezcastforms|hf\n|c|☆WashedOrSomething|glhf\n|\n|t:|1784594193\n|switch|p1a: Owe Me A Coke|Jynx|100/100\n|switch|p2a: Exeggutor|Exeggutor|100/100\n|\n|upkeep\n|turn|2\n|\n|t:|1784594211\n|switch|p2a: Gengar|Gengar|100/100\n|move|p1a: Owe Me A Coke|Lovely Kiss|p2a: Gengar\n|-status|p2a: Gengar|slp|[from] move: Lovely Kiss\n|\n|upkeep\n|turn|3\n|\n|t:|1784594219\n|switch|p2a: Jynx|Jynx|100/100\n|move|p1a: Owe Me A Coke|Blizzard|p2a: Jynx\n|-resisted|p2a: Jynx\n|-damage|p2a: Jynx|79/100\n|\n|upkeep\n|turn|4\n|\n|t:|1784594223\n|move|p2a: Jynx|Lovely Kiss|p1a: Owe Me A Coke\n|-status|p1a: Owe Me A Coke|slp|[from] move: Lovely Kiss\n|cant|p1a: Owe Me A Coke|slp\n|\n|upkeep\n|turn|5\n|\n|t:|1784594231\n|switch|p1a: Blob|Chansey|100/100\n|move|p2a: Jynx|Blizzard|p1a: Blob\n|-damage|p1a: Blob|81/100\n|-status|p1a: Blob|frz\n|\n|upkeep\n|turn|6\n|c|☆WashedOrSomething|kanker\n|inactive|Deezcastforms has 270 seconds left.\n|inactive|Deezcastforms has 240 seconds left.\n|\n|t:|1784594292\n|switch|p2a: Snorlax|Snorlax|100/100\n|switch|p1a: Shazam|Alakazam|100/100\n|\n|upkeep\n|turn|7\n|\n|t:|1784594297\n|switch|p1a: Me On Weekends|Snorlax|100/100\n|move|p2a: Snorlax|Body Slam|p1a: Me On Weekends\n|-damage|p1a: Me On Weekends|74/100\n|\n|upkeep\n|turn|8\n|inactive|Deezcastforms has 240 seconds left.\n|inactive|WashedOrSomething has 270 seconds left.\n|inactive|Deezcastforms has 210 seconds left.\n|inactive|WashedOrSomething has 240 seconds left.\n|\n|t:|1784594378\n|move|p1a: Me On Weekends|Self-Destruct|p2a: Snorlax\n|-damage|p2a: Snorlax|12/100\n|faint|p1a: Me On Weekends\n|\n|t:|1784594388\n|switch|p1a: Raging Bull|Tauros|100/100\n|turn|9\n|inactive|Deezcastforms has 180 seconds left.\n|\n|t:|1784594425\n|move|p1a: Raging Bull|Earthquake|p2a: Snorlax\n|-damage|p2a: Snorlax|0 fnt\n|faint|p2a: Snorlax\n|\n|t:|1784594429\n|switch|p2a: Tauros|Tauros|100/100\n|turn|10\n|\n|t:|1784594448\n|move|p1a: Raging Bull|Body Slam|p2a: Tauros\n|-damage|p2a: Tauros|72/100\n|move|p2a: Tauros|Body Slam|p1a: Raging Bull\n|-damage|p1a: Raging Bull|73/100\n|\n|upkeep\n|turn|11\n|\n|t:|1784594453\n|move|p1a: Raging Bull|Body Slam|p2a: Tauros\n|-crit|p2a: Tauros\n|-damage|p2a: Tauros|14/100\n|move|p2a: Tauros|Body Slam|p1a: Raging Bull\n|-damage|p1a: Raging Bull|45/100\n|\n|upkeep\n|turn|12\n|inactive|WashedOrSomething has 240 seconds left.\n|inactive|Deezcastforms has 180 seconds left.\n|\n|t:|1784594492\n|switch|p1a: Blob|Chansey|81/100 frz\n|move|p2a: Tauros|Hyper Beam|p1a: Blob\n|-damage|p1a: Blob|17/100 frz\n|-mustrecharge|p2a: Tauros\n|\n|upkeep\n|turn|13\n|\n|t:|1784594498\n|switch|p1a: Shazam|Alakazam|100/100\n|cant|p2a: Tauros|recharge\n|\n|upkeep\n|turn|14\n|\n|t:|1784594523\n|switch|p2a: Jynx|Jynx|79/100\n|move|p1a: Shazam|Seismic Toss|p2a: Jynx\n|-damage|p2a: Jynx|49/100\n|\n|upkeep\n|turn|15\n|inactive|Deezcastforms has 150 seconds left.\n|\n|t:|1784594549\n|move|p1a: Shazam|Thunder Wave|p2a: Jynx\n|-status|p2a: Jynx|par\n|move|p2a: Jynx|Blizzard|p1a: Shazam\n|-damage|p1a: Shazam|66/100\n|\n|upkeep\n|turn|16\n|\n|t:|1784594564\n|switch|p2a: Exeggutor|Exeggutor|100/100\n|move|p1a: Shazam|Recover|p1a: Shazam\n|-heal|p1a: Shazam|100/100\n|\n|upkeep\n|turn|17\n|\n|t:|1784594575\n|move|p1a: Shazam|Thunder Wave|p2a: Exeggutor\n|-status|p2a: Exeggutor|par\n|cant|p2a: Exeggutor|par\n|\n|upkeep\n|turn|18\n|\n|t:|1784594588\n|switch|p1a: Eggy|Exeggutor|100/100\n|move|p2a: Exeggutor|Stun Spore|p1a: Eggy|[miss]\n|-miss|p2a: Exeggutor\n|\n|upkeep\n|turn|19\n|\n|t:|1784594607\n|switch|p2a: Jynx|Jynx|49/100 par\n|move|p1a: Eggy|Psychic|p2a: Jynx\n|-resisted|p2a: Jynx\n|-damage|p2a: Jynx|31/100 par\n|-unboost|p2a: Jynx|spa|1\n|-unboost|p2a: Jynx|spd|1\n|\n|upkeep\n|turn|20\n|inactive|Deezcastforms has 120 seconds left.\n|inactive|WashedOrSomething has 240 seconds left.\n|\n|t:|1784594644\n|switch|p1a: Raging Bull|Tauros|45/100\n|move|p2a: Jynx|Blizzard|p1a: Raging Bull\n|-damage|p1a: Raging Bull|14/100\n|-message|Freeze Clause activated.\n|\n|upkeep\n|turn|21\n|inactive|WashedOrSomething has 240 seconds left.\n|inactive|Deezcastforms has 120 seconds left.\n|c|☆WashedOrSomething|nice\n|inactive|Deezcastforms has 90 seconds left.\n|\n|t:|1784594682\n|switch|p2a: Gengar|Gengar|100/100 slp\n|move|p1a: Raging Bull|Body Slam|p2a: Gengar\n|-immune|p2a: Gengar\n|\n|upkeep\n|turn|22\n|inactive|Deezcastforms has 90 seconds left.\n|\n|t:|1784594704\n|switch|p2a: Exeggutor|Exeggutor|100/100 par\n|move|p1a: Raging Bull|Blizzard|p2a: Exeggutor\n|-supereffective|p2a: Exeggutor\n|-damage|p2a: Exeggutor|69/100 par\n|\n|upkeep\n|turn|23\n|\n|t:|1784594721\n|move|p1a: Raging Bull|Hyper Beam|p2a: Exeggutor\n|-damage|p2a: Exeggutor|22/100 par\n|-mustrecharge|p1a: Raging Bull\n|cant|p2a: Exeggutor|par\n|\n|upkeep\n|turn|24\n|\n|t:|1784594734\n|cant|p1a: Raging Bull|recharge\n|move|p2a: Exeggutor|Psychic|p1a: Raging Bull\n|-damage|p1a: Raging Bull|0 fnt\n|faint|p1a: Raging Bull\n|\n|t:|1784594739\n|switch|p1a: Shazam|Alakazam|100/100\n|turn|25\n|inactive|Deezcastforms has 90 seconds left.\n|\n|t:|1784594767\n|move|p1a: Shazam|Seismic Toss|p2a: Exeggutor\n|-damage|p2a: Exeggutor|0 fnt\n|faint|p2a: Exeggutor\n|\n|t:|1784594770\n|switch|p2a: Zapdos|Zapdos|100/100\n|turn|26\n|inactive|WashedOrSomething has 270 seconds left.\n|\n|t:|1784594779\n|move|p1a: Shazam|Thunder Wave|p2a: Zapdos\n|-status|p2a: Zapdos|par\n|move|p2a: Zapdos|Thunder Wave|p1a: Shazam\n|-status|p1a: Shazam|par\n|\n|upkeep\n|turn|27\n|inactive|Deezcastforms has 90 seconds left.\n|inactive|Deezcastforms has 60 seconds left.\n|\n|t:|1784594838\n|move|p1a: Shazam|Psychic|p2a: Zapdos\n|-damage|p2a: Zapdos|71/100 par\n|-unboost|p2a: Zapdos|spa|1\n|-unboost|p2a: Zapdos|spd|1\n|move|p2a: Zapdos|Agility|p2a: Zapdos\n|-boost|p2a: Zapdos|spe|2\n|\n|upkeep\n|turn|28\n|\n|t:|1784594862\n|move|p2a: Zapdos|Drill Peck|p1a: Shazam\n|-damage|p1a: Shazam|56/100 par\n|move|p1a: Shazam|Psychic|p2a: Zapdos\n|-crit|p2a: Zapdos\n|-damage|p2a: Zapdos|13/100 par\n|\n|upkeep\n|turn|29\n|inactive|WashedOrSomething has 270 seconds left.\n|inactive|WashedOrSomething has 240 seconds left.\n|inactive|WashedOrSomething has 210 seconds left.\n|inactive|WashedOrSomething has 180 seconds left.\n|inactive|WashedOrSomething has 150 seconds left.\n|inactive|WashedOrSomething has 120 seconds left.\n|\n|t:|1784595054\n|move|p2a: Zapdos|Drill Peck|p1a: Shazam\n|-damage|p1a: Shazam|10/100 par\n|move|p1a: Shazam|Psychic|p2a: Zapdos\n|-damage|p2a: Zapdos|0 fnt\n|faint|p2a: Zapdos\n|\n|t:|1784595059\n|switch|p2a: Tauros|Tauros|14/100\n|turn|30\n|inactive|WashedOrSomething has 120 seconds left.\n|inactive|WashedOrSomething has 90 seconds left.\n|\n|t:|1784595118\n|switch|p1a: Blob|Chansey|17/100 frz\n|move|p2a: Tauros|Body Slam|p1a: Blob\n|-damage|p1a: Blob|0 fnt\n|faint|p1a: Blob\n|\n|t:|1784595121\n|switch|p1a: Eggy|Exeggutor|100/100\n|turn|31\n|inactive|Deezcastforms has 60 seconds left.\n|inactive|WashedOrSomething has 60 seconds left.\n|inactive|Deezcastforms has 30 seconds left.\n|inactive|Deezcastforms has 20 seconds left.\n|inactive|Deezcastforms has 15 seconds left.\n|\n|t:|1784595180\n|switch|p2a: Gengar|Gengar|100/100 slp\n|move|p1a: Eggy|Psychic|p2a: Gengar\n|-supereffective|p2a: Gengar\n|-damage|p2a: Gengar|34/100 slp\n|-unboost|p2a: Gengar|spa|1\n|-unboost|p2a: Gengar|spd|1\n|\n|upkeep\n|turn|32\n|inactive|Deezcastforms has 25 seconds left this turn.\n|inactive|Deezcastforms has 20 seconds left.\n|inactive|Deezcastforms has 15 seconds left.\n|\n|t:|1784595199\n|switch|p1a: Shazam|Alakazam|10/100 par\n|cant|p2a: Gengar|slp\n|\n|upkeep\n|turn|33\n|inactive|Deezcastforms has 25 seconds left this turn.\n|inactive|Deezcastforms has 20 seconds left.\n|inactive|WashedOrSomething has 30 seconds left.\n|\n|t:|1784595221\n|-curestatus|p2a: Gengar|slp|[msg]\n|move|p1a: Shazam|Recover|p1a: Shazam\n|-heal|p1a: Shazam|60/100 par\n|\n|upkeep\n|turn|34\n|inactive|Deezcastforms has 30 seconds left this turn.\n|inactive|WashedOrSomething has 30 seconds left.\n|inactive|Deezcastforms has 20 seconds left.\n|inactive|Deezcastforms has 15 seconds left.\n|inactive|Deezcastforms has 10 seconds left.\n|inactive|Deezcastforms has 5 seconds left.\n|\n|t:|1784595251\n|move|p2a: Gengar|Thunderbolt|p1a: Shazam\n|-crit|p1a: Shazam\n|-damage|p1a: Shazam|13/100 par\n|cant|p1a: Shazam|par\n|\n|upkeep\n|turn|35\n|inactive|Deezcastforms has 15 seconds left this turn.\n|inactive|Deezcastforms has 10 seconds left.\n|c|☆WashedOrSomething|i need the rope merchant\n|inactive|WashedOrSomething has 30 seconds left.\n|\n|t:|1784595265\n|switch|p1a: Eggy|Exeggutor|100/100\n|move|p2a: Gengar|Thunderbolt|p1a: Eggy\n|-crit|p1a: Eggy\n|-resisted|p1a: Eggy\n|-damage|p1a: Eggy|82/100\n|\n|upkeep\n|turn|36\n|inactive|Deezcastforms has 20 seconds left this turn.\n|inactive|Deezcastforms has 15 seconds left.\n|inactive|WashedOrSomething has 30 seconds left.\n|inactive|Deezcastforms has 10 seconds left.\n|inactive|Deezcastforms has 5 seconds left.\n|inactive|WashedOrSomething has 20 seconds left.\n|\n|t:|1784595289\n|switch|p1a: Shazam|Alakazam|13/100 par\n|move|p2a: Gengar|Thunderbolt|p1a: Shazam\n|-damage|p1a: Shazam|0 fnt\n|faint|p1a: Shazam\n|inactive|WashedOrSomething has 25 seconds left this turn.\n|\n|t:|1784595292\n|switch|p1a: Eggy|Exeggutor|82/100\n|turn|37\n|inactive|Deezcastforms has 20 seconds left this turn.\n|inactive|WashedOrSomething has 30 seconds left.\n|\n|t:|1784595304\n|switch|p1a: Owe Me A Coke|Jynx|100/100 slp\n|move|p2a: Gengar|Explosion|p1a: Owe Me A Coke\n|-damage|p1a: Owe Me A Coke|0 fnt\n|faint|p1a: Owe Me A Coke\n|faint|p2a: Gengar\n|inactive|WashedOrSomething has 30 seconds left this turn.\n|inactive|Deezcastforms has 25 seconds left this turn.\n|inactive|Deezcastforms has 20 seconds left.\n|inactive|Deezcastforms has 15 seconds left.\n|\n|t:|1784595315\n|switch|p2a: Jynx|Jynx|31/100 par\n|switch|p1a: Eggy|Exeggutor|82/100\n|turn|38\n|inactive|Deezcastforms has 25 seconds left this turn.\n|inactive|Deezcastforms has 20 seconds left.\n|\n|t:|1784595322\n|move|p1a: Eggy|Psychic|p2a: Jynx\n|-resisted|p2a: Jynx\n|-damage|p2a: Jynx|12/100 par\n|move|p2a: Jynx|Blizzard|p1a: Eggy\n|-supereffective|p1a: Eggy\n|-damage|p1a: Eggy|23/100\n|\n|upkeep\n|turn|39\n|inactive|Deezcastforms has 30 seconds left this turn.\n|c|☆WashedOrSomething|jee jee\n|\n|t:|1784595333\n|move|p1a: Eggy|Psychic|p2a: Jynx\n|-resisted|p2a: Jynx\n|-damage|p2a: Jynx|0 fnt\n|faint|p2a: Jynx\n|inactive|Deezcastforms has 30 seconds left this turn.\n|c|☆Deezcastforms|gg\n|\n|t:|1784595336\n|switch|p2a: Tauros|Tauros|14/100\n|turn|40\n|\n|t:|1784595338\n|move|p2a: Tauros|Body Slam|p1a: Eggy\n|-damage|p1a: Eggy|0 fnt\n|faint|p1a: Eggy\n|\n|win|Deezcastforms\n","uploadtime":1784595338,"views":"76","formatid":"gen1ou","rating":null,"private":0,"password":null}