{"id":"smogtours-gen1ou-959354","format":"[Gen 1] OU","players":["Peasounay","stunner047"],"log":"|inactive|Battle timer is ON: inactive players will automatically lose when time's up.\n|t:|1785093307\n|gametype|singles\n|player|p1|Peasounay|red-gen1title|\n|player|p2|stunner047|#rbypliiidingdangdewgongs|\n|gen|1\n|tier|[Gen 1] OU\n|rule|Desync Clause Mod: Desyncs resolve to link battle behavior from the acting player's perspective.\n|rule|HP Percentage Mod: HP is shown in percentages\n|rule|Endless Battle Clause: Forcing endless battles is banned\n|rule|Sleep Clause Mod: Limit one foe put to sleep\n|rule|Freeze Clause Mod: Limit one foe frozen\n|rule|Species Clause: Limit one of each Pokémon\n|rule|OHKO Clause: OHKO moves are banned\n|rule|Evasion Moves Clause: Evasion moves are banned\n|\n|t:|1785093307\n|teamsize|p1|6\n|teamsize|p2|6\n|start\n|switch|p1a: Alakazam|Alakazam|100/100\n|switch|p2a: Jynx|Jynx|100/100\n|turn|1\n|c|☆stunner047|gl hf\n|c|☆Peasounay|u2\n|\n|t:|1785093319\n|move|p1a: Alakazam|Thunder Wave|p2a: Jynx\n|-status|p2a: Jynx|par\n|move|p2a: Jynx|Lovely Kiss|p1a: Alakazam\n|-status|p1a: Alakazam|slp|[from] move: Lovely Kiss\n|\n|upkeep\n|turn|2\n|inactive|stunner047 has 270 seconds left.\n|\n|t:|1785093357\n|switch|p1a: Chansey|Chansey|100/100\n|move|p2a: Jynx|Blizzard|p1a: Chansey\n|-damage|p1a: Chansey|80/100\n|\n|upkeep\n|turn|3\n|\n|t:|1785093362\n|move|p1a: Chansey|Seismic Toss|p2a: Jynx\n|-damage|p2a: Jynx|70/100 par\n|cant|p2a: Jynx|par\n|\n|upkeep\n|turn|4\n|inactive|stunner047 has 270 seconds left.\n|\n|t:|1785093377\n|move|p1a: Chansey|Seismic Toss|p2a: Jynx\n|-damage|p2a: Jynx|40/100 par\n|move|p2a: Jynx|Rest|p2a: Jynx\n|-status|p2a: Jynx|slp|[from] move: Rest\n|-heal|p2a: Jynx|100/100 slp|[silent]\n|\n|upkeep\n|turn|5\n|\n|t:|1785093382\n|switch|p2a: Starmie|Starmie|100/100\n|move|p1a: Chansey|Seismic Toss|p2a: Starmie\n|-damage|p2a: Starmie|70/100\n|\n|upkeep\n|turn|6\n|\n|t:|1785093389\n|move|p2a: Starmie|Thunder Wave|p1a: Chansey\n|-status|p1a: Chansey|par\n|move|p1a: Chansey|Thunder Wave|p2a: Starmie\n|-status|p2a: Starmie|par\n|\n|upkeep\n|turn|7\n|\n|t:|1785093397\n|move|p2a: Starmie|Surf|p1a: Chansey\n|-damage|p1a: Chansey|65/100 par\n|cant|p1a: Chansey|par\n|\n|upkeep\n|turn|8\n|\n|t:|1785093404\n|switch|p2a: Rhydon|Rhydon|100/100\n|move|p1a: Chansey|Soft-Boiled|p1a: Chansey\n|-heal|p1a: Chansey|100/100 par\n|\n|upkeep\n|turn|9\n|\n|t:|1785093409\n|switch|p1a: Exeggutor|Exeggutor|100/100\n|move|p2a: Rhydon|Earthquake|p1a: Exeggutor\n|-crit|p1a: Exeggutor\n|-resisted|p1a: Exeggutor\n|-damage|p1a: Exeggutor|60/100\n|\n|upkeep\n|turn|10\n|\n|t:|1785093416\n|switch|p2a: Jynx|Jynx|100/100 slp\n|move|p1a: Exeggutor|Psychic|p2a: Jynx\n|-resisted|p2a: Jynx\n|-damage|p2a: Jynx|82/100 slp\n|-unboost|p2a: Jynx|spa|1\n|-unboost|p2a: Jynx|spd|1\n|\n|upkeep\n|turn|11\n|\n|t:|1785093444\n|cant|p2a: Jynx|slp\n|move|p1a: Exeggutor|Psychic|p2a: Jynx\n|-resisted|p2a: Jynx\n|-damage|p2a: Jynx|52/100 slp\n|\n|upkeep\n|turn|12\n|\n|t:|1785093456\n|-curestatus|p2a: Jynx|slp|[msg]\n|move|p1a: Exeggutor|Hyper Beam|p2a: Jynx\n|-damage|p2a: Jynx|0 fnt\n|faint|p2a: Jynx\n|\n|t:|1785093458\n|switch|p2a: Cloyster|Cloyster|100/100\n|turn|13\n|\n|t:|1785093476\n|switch|p1a: Chansey|Chansey|100/100 par\n|move|p2a: Cloyster|Blizzard|p1a: Chansey|[miss]\n|-miss|p2a: Cloyster\n|\n|upkeep\n|turn|14\n|\n|t:|1785093486\n|move|p2a: Cloyster|Clamp|p1a: Chansey\n|-damage|p1a: Chansey|95/100 par\n|cant|p1a: Chansey|partiallytrapped\n|\n|upkeep\n|turn|15\n|\n|t:|1785093495\n|switch|p1a: Alakazam|Alakazam|100/100 slp\n|move|p2a: Cloyster|Clamp|p1a: Alakazam\n|-damage|p1a: Alakazam|91/100 slp\n|\n|upkeep\n|turn|16\n|\n|t:|1785093502\n|switch|p1a: Snorlax|Snorlax|100/100\n|switch|p2a: Tauros|Tauros|100/100\n|\n|upkeep\n|turn|17\n|\n|t:|1785093507\n|switch|p2a: Cloyster|Cloyster|100/100\n|move|p1a: Snorlax|Body Slam|p2a: Cloyster\n|-damage|p2a: Cloyster|77/100\n|\n|upkeep\n|turn|18\n|\n|t:|1785093521\n|move|p2a: Cloyster|Blizzard|p1a: Snorlax\n|-damage|p1a: Snorlax|67/100\n|move|p1a: Snorlax|Body Slam|p2a: Cloyster\n|-damage|p2a: Cloyster|55/100\n|\n|upkeep\n|turn|19\n|\n|t:|1785093527\n|switch|p1a: Chansey|Chansey|95/100 par\n|move|p2a: Cloyster|Blizzard|p1a: Chansey\n|-damage|p1a: Chansey|76/100 par\n|\n|upkeep\n|turn|20\n|\n|t:|1785093533\n|move|p2a: Cloyster|Clamp|p1a: Chansey\n|-damage|p1a: Chansey|71/100 par\n|cant|p1a: Chansey|partiallytrapped\n|\n|upkeep\n|turn|21\n|inactive|Peasounay has 270 seconds left.\n|\n|t:|1785093589\n|switch|p2a: Rhydon|Rhydon|100/100\n|switch|p1a: Alakazam|Alakazam|91/100 slp\n|\n|upkeep\n|turn|22\n|c|☆stunner047|lagtest\n|inactive|stunner047 disconnected and has 300 seconds to reconnect!\n|player|p2|\n|inactive|stunner047 has 270 seconds to reconnect!\n|inactive|stunner047 reconnected and has 285 seconds left.\n|player|p2|stunner047|#rbypliiidingdangdewgongs|\n|\n|t:|1785093644\n|switch|p1a: Exeggutor|Exeggutor|60/100\n|move|p2a: Rhydon|Body Slam|p1a: Exeggutor\n|-damage|p1a: Exeggutor|36/100\n|\n|upkeep\n|turn|23\n|c|☆Peasounay|we can remove timer if you want\n|c|☆stunner047|let's keep it for now\n|\n|t:|1785093667\n|switch|p2a: Starmie|Starmie|70/100 par\n|move|p1a: Exeggutor|Psychic|p2a: Starmie\n|-resisted|p2a: Starmie\n|-damage|p2a: Starmie|52/100 par\n|\n|upkeep\n|turn|24\n|c|☆stunner047|if I dq again maybe we will have to\n|inactive|Peasounay has 240 seconds left.\n|\n|t:|1785093685\n|move|p1a: Exeggutor|Psychic|p2a: Starmie\n|-resisted|p2a: Starmie\n|-damage|p2a: Starmie|34/100 par\n|cant|p2a: Starmie|par\n|\n|upkeep\n|turn|25\n|\n|t:|1785093699\n|switch|p2a: Tauros|Tauros|100/100\n|move|p1a: Exeggutor|Hyper Beam|p2a: Tauros\n|-damage|p2a: Tauros|68/100\n|-mustrecharge|p1a: Exeggutor\n|\n|upkeep\n|turn|26\n|\n|t:|1785093704\n|move|p2a: Tauros|Hyper Beam|p1a: Exeggutor\n|-damage|p1a: Exeggutor|0 fnt\n|faint|p1a: Exeggutor\n|\n|t:|1785093707\n|switch|p1a: Tauros|Tauros|100/100\n|turn|27\n|\n|t:|1785093711\n|move|p1a: Tauros|Body Slam|p2a: Tauros\n|-damage|p2a: Tauros|39/100\n|move|p2a: Tauros|Body Slam|p1a: Tauros\n|-damage|p1a: Tauros|72/100\n|\n|upkeep\n|turn|28\n|inactive|Peasounay has 270 seconds left.\n|\n|t:|1785093734\n|move|p2a: Tauros|Hyper Beam|p1a: Tauros\n|-damage|p1a: Tauros|20/100\n|-mustrecharge|p2a: Tauros\n|move|p1a: Tauros|Body Slam|p2a: Tauros\n|-damage|p2a: Tauros|10/100\n|\n|upkeep\n|turn|29\n|\n|t:|1785093740\n|move|p1a: Tauros|Body Slam|p2a: Tauros\n|-damage|p2a: Tauros|0 fnt\n|faint|p2a: Tauros\n|\n|t:|1785093742\n|switch|p2a: Alakazam|Alakazam|100/100\n|turn|30\n|inactive|Peasounay has 270 seconds left.\n|\n|t:|1785093752\n|switch|p1a: Chansey|Chansey|71/100 par\n|move|p2a: Alakazam|Psychic|p1a: Chansey\n|-damage|p1a: Chansey|53/100 par\n|-unboost|p1a: Chansey|spa|1\n|-unboost|p1a: Chansey|spd|1\n|\n|upkeep\n|turn|31\n|inactive|Peasounay has 270 seconds left.\n|\n|t:|1785093760\n|switch|p2a: Rhydon|Rhydon|100/100\n|move|p1a: Chansey|Soft-Boiled|p1a: Chansey\n|-heal|p1a: Chansey|100/100 par\n|\n|upkeep\n|turn|32\n|inactive|Peasounay has 270 seconds left.\n|inactive|Peasounay has 240 seconds left.\n|\n|t:|1785093826\n|switch|p1a: Alakazam|Alakazam|91/100 slp\n|move|p2a: Rhydon|Earthquake|p1a: Alakazam\n|-damage|p1a: Alakazam|20/100 slp\n|\n|upkeep\n|turn|33\n|\n|t:|1785093832\n|-curestatus|p1a: Alakazam|slp|[msg]\n|move|p2a: Rhydon|Substitute|p2a: Rhydon\n|-start|p2a: Rhydon|Substitute\n|-damage|p2a: Rhydon|76/100\n|\n|upkeep\n|turn|34\n|inactive|Peasounay has 210 seconds left.\n|\n|t:|1785093873\n|move|p1a: Alakazam|Psychic|p2a: Rhydon\n|-end|p2a: Rhydon|Substitute\n|move|p2a: Rhydon|Earthquake|p1a: Alakazam\n|-damage|p1a: Alakazam|0 fnt\n|faint|p1a: Alakazam\n|inactive|Peasounay has 180 seconds left.\n|inactive|Peasounay has 150 seconds left.\n|\n|t:|1785093932\n|switch|p1a: Snorlax|Snorlax|67/100\n|turn|35\n|\n|t:|1785093937\n|move|p2a: Rhydon|Earthquake|p1a: Snorlax\n|-damage|p1a: Snorlax|30/100\n|move|p1a: Snorlax|Earthquake|p2a: Rhydon\n|-supereffective|p2a: Rhydon\n|-damage|p2a: Rhydon|39/100\n|\n|upkeep\n|turn|36\n|inactive|Peasounay has 150 seconds left.\n|\n|t:|1785093955\n|move|p2a: Rhydon|Earthquake|p1a: Snorlax\n|-damage|p1a: Snorlax|0 fnt\n|faint|p1a: Snorlax\n|\n|t:|1785093956\n|switch|p1a: Tauros|Tauros|20/100\n|turn|37\n|\n|t:|1785093962\n|switch|p2a: Starmie|Starmie|34/100 par\n|move|p1a: Tauros|Body Slam|p2a: Starmie\n|-damage|p2a: Starmie|0 fnt\n|faint|p2a: Starmie\n|\n|t:|1785093972\n|switch|p2a: Cloyster|Cloyster|55/100\n|turn|38\n|\n|t:|1785093978\n|switch|p1a: Chansey|Chansey|100/100 par\n|move|p2a: Cloyster|Blizzard|p1a: Chansey\n|-damage|p1a: Chansey|83/100 par\n|\n|upkeep\n|turn|39\n|inactive|Peasounay has 180 seconds left.\n|\n|t:|1785093984\n|move|p2a: Cloyster|Clamp|p1a: Chansey\n|-damage|p1a: Chansey|77/100 par\n|cant|p1a: Chansey|partiallytrapped\n|\n|upkeep\n|turn|40\n|\n|t:|1785093989\n|move|p2a: Cloyster|Clamp|p1a: Chansey|[from] Clamp\n|-damage|p1a: Chansey|72/100 par\n|\n|upkeep\n|turn|41\n|\n|t:|1785093993\n|move|p2a: Cloyster|Clamp|p1a: Chansey\n|-damage|p1a: Chansey|67/100 par\n|cant|p1a: Chansey|partiallytrapped\n|\n|upkeep\n|turn|42\n|\n|t:|1785093997\n|move|p2a: Cloyster|Clamp|p1a: Chansey|[from] Clamp\n|-damage|p1a: Chansey|62/100 par\n|\n|upkeep\n|turn|43\n|\n|t:|1785093999\n|move|p2a: Cloyster|Clamp|p1a: Chansey|[from] Clamp\n|-damage|p1a: Chansey|57/100 par\n|\n|upkeep\n|turn|44\n|\n|t:|1785094001\n|move|p2a: Cloyster|Clamp|p1a: Chansey|[miss]\n|-miss|p2a: Cloyster\n|move|p1a: Chansey|Seismic Toss|p2a: Cloyster\n|-damage|p2a: Cloyster|22/100\n|\n|upkeep\n|turn|45\n|inactive|Peasounay has 210 seconds left.\n|inactive|Peasounay has 180 seconds left.\n|inactive|Peasounay has 150 seconds left.\n|\n|t:|1785094093\n|move|p2a: Cloyster|Explosion|p1a: Chansey\n|-damage|p1a: Chansey|0 fnt\n|faint|p1a: Chansey\n|faint|p2a: Cloyster\n|\n|t:|1785094099\n|switch|p2a: Alakazam|Alakazam|100/100\n|switch|p1a: Zapdos|Zapdos|100/100\n|turn|46\n|\n|t:|1785094111\n|move|p2a: Alakazam|Thunder Wave|p1a: Zapdos\n|-status|p1a: Zapdos|par\n|move|p1a: Zapdos|Thunder Wave|p2a: Alakazam\n|-status|p2a: Alakazam|par\n|\n|upkeep\n|turn|47\n|\n|t:|1785094121\n|move|p2a: Alakazam|Psychic|p1a: Zapdos\n|-damage|p1a: Zapdos|69/100 par\n|cant|p1a: Zapdos|par\n|\n|upkeep\n|turn|48\n|\n|t:|1785094129\n|move|p2a: Alakazam|Psychic|p1a: Zapdos\n|-crit|p1a: Zapdos\n|-damage|p1a: Zapdos|10/100 par\n|move|p1a: Zapdos|Drill Peck|p2a: Alakazam\n|-damage|p2a: Alakazam|59/100 par\n|\n|upkeep\n|turn|49\n|\n|t:|1785094137\n|move|p2a: Alakazam|Recover|p2a: Alakazam\n|-heal|p2a: Alakazam|100/100 par\n|move|p1a: Zapdos|Drill Peck|p2a: Alakazam\n|-crit|p2a: Alakazam\n|-damage|p2a: Alakazam|18/100 par\n|\n|upkeep\n|turn|50\n|\n|t:|1785094145\n|switch|p2a: Rhydon|Rhydon|39/100\n|move|p1a: Zapdos|Agility|p1a: Zapdos\n|-boost|p1a: Zapdos|spe|2\n|\n|upkeep\n|turn|51\n|inactive|Peasounay has 180 seconds left.\n|\n|t:|1785094153\n|move|p1a: Zapdos|Drill Peck|p2a: Rhydon\n|-resisted|p2a: Rhydon\n|-damage|p2a: Rhydon|30/100\n|move|p2a: Rhydon|Substitute|p2a: Rhydon\n|-start|p2a: Rhydon|Substitute\n|-damage|p2a: Rhydon|5/100\n|\n|upkeep\n|turn|52\n|\n|t:|1785094159\n|move|p1a: Zapdos|Drill Peck|p2a: Rhydon|[miss]\n|-miss|p1a: Zapdos\n|-hint|In Gen 1, moves with 100% accuracy can still miss 1/256 of the time.\n|move|p2a: Rhydon|Body Slam|p1a: Zapdos\n|-damage|p1a: Zapdos|0 fnt\n|faint|p1a: Zapdos\n|\n|t:|1785094161\n|switch|p1a: Tauros|Tauros|20/100\n|turn|53\n|\n|t:|1785094163\n|move|p1a: Tauros|Earthquake|p2a: Rhydon\n|-crit|p2a: Rhydon\n|-supereffective|p2a: Rhydon\n|-end|p2a: Rhydon|Substitute\n|move|p2a: Rhydon|Earthquake|p1a: Tauros\n|-damage|p1a: Tauros|0 fnt\n|faint|p1a: Tauros\n|\n|win|stunner047\n|c|☆Peasounay|gg\n|c|☆stunner047|gg\n|c|☆stunner047|/log stunner047 made the replay of this battle unlisted.\n|player|p1|\n|player|p2|\n","uploadtime":1785094163,"views":"33","formatid":"gen1ou","rating":null,"private":2,"password":null}