{"id":"smogtours-gen1ou-956672","format":"[Gen 1] OU","players":["SOULWIND","Cakeconnesseur"],"log":"|inactive|Battle timer is ON: inactive players will automatically lose when time's up.\n|t:|1784322281\n|gametype|singles\n|player|p1|SOULWIND|#wcop2024spain2|\n|player|p2|Cakeconnesseur|#adpl9|\n|gen|1\n|tier|[Gen 1] OU\n|rule|Desync Clause Mod: Desyncs resolve to link battle behavior from the acting player's perspective.\n|rule|HP Percentage Mod: HP is shown in percentages\n|rule|Endless Battle Clause: Forcing endless battles is banned\n|rule|Sleep Clause Mod: Limit one foe put to sleep\n|rule|Freeze Clause Mod: Limit one foe frozen\n|rule|Species Clause: Limit one of each Pokémon\n|rule|OHKO Clause: OHKO moves are banned\n|rule|Evasion Moves Clause: Evasion moves are banned\n|\n|t:|1784322281\n|teamsize|p1|6\n|teamsize|p2|6\n|start\n|switch|p1a: Jynx|Jynx|100/100\n|switch|p2a: Gengar|Gengar|100/100\n|turn|1\n|\n|t:|1784322307\n|move|p2a: Gengar|Hypnosis|p1a: Jynx|[miss]\n|-miss|p2a: Gengar\n|move|p1a: Jynx|Lovely Kiss|p2a: Gengar\n|-status|p2a: Gengar|slp|[from] move: Lovely Kiss\n|\n|upkeep\n|turn|2\n|c|☆SOULWIND|/log SOULWIND made the replay of this battle unlisted.\n|\n|t:|1784322313\n|switch|p2a: Starmie|Starmie|100/100\n|move|p1a: Jynx|Blizzard|p2a: Starmie\n|-resisted|p2a: Starmie\n|-damage|p2a: Starmie|79/100\n|\n|upkeep\n|turn|3\n|\n|t:|1784322321\n|switch|p1a: Chansey|Chansey|100/100\n|move|p2a: Starmie|Surf|p1a: Chansey\n|-crit|p1a: Chansey\n|-damage|p1a: Chansey|71/100\n|\n|upkeep\n|turn|4\n|c|+egalvanc|Rby cup? \n|\n|t:|1784322328\n|switch|p2a: Gengar|Gengar|100/100 slp\n|move|p1a: Chansey|Thunder Wave|p2a: Gengar\n|-fail|p2a: Gengar\n|\n|upkeep\n|turn|5\n|c|☆Cakeconnesseur|Invitational\n|\n|t:|1784322334\n|cant|p2a: Gengar|slp\n|move|p1a: Chansey|Seismic Toss|p2a: Gengar\n|-damage|p2a: Gengar|70/100 slp\n|\n|upkeep\n|turn|6\n|\n|t:|1784322337\n|switch|p2a: Exeggutor|Exeggutor|100/100\n|move|p1a: Chansey|Seismic Toss|p2a: Exeggutor\n|-damage|p2a: Exeggutor|75/100\n|\n|upkeep\n|turn|7\n|\n|t:|1784322341\n|switch|p1a: Jynx|Jynx|100/100\n|move|p2a: Exeggutor|Sleep Powder|p1a: Jynx\n|-status|p1a: Jynx|slp|[from] move: Sleep Powder\n|\n|upkeep\n|turn|8\n|\n|t:|1784322352\n|switch|p1a: Chansey|Chansey|71/100\n|switch|p2a: Tauros|Tauros|100/100\n|\n|upkeep\n|turn|9\n|\n|t:|1784322373\n|switch|p2a: Gengar|Gengar|70/100 slp\n|move|p1a: Chansey|Thunder Wave|p2a: Gengar\n|-fail|p2a: Gengar\n|\n|upkeep\n|turn|10\n|\n|t:|1784322376\n|switch|p2a: Exeggutor|Exeggutor|75/100\n|move|p1a: Chansey|Seismic Toss|p2a: Exeggutor\n|-damage|p2a: Exeggutor|50/100\n|\n|upkeep\n|turn|11\n|\n|t:|1784322379\n|move|p2a: Exeggutor|Stun Spore|p1a: Chansey\n|-status|p1a: Chansey|par\n|move|p1a: Chansey|Thunder Wave|p2a: Exeggutor\n|-status|p2a: Exeggutor|par\n|\n|upkeep\n|turn|12\n|\n|t:|1784322383\n|move|p2a: Exeggutor|Explosion|p1a: Chansey\n|-damage|p1a: Chansey|0 fnt\n|faint|p1a: Chansey\n|faint|p2a: Exeggutor\n|\n|t:|1784322400\n|switch|p2a: Snorlax|Snorlax|100/100\n|switch|p1a: Starmie|Starmie|100/100\n|turn|13\n|\n|t:|1784322404\n|move|p1a: Starmie|Thunder Wave|p2a: Snorlax\n|-status|p2a: Snorlax|par\n|move|p2a: Snorlax|Body Slam|p1a: Starmie\n|-damage|p1a: Starmie|62/100\n|\n|upkeep\n|turn|14\n|\n|t:|1784322412\n|move|p1a: Starmie|Recover|p1a: Starmie\n|-heal|p1a: Starmie|100/100\n|move|p2a: Snorlax|Body Slam|p1a: Starmie\n|-damage|p1a: Starmie|66/100\n|\n|upkeep\n|turn|15\n|\n|t:|1784322418\n|move|p1a: Starmie|Recover|p1a: Starmie\n|-heal|p1a: Starmie|100/100\n|move|p2a: Snorlax|Body Slam|p1a: Starmie\n|-damage|p1a: Starmie|65/100\n|-status|p1a: Starmie|par\n|\n|upkeep\n|turn|16\n|\n|t:|1784322424\n|switch|p2a: Starmie|Starmie|79/100\n|cant|p1a: Starmie|par\n|\n|upkeep\n|turn|17\n|\n|t:|1784322432\n|switch|p1a: Exeggutor|Exeggutor|100/100\n|move|p2a: Starmie|Thunderbolt|p1a: Exeggutor\n|-resisted|p1a: Exeggutor\n|-damage|p1a: Exeggutor|93/100\n|\n|upkeep\n|turn|18\n|\n|t:|1784322436\n|move|p2a: Starmie|Thunder Wave|p1a: Exeggutor\n|-status|p1a: Exeggutor|par\n|move|p1a: Exeggutor|Psychic|p2a: Starmie\n|-resisted|p2a: Starmie\n|-damage|p2a: Starmie|60/100\n|-unboost|p2a: Starmie|spa|1\n|-unboost|p2a: Starmie|spd|1\n|\n|upkeep\n|turn|19\n|\n|t:|1784322440\n|move|p2a: Starmie|Recover|p2a: Starmie\n|-heal|p2a: Starmie|100/100\n|move|p1a: Exeggutor|Mega Drain|p2a: Starmie\n|-supereffective|p2a: Starmie\n|-damage|p2a: Starmie|45/100\n|-heal|p1a: Exeggutor|100/100 par|[from] drain|[of] p2a: Starmie\n|\n|upkeep\n|turn|20\n|\n|t:|1784322443\n|move|p2a: Starmie|Recover|p2a: Starmie\n|-heal|p2a: Starmie|95/100\n|move|p1a: Exeggutor|Psychic|p2a: Starmie\n|-resisted|p2a: Starmie\n|-damage|p2a: Starmie|68/100\n|\n|upkeep\n|turn|21\n|\n|t:|1784322448\n|move|p2a: Starmie|Recover|p2a: Starmie\n|-heal|p2a: Starmie|100/100\n|move|p1a: Exeggutor|Psychic|p2a: Starmie\n|-resisted|p2a: Starmie\n|-damage|p2a: Starmie|69/100\n|\n|upkeep\n|turn|22\n|\n|t:|1784322451\n|move|p2a: Starmie|Recover|p2a: Starmie\n|-heal|p2a: Starmie|100/100\n|move|p1a: Exeggutor|Psychic|p2a: Starmie\n|-resisted|p2a: Starmie\n|-damage|p2a: Starmie|72/100\n|-unboost|p2a: Starmie|spa|1\n|-unboost|p2a: Starmie|spd|1\n|\n|upkeep\n|turn|23\n|\n|t:|1784322454\n|switch|p2a: Alakazam|Alakazam|100/100\n|move|p1a: Exeggutor|Psychic|p2a: Alakazam\n|-resisted|p2a: Alakazam\n|-damage|p2a: Alakazam|85/100\n|\n|upkeep\n|turn|24\n|\n|t:|1784322461\n|move|p2a: Alakazam|Seismic Toss|p1a: Exeggutor\n|-damage|p1a: Exeggutor|75/100 par\n|move|p1a: Exeggutor|Mega Drain|p2a: Alakazam\n|-damage|p2a: Alakazam|71/100\n|-heal|p1a: Exeggutor|80/100 par|[from] drain|[of] p2a: Alakazam\n|\n|upkeep\n|turn|25\n|\n|t:|1784322465\n|switch|p1a: Snorlax|Snorlax|100/100\n|move|p2a: Alakazam|Psychic|p1a: Snorlax\n|-damage|p1a: Snorlax|65/100\n|\n|upkeep\n|turn|26\n|inactive|Cakeconnesseur has 270 seconds left.\n|\n|t:|1784322511\n|switch|p2a: Gengar|Gengar|70/100 slp\n|move|p1a: Snorlax|Body Slam|p2a: Gengar\n|-immune|p2a: Gengar\n|\n|upkeep\n|turn|27\n|\n|t:|1784322516\n|switch|p2a: Tauros|Tauros|100/100\n|move|p1a: Snorlax|Earthquake|p2a: Tauros\n|-damage|p2a: Tauros|74/100\n|\n|upkeep\n|turn|28\n|\n|t:|1784322521\n|move|p2a: Tauros|Body Slam|p1a: Snorlax\n|-damage|p1a: Snorlax|42/100\n|move|p1a: Snorlax|Reflect|p1a: Snorlax\n|-start|p1a: Snorlax|Reflect\n|\n|upkeep\n|turn|29\n|\n|t:|1784322526\n|move|p2a: Tauros|Body Slam|p1a: Snorlax\n|-damage|p1a: Snorlax|29/100\n|move|p1a: Snorlax|Body Slam|p2a: Tauros\n|-damage|p2a: Tauros|43/100\n|\n|upkeep\n|turn|30\n|\n|t:|1784322530\n|move|p2a: Tauros|Body Slam|p1a: Snorlax\n|-damage|p1a: Snorlax|16/100\n|move|p1a: Snorlax|Rest|p1a: Snorlax\n|-status|p1a: Snorlax|slp|[from] move: Rest\n|-heal|p1a: Snorlax|100/100 slp|[silent]\n|\n|upkeep\n|turn|31\n|\n|t:|1784322533\n|switch|p2a: Alakazam|Alakazam|71/100\n|cant|p1a: Snorlax|slp\n|\n|upkeep\n|turn|32\n|\n|t:|1784322536\n|switch|p1a: Jynx|Jynx|100/100 slp\n|move|p2a: Alakazam|Psychic|p1a: Jynx\n|-resisted|p1a: Jynx\n|-damage|p1a: Jynx|81/100 slp\n|\n|upkeep\n|turn|33\n|\n|t:|1784322539\n|move|p2a: Alakazam|Seismic Toss|p1a: Jynx\n|-damage|p1a: Jynx|51/100 slp\n|cant|p1a: Jynx|slp\n|\n|upkeep\n|turn|34\n|\n|t:|1784322543\n|move|p2a: Alakazam|Seismic Toss|p1a: Jynx\n|-damage|p1a: Jynx|21/100 slp\n|cant|p1a: Jynx|slp\n|\n|upkeep\n|turn|35\n|\n|t:|1784322545\n|move|p2a: Alakazam|Recover|p2a: Alakazam\n|-heal|p2a: Alakazam|100/100\n|cant|p1a: Jynx|slp\n|\n|upkeep\n|turn|36\n|\n|t:|1784322556\n|switch|p2a: Starmie|Starmie|72/100\n|cant|p1a: Jynx|slp\n|\n|upkeep\n|turn|37\n|\n|t:|1784322561\n|switch|p1a: Exeggutor|Exeggutor|80/100 par\n|move|p2a: Starmie|Surf|p1a: Exeggutor\n|-resisted|p1a: Exeggutor\n|-damage|p1a: Exeggutor|68/100 par\n|\n|upkeep\n|turn|38\n|\n|t:|1784322564\n|move|p2a: Starmie|Recover|p2a: Starmie\n|-heal|p2a: Starmie|100/100\n|move|p1a: Exeggutor|Mega Drain|p2a: Starmie\n|-supereffective|p2a: Starmie\n|-damage|p2a: Starmie|64/100\n|-heal|p1a: Exeggutor|83/100 par|[from] drain|[of] p2a: Starmie\n|\n|upkeep\n|turn|39\n|\n|t:|1784322567\n|move|p2a: Starmie|Recover|p2a: Starmie\n|-heal|p2a: Starmie|100/100\n|move|p1a: Exeggutor|Mega Drain|p2a: Starmie\n|-supereffective|p2a: Starmie\n|-damage|p2a: Starmie|66/100\n|-heal|p1a: Exeggutor|97/100 par|[from] drain|[of] p2a: Starmie\n|\n|upkeep\n|turn|40\n|\n|t:|1784322571\n|move|p2a: Starmie|Recover|p2a: Starmie\n|-heal|p2a: Starmie|100/100\n|move|p1a: Exeggutor|Psychic|p2a: Starmie\n|-resisted|p2a: Starmie\n|-damage|p2a: Starmie|83/100\n|\n|upkeep\n|turn|41\n|\n|t:|1784322574\n|move|p2a: Starmie|Recover|p2a: Starmie\n|-heal|p2a: Starmie|100/100\n|move|p1a: Exeggutor|Mega Drain|p2a: Starmie\n|-supereffective|p2a: Starmie\n|-damage|p2a: Starmie|67/100\n|-heal|p1a: Exeggutor|100/100 par|[from] drain|[of] p2a: Starmie\n|\n|upkeep\n|turn|42\n|\n|t:|1784322577\n|move|p2a: Starmie|Recover|p2a: Starmie\n|-heal|p2a: Starmie|100/100\n|move|p1a: Exeggutor|Psychic|p2a: Starmie\n|-resisted|p2a: Starmie\n|-damage|p2a: Starmie|82/100\n|\n|upkeep\n|turn|43\n|\n|t:|1784322580\n|move|p2a: Starmie|Recover|p2a: Starmie\n|-heal|p2a: Starmie|100/100\n|move|p1a: Exeggutor|Psychic|p2a: Starmie\n|-resisted|p2a: Starmie\n|-damage|p2a: Starmie|81/100\n|\n|upkeep\n|turn|44\n|\n|t:|1784322583\n|move|p2a: Starmie|Surf|p1a: Exeggutor\n|-crit|p1a: Exeggutor\n|-resisted|p1a: Exeggutor\n|-damage|p1a: Exeggutor|78/100 par\n|move|p1a: Exeggutor|Psychic|p2a: Starmie\n|-resisted|p2a: Starmie\n|-damage|p2a: Starmie|61/100\n|\n|upkeep\n|turn|45\n|\n|t:|1784322587\n|move|p2a: Starmie|Recover|p2a: Starmie\n|-heal|p2a: Starmie|100/100\n|move|p1a: Exeggutor|Psychic|p2a: Starmie\n|-resisted|p2a: Starmie\n|-damage|p2a: Starmie|81/100\n|\n|upkeep\n|turn|46\n|\n|t:|1784322593\n|move|p2a: Starmie|Recover|p2a: Starmie\n|-heal|p2a: Starmie|100/100\n|cant|p1a: Exeggutor|par\n|\n|upkeep\n|turn|47\n|\n|t:|1784322598\n|move|p2a: Starmie|Surf|p1a: Exeggutor\n|-resisted|p1a: Exeggutor\n|-damage|p1a: Exeggutor|65/100 par\n|move|p1a: Exeggutor|Mega Drain|p2a: Starmie\n|-crit|p2a: Starmie\n|-supereffective|p2a: Starmie\n|-damage|p2a: Starmie|36/100\n|-heal|p1a: Exeggutor|92/100 par|[from] drain|[of] p2a: Starmie\n|\n|upkeep\n|turn|48\n|\n|t:|1784322604\n|move|p2a: Starmie|Recover|p2a: Starmie\n|-heal|p2a: Starmie|86/100\n|cant|p1a: Exeggutor|par\n|\n|upkeep\n|turn|49\n|\n|t:|1784322608\n|move|p2a: Starmie|Recover|p2a: Starmie\n|-heal|p2a: Starmie|100/100\n|cant|p1a: Exeggutor|par\n|\n|upkeep\n|turn|50\n|\n|t:|1784322613\n|move|p2a: Starmie|Surf|p1a: Exeggutor\n|-resisted|p1a: Exeggutor\n|-damage|p1a: Exeggutor|79/100 par\n|move|p1a: Exeggutor|Mega Drain|p2a: Starmie\n|-supereffective|p2a: Starmie\n|-damage|p2a: Starmie|63/100\n|-heal|p1a: Exeggutor|94/100 par|[from] drain|[of] p2a: Starmie\n|\n|upkeep\n|turn|51\n|\n|t:|1784322616\n|move|p2a: Starmie|Recover|p2a: Starmie\n|-heal|p2a: Starmie|100/100\n|move|p1a: Exeggutor|Psychic|p2a: Starmie\n|-resisted|p2a: Starmie\n|-damage|p2a: Starmie|82/100\n|\n|upkeep\n|turn|52\n|\n|t:|1784322620\n|move|p2a: Starmie|Recover|p2a: Starmie\n|-heal|p2a: Starmie|100/100\n|move|p1a: Exeggutor|Psychic|p2a: Starmie\n|-crit|p2a: Starmie\n|-resisted|p2a: Starmie\n|-damage|p2a: Starmie|63/100\n|-unboost|p2a: Starmie|spa|1\n|-unboost|p2a: Starmie|spd|1\n|\n|upkeep\n|turn|53\n|\n|t:|1784322623\n|move|p2a: Starmie|Recover|p2a: Starmie\n|-heal|p2a: Starmie|100/100\n|cant|p1a: Exeggutor|par\n|\n|upkeep\n|turn|54\n|\n|t:|1784322628\n|switch|p2a: Alakazam|Alakazam|100/100\n|move|p1a: Exeggutor|Mega Drain|p2a: Alakazam\n|-damage|p2a: Alakazam|87/100\n|-heal|p1a: Exeggutor|99/100 par|[from] drain|[of] p2a: Alakazam\n|\n|upkeep\n|turn|55\n|\n|t:|1784322632\n|switch|p2a: Starmie|Starmie|100/100\n|cant|p1a: Exeggutor|par\n|\n|upkeep\n|turn|56\n|\n|t:|1784322635\n|move|p2a: Starmie|Surf|p1a: Exeggutor\n|-crit|p1a: Exeggutor\n|-resisted|p1a: Exeggutor\n|-damage|p1a: Exeggutor|77/100 par\n|cant|p1a: Exeggutor|par\n|\n|upkeep\n|turn|57\n|\n|t:|1784322638\n|move|p2a: Starmie|Surf|p1a: Exeggutor|[miss]\n|-miss|p2a: Starmie\n|-hint|In Gen 1, moves with 100% accuracy can still miss 1/256 of the time.\n|cant|p1a: Exeggutor|par\n|\n|upkeep\n|turn|58\n|\n|t:|1784322641\n|move|p2a: Starmie|Surf|p1a: Exeggutor\n|-crit|p1a: Exeggutor\n|-resisted|p1a: Exeggutor\n|-damage|p1a: Exeggutor|55/100 par\n|move|p1a: Exeggutor|Mega Drain|p2a: Starmie\n|-supereffective|p2a: Starmie\n|-damage|p2a: Starmie|67/100\n|-heal|p1a: Exeggutor|69/100 par|[from] drain|[of] p2a: Starmie\n|\n|upkeep\n|turn|59\n|\n|t:|1784322645\n|move|p2a: Starmie|Recover|p2a: Starmie\n|-heal|p2a: Starmie|100/100\n|move|p1a: Exeggutor|Mega Drain|p2a: Starmie\n|-supereffective|p2a: Starmie\n|-damage|p2a: Starmie|65/100\n|-heal|p1a: Exeggutor|83/100 par|[from] drain|[of] p2a: Starmie\n|\n|upkeep\n|turn|60\n|\n|t:|1784322648\n|move|p2a: Starmie|Recover|p2a: Starmie\n|-heal|p2a: Starmie|100/100\n|move|p1a: Exeggutor|Psychic|p2a: Starmie\n|-resisted|p2a: Starmie\n|-damage|p2a: Starmie|83/100\n|\n|upkeep\n|turn|61\n|\n|t:|1784322651\n|move|p2a: Starmie|Recover|p2a: Starmie\n|-heal|p2a: Starmie|100/100\n|move|p1a: Exeggutor|Psychic|p2a: Starmie\n|-resisted|p2a: Starmie\n|-damage|p2a: Starmie|81/100\n|\n|upkeep\n|turn|62\n|\n|t:|1784322655\n|move|p2a: Starmie|Recover|p2a: Starmie\n|-heal|p2a: Starmie|100/100\n|cant|p1a: Exeggutor|par\n|\n|upkeep\n|turn|63\n|\n|t:|1784322658\n|move|p2a: Starmie|Surf|p1a: Exeggutor\n|-resisted|p1a: Exeggutor\n|-damage|p1a: Exeggutor|70/100 par\n|move|p1a: Exeggutor|Mega Drain|p2a: Starmie\n|-supereffective|p2a: Starmie\n|-damage|p2a: Starmie|68/100\n|-heal|p1a: Exeggutor|83/100 par|[from] drain|[of] p2a: Starmie\n|\n|upkeep\n|turn|64\n|\n|t:|1784322662\n|move|p2a: Starmie|Recover|p2a: Starmie\n|-heal|p2a: Starmie|100/100\n|cant|p1a: Exeggutor|par\n|\n|upkeep\n|turn|65\n|\n|t:|1784322666\n|move|p2a: Starmie|Thunderbolt|p1a: Exeggutor\n|-crit|p1a: Exeggutor\n|-resisted|p1a: Exeggutor\n|-damage|p1a: Exeggutor|69/100 par\n|move|p1a: Exeggutor|Mega Drain|p2a: Starmie\n|-supereffective|p2a: Starmie\n|-damage|p2a: Starmie|69/100\n|-heal|p1a: Exeggutor|82/100 par|[from] drain|[of] p2a: Starmie\n|\n|upkeep\n|turn|66\n|\n|t:|1784322669\n|move|p2a: Starmie|Recover|p2a: Starmie\n|-heal|p2a: Starmie|100/100\n|move|p1a: Exeggutor|Psychic|p2a: Starmie\n|-resisted|p2a: Starmie\n|-damage|p2a: Starmie|83/100\n|\n|upkeep\n|turn|67\n|\n|t:|1784322673\n|move|p2a: Starmie|Recover|p2a: Starmie\n|-heal|p2a: Starmie|100/100\n|cant|p1a: Exeggutor|par\n|\n|upkeep\n|turn|68\n|\n|t:|1784322676\n|move|p2a: Starmie|Thunderbolt|p1a: Exeggutor\n|-resisted|p1a: Exeggutor\n|-damage|p1a: Exeggutor|74/100 par\n|move|p1a: Exeggutor|Psychic|p2a: Starmie\n|-crit|p2a: Starmie\n|-resisted|p2a: Starmie\n|-damage|p2a: Starmie|62/100\n|\n|upkeep\n|turn|69\n|\n|t:|1784322679\n|move|p2a: Starmie|Recover|p2a: Starmie\n|-heal|p2a: Starmie|100/100\n|cant|p1a: Exeggutor|par\n|\n|upkeep\n|turn|70\n|\n|t:|1784322683\n|move|p2a: Starmie|Thunderbolt|p1a: Exeggutor\n|-resisted|p1a: Exeggutor\n|-damage|p1a: Exeggutor|66/100 par\n|cant|p1a: Exeggutor|par\n|\n|upkeep\n|turn|71\n|\n|t:|1784322687\n|move|p2a: Starmie|Thunderbolt|p1a: Exeggutor\n|-resisted|p1a: Exeggutor\n|-damage|p1a: Exeggutor|57/100 par\n|move|p1a: Exeggutor|Mega Drain|p2a: Starmie\n|-supereffective|p2a: Starmie\n|-damage|p2a: Starmie|63/100\n|-heal|p1a: Exeggutor|73/100 par|[from] drain|[of] p2a: Starmie\n|\n|upkeep\n|turn|72\n|\n|t:|1784322699\n|move|p2a: Starmie|Recover|p2a: Starmie\n|-heal|p2a: Starmie|100/100\n|move|p1a: Exeggutor|Mega Drain|p2a: Starmie\n|-crit|p2a: Starmie\n|-supereffective|p2a: Starmie\n|-damage|p2a: Starmie|27/100\n|-heal|p1a: Exeggutor|100/100 par|[from] drain|[of] p2a: Starmie\n|\n|upkeep\n|turn|73\n|\n|t:|1784322703\n|switch|p2a: Gengar|Gengar|70/100 slp\n|move|p1a: Exeggutor|Explosion|p2a: Gengar\n|-immune|p2a: Gengar\n|faint|p1a: Exeggutor\n|\n|t:|1784322712\n|switch|p1a: Snorlax|Snorlax|100/100 slp\n|turn|74\n|\n|t:|1784322732\n|switch|p2a: Tauros|Tauros|43/100\n|-curestatus|p1a: Snorlax|slp|[msg]\n|\n|upkeep\n|turn|75\n|\n|t:|1784322736\n|move|p2a: Tauros|Body Slam|p1a: Snorlax\n|-damage|p1a: Snorlax|74/100\n|move|p1a: Snorlax|Reflect|p1a: Snorlax\n|-start|p1a: Snorlax|Reflect\n|\n|upkeep\n|turn|76\n|\n|t:|1784322739\n|move|p2a: Tauros|Blizzard|p1a: Snorlax\n|-damage|p1a: Snorlax|56/100\n|move|p1a: Snorlax|Body Slam|p2a: Tauros\n|-damage|p2a: Tauros|12/100\n|\n|upkeep\n|turn|77\n|\n|t:|1784322744\n|move|p2a: Tauros|Hyper Beam|p1a: Snorlax\n|-damage|p1a: Snorlax|33/100\n|-mustrecharge|p2a: Tauros\n|move|p1a: Snorlax|Body Slam|p2a: Tauros\n|-damage|p2a: Tauros|0 fnt\n|faint|p2a: Tauros\n|inactive|Cakeconnesseur has 270 seconds left.\n|\n|t:|1784322776\n|switch|p2a: Alakazam|Alakazam|87/100\n|turn|78\n|\n|t:|1784322781\n|switch|p1a: Jynx|Jynx|21/100 slp\n|move|p2a: Alakazam|Psychic|p1a: Jynx\n|-resisted|p1a: Jynx\n|-damage|p1a: Jynx|0 fnt\n|faint|p1a: Jynx\n|\n|t:|1784322784\n|switch|p1a: Starmie|Starmie|65/100 par\n|turn|79\n|\n|t:|1784322794\n|switch|p2a: Snorlax|Snorlax|100/100 par\n|move|p1a: Starmie|Recover|p1a: Starmie\n|-heal|p1a: Starmie|100/100 par\n|\n|upkeep\n|turn|80\n|\n|t:|1784322798\n|move|p1a: Starmie|Surf|p2a: Snorlax\n|-damage|p2a: Snorlax|71/100 par\n|move|p2a: Snorlax|Body Slam|p1a: Starmie\n|-damage|p1a: Starmie|64/100 par\n|\n|upkeep\n|turn|81\n|\n|t:|1784322803\n|move|p1a: Starmie|Recover|p1a: Starmie\n|-heal|p1a: Starmie|100/100 par\n|cant|p2a: Snorlax|par\n|\n|upkeep\n|turn|82\n|\n|t:|1784322807\n|move|p1a: Starmie|Surf|p2a: Snorlax\n|-crit|p2a: Snorlax\n|-damage|p2a: Snorlax|20/100 par\n|move|p2a: Snorlax|Self-Destruct|p1a: Starmie\n|-damage|p1a: Starmie|0 fnt\n|faint|p1a: Starmie\n|faint|p2a: Snorlax\n|\n|t:|1784322837\n|switch|p1a: Tauros|Tauros|100/100\n|switch|p2a: Alakazam|Alakazam|87/100\n|turn|83\n|\n|t:|1784322846\n|move|p2a: Alakazam|Thunder Wave|p1a: Tauros\n|-status|p1a: Tauros|par\n|move|p1a: Tauros|Hyper Beam|p2a: Alakazam\n|-damage|p2a: Alakazam|0 fnt\n|faint|p2a: Alakazam\n|\n|t:|1784322848\n|switch|p2a: Starmie|Starmie|27/100\n|turn|84\n|\n|t:|1784322854\n|move|p2a: Starmie|Recover|p2a: Starmie\n|-heal|p2a: Starmie|77/100\n|cant|p1a: Tauros|par\n|\n|upkeep\n|turn|85\n|\n|t:|1784322858\n|move|p2a: Starmie|Surf|p1a: Tauros\n|-damage|p1a: Tauros|60/100 par\n|move|p1a: Tauros|Body Slam|p2a: Starmie\n|-damage|p2a: Starmie|44/100\n|-status|p2a: Starmie|par\n|\n|upkeep\n|turn|86\n|\n|t:|1784322866\n|cant|p2a: Starmie|par\n|move|p1a: Tauros|Thunderbolt|p2a: Starmie\n|-supereffective|p2a: Starmie\n|-damage|p2a: Starmie|6/100 par\n|\n|upkeep\n|turn|87\n|\n|t:|1784322871\n|cant|p2a: Starmie|par\n|move|p1a: Tauros|Hyper Beam|p2a: Starmie\n|-crit|p2a: Starmie\n|-damage|p2a: Starmie|0 fnt\n|faint|p2a: Starmie\n|\n|t:|1784322872\n|switch|p2a: Gengar|Gengar|70/100 slp\n|turn|88\n|\n|t:|1784322875\n|switch|p1a: Snorlax|Snorlax|33/100\n|-curestatus|p2a: Gengar|slp|[msg]\n|\n|upkeep\n|turn|89\n|inactive|Cakeconnesseur has 270 seconds left.\n|\n|t:|1784322911\n|move|p2a: Gengar|Hypnosis|p1a: Snorlax|[miss]\n|-miss|p2a: Gengar\n|move|p1a: Snorlax|Earthquake|p2a: Gengar\n|-supereffective|p2a: Gengar\n|-damage|p2a: Gengar|0 fnt\n|faint|p2a: Gengar\n|\n|win|SOULWIND\n|player|p1|\n|player|p1|SOULWIND|#wcop2024spain2|\n","uploadtime":1784322911,"views":"79","formatid":"gen1ou","rating":null,"private":2,"password":null}