{"id":"smogtours-gen1ou-913452","format":"[Gen 1] OU","players":["BeeOrSomething","sadisticnarwhal"],"log":"|inactive|Battle timer is ON: inactive players will automatically lose when time's up.\n|t:|1772379996\n|gametype|singles\n|player|p1|BeeOrSomething|#beeorsomething|\n|player|p2|sadisticnarwhal|#splxviiruiners2|\n|gen|1\n|tier|[Gen 1] OU\n|rule|Desync Clause Mod: Desyncs changed to move failure.\n|rule|Sleep Clause Mod: Limit one foe put to sleep\n|rule|Freeze Clause Mod: Limit one foe frozen\n|rule|Species Clause: Limit one of each Pokémon\n|rule|OHKO Clause: OHKO moves are banned\n|rule|Evasion Moves Clause: Evasion moves are banned\n|rule|Endless Battle Clause: Forcing endless battles is banned\n|rule|HP Percentage Mod: HP is shown in percentages\n|\n|t:|1772379996\n|teamsize|p1|6\n|teamsize|p2|6\n|start\n|switch|p1a: Half Life 3|Gengar|100/100\n|switch|p2a: Jynx|Jynx|100/100\n|turn|1\n|c|☆BeeOrSomething|glhf\n|c|☆sadisticnarwhal|hf\n|\n|t:|1772380006\n|move|p1a: Half Life 3|Hypnosis|p2a: Jynx\n|-status|p2a: Jynx|slp|[from] move: Hypnosis\n|cant|p2a: Jynx|slp\n|\n|upkeep\n|turn|2\n|\n|t:|1772380012\n|switch|p2a: Chansey|Chansey|100/100\n|move|p1a: Half Life 3|Night Shade|p2a: Chansey\n|-damage|p2a: Chansey|86/100\n|\n|upkeep\n|turn|3\n|\n|t:|1772380017\n|move|p1a: Half Life 3|Explosion|p2a: Chansey\n|-crit|p2a: Chansey\n|-damage|p2a: Chansey|0 fnt\n|faint|p2a: Chansey\n|faint|p1a: Half Life 3\n|c|+Alpha1013|spl?\n|c|☆BeeOrSomething|y\n|\n|t:|1772380026\n|switch|p1a: Silksong|Chansey|100/100\n|switch|p2a: Starmie|Starmie|100/100\n|turn|4\n|\n|t:|1772380028\n|move|p2a: Starmie|Thunder Wave|p1a: Silksong\n|-status|p1a: Silksong|par\n|cant|p1a: Silksong|par\n|\n|upkeep\n|turn|5\n|\n|t:|1772380033\n|switch|p2a: Jynx|Jynx|100/100 slp\n|move|p1a: Silksong|Thunder Wave|p2a: Jynx\n|-fail|p2a: Jynx\n|\n|upkeep\n|turn|6\n|\n|t:|1772380036\n|switch|p2a: Snorlax|Snorlax|100/100\n|move|p1a: Silksong|Thunder Wave|p2a: Snorlax\n|-status|p2a: Snorlax|par\n|\n|upkeep\n|turn|7\n|rated|Smogon Premier League\n|\n|t:|1772380042\n|switch|p1a: KOTOR Remake|Snorlax|100/100\n|move|p2a: Snorlax|Reflect|p2a: Snorlax\n|-start|p2a: Snorlax|Reflect\n|\n|upkeep\n|turn|8\n|\n|t:|1772380053\n|switch|p1a: GTA 6|Cloyster|100/100\n|cant|p2a: Snorlax|par\n|\n|upkeep\n|turn|9\n|\n|t:|1772380061\n|switch|p2a: Starmie|Starmie|100/100\n|move|p1a: GTA 6|Blizzard|p2a: Starmie\n|-crit|p2a: Starmie\n|-resisted|p2a: Starmie\n|-damage|p2a: Starmie|60/100\n|\n|upkeep\n|turn|10\n|\n|t:|1772380067\n|switch|p1a: KOTOR Remake|Snorlax|100/100\n|move|p2a: Starmie|Recover|p2a: Starmie\n|-heal|p2a: Starmie|100/100\n|\n|upkeep\n|turn|11\n|\n|t:|1772380073\n|move|p2a: Starmie|Thunder Wave|p1a: KOTOR Remake\n|-status|p1a: KOTOR Remake|par\n|move|p1a: KOTOR Remake|Body Slam|p2a: Starmie\n|-damage|p2a: Starmie|67/100\n|-status|p2a: Starmie|par\n|\n|upkeep\n|turn|12\n|\n|t:|1772380078\n|move|p2a: Starmie|Recover|p2a: Starmie\n|-heal|p2a: Starmie|100/100 par\n|move|p1a: KOTOR Remake|Body Slam|p2a: Starmie\n|-damage|p2a: Starmie|65/100 par\n|\n|upkeep\n|turn|13\n|\n|t:|1772380082\n|cant|p2a: Starmie|par\n|move|p1a: KOTOR Remake|Body Slam|p2a: Starmie\n|-damage|p2a: Starmie|28/100 par\n|\n|upkeep\n|turn|14\n|\n|t:|1772380094\n|cant|p2a: Starmie|par\n|move|p1a: KOTOR Remake|Body Slam|p2a: Starmie\n|-damage|p2a: Starmie|0 fnt\n|faint|p2a: Starmie\n|\n|t:|1772380097\n|switch|p2a: Rhydon|Rhydon|100/100\n|turn|15\n|\n|t:|1772380102\n|move|p2a: Rhydon|Rock Slide|p1a: KOTOR Remake\n|-damage|p1a: KOTOR Remake|73/100 par\n|move|p1a: KOTOR Remake|Earthquake|p2a: Rhydon\n|-supereffective|p2a: Rhydon\n|-damage|p2a: Rhydon|66/100\n|\n|upkeep\n|turn|16\n|\n|t:|1772380109\n|move|p2a: Rhydon|Rock Slide|p1a: KOTOR Remake\n|-damage|p1a: KOTOR Remake|46/100 par\n|move|p1a: KOTOR Remake|Earthquake|p2a: Rhydon\n|-supereffective|p2a: Rhydon\n|-damage|p2a: Rhydon|29/100\n|\n|upkeep\n|turn|17\n|\n|t:|1772380119\n|move|p2a: Rhydon|Substitute|p2a: Rhydon\n|-start|p2a: Rhydon|Substitute\n|-damage|p2a: Rhydon|4/100\n|move|p1a: KOTOR Remake|Earthquake|p2a: Rhydon\n|-supereffective|p2a: Rhydon\n|-end|p2a: Rhydon|Substitute\n|\n|upkeep\n|turn|18\n|\n|t:|1772380124\n|switch|p1a: Thrice Upon A Time|Exeggutor|100/100\n|move|p2a: Rhydon|Earthquake|p1a: Thrice Upon A Time\n|-crit|p1a: Thrice Upon A Time\n|-resisted|p1a: Thrice Upon A Time\n|-damage|p1a: Thrice Upon A Time|61/100\n|\n|upkeep\n|turn|19\n|\n|t:|1772380135\n|switch|p2a: Jynx|Jynx|100/100 slp\n|move|p1a: Thrice Upon A Time|Psychic|p2a: Jynx\n|-resisted|p2a: Jynx\n|-damage|p2a: Jynx|82/100 slp\n|\n|upkeep\n|turn|20\n|\n|t:|1772380139\n|switch|p1a: Walpurgisnacht|Tauros|100/100\n|cant|p2a: Jynx|slp\n|\n|upkeep\n|turn|21\n|\n|t:|1772380141\n|switch|p2a: Rhydon|Rhydon|4/100\n|move|p1a: Walpurgisnacht|Body Slam|p2a: Rhydon\n|-resisted|p2a: Rhydon\n|-damage|p2a: Rhydon|0 fnt\n|faint|p2a: Rhydon\n|\n|t:|1772380152\n|switch|p2a: Tauros|Tauros|100/100\n|turn|22\n|\n|t:|1772380155\n|move|p1a: Walpurgisnacht|Body Slam|p2a: Tauros\n|-damage|p2a: Tauros|70/100\n|move|p2a: Tauros|Body Slam|p1a: Walpurgisnacht\n|-damage|p1a: Walpurgisnacht|72/100\n|\n|upkeep\n|turn|23\n|\n|t:|1772380161\n|move|p2a: Tauros|Body Slam|p1a: Walpurgisnacht\n|-damage|p1a: Walpurgisnacht|45/100\n|move|p1a: Walpurgisnacht|Body Slam|p2a: Tauros\n|-crit|p2a: Tauros\n|-damage|p2a: Tauros|12/100\n|\n|upkeep\n|turn|24\n|\n|t:|1772380168\n|move|p1a: Walpurgisnacht|Body Slam|p2a: Tauros\n|-crit|p2a: Tauros\n|-damage|p2a: Tauros|0 fnt\n|faint|p2a: Tauros\n|\n|t:|1772380170\n|switch|p2a: Snorlax|Snorlax|100/100 par\n|turn|25\n|\n|t:|1772380178\n|switch|p1a: GTA 6|Cloyster|100/100\n|move|p2a: Snorlax|Body Slam|p1a: GTA 6\n|-damage|p1a: GTA 6|77/100\n|-status|p1a: GTA 6|par\n|\n|upkeep\n|turn|26\n|\n|t:|1772380186\n|move|p1a: GTA 6|Blizzard|p2a: Snorlax\n|-damage|p2a: Snorlax|67/100 par\n|move|p2a: Snorlax|Reflect|p2a: Snorlax\n|-start|p2a: Snorlax|Reflect\n|\n|upkeep\n|turn|27\n|\n|t:|1772380190\n|move|p1a: GTA 6|Blizzard|p2a: Snorlax\n|-crit|p2a: Snorlax\n|-damage|p2a: Snorlax|1/100 par\n|move|p2a: Snorlax|Rest|p2a: Snorlax\n|-status|p2a: Snorlax|slp|[from] move: Rest\n|-heal|p2a: Snorlax|100/100 slp|[silent]\n|\n|upkeep\n|turn|28\n|\n|t:|1772380195\n|move|p1a: GTA 6|Explosion|p2a: Snorlax\n|-damage|p2a: Snorlax|67/100 slp\n|faint|p1a: GTA 6\n|\n|t:|1772380197\n|switch|p1a: Thrice Upon A Time|Exeggutor|61/100\n|turn|29\n|\n|t:|1772380204\n|switch|p2a: Jynx|Jynx|82/100 slp\n|move|p1a: Thrice Upon A Time|Psychic|p2a: Jynx\n|-crit|p2a: Jynx\n|-resisted|p2a: Jynx\n|-damage|p2a: Jynx|45/100 slp\n|\n|upkeep\n|turn|30\n|\n|t:|1772380209\n|switch|p1a: Walpurgisnacht|Tauros|45/100\n|cant|p2a: Jynx|slp\n|\n|upkeep\n|turn|31\n|c|☆sadisticnarwhal|gg\n|\n|t:|1772380214\n|move|p1a: Walpurgisnacht|Body Slam|p2a: Jynx\n|-damage|p2a: Jynx|0 fnt\n|faint|p2a: Jynx\n|\n|t:|1772380215\n|switch|p2a: Snorlax|Snorlax|67/100 slp\n|turn|32\n|\n|t:|1772380217\n|move|p1a: Walpurgisnacht|Body Slam|p2a: Snorlax\n|-damage|p2a: Snorlax|43/100 slp\n|cant|p2a: Snorlax|slp\n|\n|upkeep\n|turn|33\n|\n|t:|1772380225\n|move|p1a: Walpurgisnacht|Body Slam|p2a: Snorlax\n|-damage|p2a: Snorlax|16/100 slp\n|-curestatus|p2a: Snorlax|slp|[msg]\n|\n|upkeep\n|turn|34\n|c|☆BeeOrSomething|gg\n|\n|t:|1772380229\n|move|p1a: Walpurgisnacht|Body Slam|p2a: Snorlax\n|-crit|p2a: Snorlax\n|-damage|p2a: Snorlax|0 fnt\n|faint|p2a: Snorlax\n|\n|win|BeeOrSomething\n|player|p2|\n","uploadtime":1772380229,"views":"865","formatid":"gen1ou","rating":null,"private":0,"password":null}