{"id":"smogtours-gen1ou-963999","format":"[Gen 1] OU","players":["LNumbers","sadisticnarwhal"],"log":"|inactive|Battle timer is ON: inactive players will automatically lose when time's up.\n|t:|1786827219\n|gametype|singles\n|player|p1|LNumbers|#rbywc2026|\n|player|p2|sadisticnarwhal|#rcop2023useast|\n|gen|1\n|tier|[Gen 1] OU\n|rule|Desync Clause Mod: Desyncs resolve to link battle behavior from the acting player's perspective.\n|rule|HP Percentage Mod: HP is shown in percentages\n|rule|Endless Battle Clause: Forcing endless battles is banned\n|rule|Sleep Clause Mod: Limit one foe put to sleep\n|rule|Freeze Clause Mod: Limit one foe frozen\n|rule|Species Clause: Limit one of each Pokémon\n|rule|OHKO Clause: OHKO moves are banned\n|rule|Evasion Moves Clause: Evasion moves are banned\n|\n|t:|1786827219\n|teamsize|p1|6\n|teamsize|p2|6\n|start\n|switch|p1a: Gengar|Gengar|100/100\n|switch|p2a: Gengar|Gengar|100/100\n|turn|1\n|c|☆sadisticnarwhal|hf\n|c|☆LNumbers|hf\n|\n|t:|1786827236\n|move|p2a: Gengar|Psychic|p1a: Gengar\n|-supereffective|p1a: Gengar\n|-damage|p1a: Gengar|60/100\n|move|p1a: Gengar|Psychic|p2a: Gengar\n|-supereffective|p2a: Gengar\n|-damage|p2a: Gengar|59/100\n|-unboost|p2a: Gengar|spa|1\n|-unboost|p2a: Gengar|spd|1\n|\n|upkeep\n|turn|2\n|\n|t:|1786827243\n|switch|p2a: Alakazam|Alakazam|100/100\n|move|p1a: Gengar|Hypnosis|p2a: Alakazam\n|-status|p2a: Alakazam|slp|[from] move: Hypnosis\n|\n|upkeep\n|turn|3\n|\n|t:|1786827266\n|-curestatus|p2a: Alakazam|slp|[msg]\n|move|p1a: Gengar|Night Shade|p2a: Alakazam\n|-damage|p2a: Alakazam|69/100\n|\n|upkeep\n|turn|4\n|inactive|LNumbers has 270 seconds left.\n|\n|t:|1786827289\n|switch|p1a: Starmie|Starmie|100/100\n|move|p2a: Alakazam|Psychic|p1a: Starmie\n|-resisted|p1a: Starmie\n|-damage|p1a: Starmie|82/100\n|\n|upkeep\n|turn|5\n|inactive|LNumbers has 270 seconds left.\n|\n|t:|1786827307\n|move|p2a: Alakazam|Psychic|p1a: Starmie\n|-resisted|p1a: Starmie\n|-damage|p1a: Starmie|61/100\n|-unboost|p1a: Starmie|spa|1\n|-unboost|p1a: Starmie|spd|1\n|move|p1a: Starmie|Thunder Wave|p2a: Alakazam\n|-status|p2a: Alakazam|par\n|\n|upkeep\n|turn|6\n|inactive|LNumbers has 270 seconds left.\n|\n|t:|1786827313\n|switch|p1a: Rhydon|Rhydon|100/100\n|cant|p2a: Alakazam|par\n|\n|upkeep\n|turn|7\n|\n|t:|1786827320\n|switch|p2a: Exeggutor|Exeggutor|100/100\n|move|p1a: Rhydon|Body Slam|p2a: Exeggutor\n|-damage|p2a: Exeggutor|78/100\n|\n|upkeep\n|turn|8\n|inactive|LNumbers has 270 seconds left.\n|inactive|LNumbers has 240 seconds left.\n|\n|t:|1786827368\n|switch|p1a: Exeggutor|Exeggutor|100/100\n|move|p2a: Exeggutor|Sleep Powder|p1a: Exeggutor\n|-status|p1a: Exeggutor|slp|[from] move: Sleep Powder\n|\n|upkeep\n|turn|9\n|inactive|LNumbers has 240 seconds left.\n|\n|t:|1786827385\n|move|p2a: Exeggutor|Psychic|p1a: Exeggutor\n|-resisted|p1a: Exeggutor\n|-damage|p1a: Exeggutor|86/100 slp\n|-unboost|p1a: Exeggutor|spa|1\n|-unboost|p1a: Exeggutor|spd|1\n|cant|p1a: Exeggutor|slp\n|\n|upkeep\n|turn|10\n|inactive|LNumbers has 240 seconds left.\n|\n|t:|1786827393\n|move|p2a: Exeggutor|Psychic|p1a: Exeggutor\n|-resisted|p1a: Exeggutor\n|-damage|p1a: Exeggutor|64/100 slp\n|cant|p1a: Exeggutor|slp\n|\n|upkeep\n|turn|11\n|\n|t:|1786827396\n|switch|p1a: Starmie|Starmie|61/100\n|move|p2a: Exeggutor|Psychic|p1a: Starmie\n|-resisted|p1a: Starmie\n|-damage|p1a: Starmie|43/100\n|-unboost|p1a: Starmie|spa|1\n|-unboost|p1a: Starmie|spd|1\n|\n|upkeep\n|turn|12\n|inactive|LNumbers has 240 seconds left.\n|inactive|sadisticnarwhal has 270 seconds left.\n|inactive|LNumbers has 210 seconds left.\n|inactive|sadisticnarwhal has 240 seconds left.\n|\n|t:|1786827479\n|move|p1a: Starmie|Recover|p1a: Starmie\n|-heal|p1a: Starmie|93/100\n|move|p2a: Exeggutor|Stun Spore|p1a: Starmie\n|-status|p1a: Starmie|par\n|\n|upkeep\n|turn|13\n|inactive|LNumbers has 210 seconds left.\n|inactive|sadisticnarwhal has 210 seconds left.\n|\n|t:|1786827518\n|move|p2a: Exeggutor|Psychic|p1a: Starmie\n|-resisted|p1a: Starmie\n|-damage|p1a: Starmie|61/100 par\n|-unboost|p1a: Starmie|spa|1\n|-unboost|p1a: Starmie|spd|1\n|cant|p1a: Starmie|par\n|\n|upkeep\n|turn|14\n|c|☆LNumbers|well\n|\n|t:|1786827529\n|switch|p1a: Exeggutor|Exeggutor|64/100 slp\n|move|p2a: Exeggutor|Psychic|p1a: Exeggutor\n|-resisted|p1a: Exeggutor\n|-damage|p1a: Exeggutor|51/100 slp\n|-unboost|p1a: Exeggutor|spa|1\n|-unboost|p1a: Exeggutor|spd|1\n|\n|upkeep\n|turn|15\n|\n|t:|1786827533\n|move|p2a: Exeggutor|Psychic|p1a: Exeggutor\n|-resisted|p1a: Exeggutor\n|-damage|p1a: Exeggutor|30/100 slp\n|cant|p1a: Exeggutor|slp\n|\n|upkeep\n|turn|16\n|\n|t:|1786827541\n|move|p2a: Exeggutor|Psychic|p1a: Exeggutor\n|-resisted|p1a: Exeggutor\n|-damage|p1a: Exeggutor|9/100 slp\n|-unboost|p1a: Exeggutor|spa|1\n|-unboost|p1a: Exeggutor|spd|1\n|cant|p1a: Exeggutor|slp\n|\n|upkeep\n|turn|17\n|\n|t:|1786827544\n|switch|p1a: Starmie|Starmie|61/100 par\n|move|p2a: Exeggutor|Psychic|p1a: Starmie\n|-crit|p1a: Starmie\n|-resisted|p1a: Starmie\n|-damage|p1a: Starmie|25/100 par\n|\n|upkeep\n|turn|18\n|inactive|sadisticnarwhal has 240 seconds left.\n|\n|t:|1786827566\n|switch|p2a: Alakazam|Alakazam|69/100 par\n|cant|p1a: Starmie|par\n|\n|upkeep\n|turn|19\n|inactive|sadisticnarwhal has 240 seconds left.\n|inactive|LNumbers has 210 seconds left.\n|inactive|LNumbers has 180 seconds left.\n|\n|t:|1786827619\n|switch|p1a: Rhydon|Rhydon|100/100\n|move|p2a: Alakazam|Seismic Toss|p1a: Rhydon\n|-damage|p1a: Rhydon|76/100\n|\n|upkeep\n|turn|20\n|\n|t:|1786827628\n|switch|p2a: Exeggutor|Exeggutor|78/100\n|move|p1a: Rhydon|Rock Slide|p2a: Exeggutor\n|-damage|p2a: Exeggutor|46/100\n|\n|upkeep\n|turn|21\n|inactive|LNumbers has 180 seconds left.\n|\n|t:|1786827649\n|switch|p1a: Cloyster|Cloyster|100/100\n|move|p2a: Exeggutor|Psychic|p1a: Cloyster\n|-damage|p1a: Cloyster|54/100\n|\n|upkeep\n|turn|22\n|inactive|LNumbers has 180 seconds left.\n|inactive|sadisticnarwhal has 240 seconds left.\n|\n|t:|1786827687\n|switch|p2a: Gengar|Gengar|59/100\n|move|p1a: Cloyster|Blizzard|p2a: Gengar\n|-damage|p2a: Gengar|27/100\n|\n|upkeep\n|turn|23\n|inactive|sadisticnarwhal has 210 seconds left.\n|inactive|LNumbers has 150 seconds left.\n|inactive|LNumbers has 120 seconds left.\n|\n|t:|1786827749\n|switch|p1a: Exeggutor|Exeggutor|9/100 slp\n|move|p2a: Gengar|Psychic|p1a: Exeggutor\n|-resisted|p1a: Exeggutor\n|-damage|p1a: Exeggutor|0 fnt\n|faint|p1a: Exeggutor\n|inactive|LNumbers has 120 seconds left.\n|inactive|LNumbers has 90 seconds left.\n|\n|t:|1786827798\n|switch|p1a: Tauros|Tauros|100/100\n|turn|24\n|inactive|sadisticnarwhal has 210 seconds left.\n|\n|t:|1786827820\n|switch|p2a: Snorlax|Snorlax|100/100\n|move|p1a: Tauros|Earthquake|p2a: Snorlax\n|-crit|p2a: Snorlax\n|-damage|p2a: Snorlax|64/100\n|\n|upkeep\n|turn|25\n|\n|t:|1786827828\n|move|p1a: Tauros|Body Slam|p2a: Snorlax\n|-damage|p2a: Snorlax|39/100\n|move|p2a: Snorlax|Earthquake|p1a: Tauros\n|-damage|p1a: Tauros|76/100\n|\n|upkeep\n|turn|26\n|inactive|LNumbers has 60 seconds left.\n|inactive|sadisticnarwhal has 180 seconds left.\n|c|+Isza|Chanseyless and lawless is one thing but BOTH?\n|c|+Isza|laxless*\n|\n|t:|1786827880\n|move|p1a: Tauros|Hyper Beam|p2a: Snorlax\n|-damage|p2a: Snorlax|0 fnt\n|faint|p2a: Snorlax\n|c|☆LNumbers|trust isza\n|\n|t:|1786827894\n|switch|p2a: Tauros|Tauros|100/100\n|turn|27\n|inactive|LNumbers has 60 seconds left.\n|inactive|LNumbers has 30 seconds left.\n|inactive|LNumbers has 20 seconds left.\n|inactive|LNumbers has 15 seconds left.\n|\n|t:|1786827951\n|switch|p1a: Gengar|Gengar|60/100\n|move|p2a: Tauros|Body Slam|p1a: Gengar\n|-immune|p1a: Gengar\n|\n|upkeep\n|turn|28\n|inactive|LNumbers has 25 seconds left this turn.\n|inactive|LNumbers has 20 seconds left.\n|inactive|LNumbers has 15 seconds left.\n|\n|t:|1786827970\n|move|p1a: Gengar|Hypnosis|p2a: Tauros\n|-status|p2a: Tauros|slp|[from] move: Hypnosis\n|cant|p2a: Tauros|slp\n|\n|upkeep\n|turn|29\n|inactive|LNumbers has 25 seconds left this turn.\n|inactive|LNumbers has 20 seconds left.\n|inactive|LNumbers has 15 seconds left.\n|inactive|LNumbers has 10 seconds left.\n|inactive|LNumbers has 5 seconds left.\n|\n|t:|1786827991\n|cant|p2a: Tauros|slp\n|move|p1a: Gengar|Night Shade|p2a: Tauros\n|-damage|p2a: Tauros|72/100 slp\n|\n|upkeep\n|turn|30\n|inactive|LNumbers has 15 seconds left this turn.\n|inactive|LNumbers has 10 seconds left.\n|\n|t:|1786827997\n|switch|p2a: Alakazam|Alakazam|69/100 par\n|move|p1a: Gengar|Psychic|p2a: Alakazam\n|-resisted|p2a: Alakazam\n|-damage|p2a: Alakazam|57/100 par\n|\n|upkeep\n|turn|31\n|inactive|LNumbers has 20 seconds left this turn.\n|inactive|LNumbers has 15 seconds left.\n|inactive|LNumbers has 10 seconds left.\n|inactive|LNumbers has 5 seconds left.\n|\n|t:|1786828015\n|move|p1a: Gengar|Explosion|p2a: Alakazam\n|-damage|p2a: Alakazam|0 fnt\n|faint|p2a: Alakazam\n|faint|p1a: Gengar\n|inactive|LNumbers has 10 seconds left this turn.\n|inactive|LNumbers has 5 seconds left.\n|\n|t:|1786828023\n|switch|p1a: Tauros|Tauros|76/100\n|switch|p2a: Starmie|Starmie|100/100\n|turn|32\n|inactive|LNumbers has 15 seconds left this turn.\n|\n|t:|1786828026\n|move|p2a: Starmie|Thunder Wave|p1a: Tauros\n|-status|p1a: Tauros|par\n|move|p1a: Tauros|Body Slam|p2a: Starmie\n|-damage|p2a: Starmie|65/100\n|-status|p2a: Starmie|par\n|\n|upkeep\n|turn|33\n|inactive|LNumbers has 25 seconds left this turn.\n|inactive|LNumbers has 20 seconds left.\n|inactive|LNumbers has 15 seconds left.\n|inactive|LNumbers has 10 seconds left.\n|inactive|LNumbers has 5 seconds left.\n|\n|t:|1786828047\n|switch|p1a: Starmie|Starmie|25/100 par\n|move|p2a: Starmie|Thunderbolt|p1a: Starmie\n|-supereffective|p1a: Starmie\n|-damage|p1a: Starmie|0 fnt\n|faint|p1a: Starmie\n|inactive|LNumbers has 10 seconds left this turn.\n|inactive|LNumbers has 5 seconds left.\n|\n|t:|1786828055\n|switch|p1a: Cloyster|Cloyster|54/100\n|turn|34\n|inactive|LNumbers has 15 seconds left this turn.\n|inactive|sadisticnarwhal has 150 seconds left.\n|\n|t:|1786828102\n|move|p1a: Cloyster|Clamp|p2a: Starmie\n|-resisted|p2a: Starmie\n|-damage|p2a: Starmie|59/100 par\n|cant|p2a: Starmie|partiallytrapped\n|\n|upkeep\n|turn|35\n|inactive|LNumbers has 25 seconds left this turn.\n|\n|t:|1786828105\n|switch|p2a: Tauros|Tauros|72/100 slp\n|move|p1a: Cloyster|Clamp|p2a: Tauros|[miss]\n|-miss|p1a: Cloyster\n|\n|upkeep\n|turn|36\n|inactive|sadisticnarwhal has 120 seconds left.\n|\n|t:|1786828151\n|switch|p2a: Starmie|Starmie|59/100 par\n|move|p1a: Cloyster|Blizzard|p2a: Starmie\n|-resisted|p2a: Starmie\n|-damage|p2a: Starmie|41/100 par\n|\n|upkeep\n|turn|37\n|inactive|LNumbers has 30 seconds left.\n|\n|t:|1786828166\n|move|p1a: Cloyster|Clamp|p2a: Starmie\n|-resisted|p2a: Starmie\n|-damage|p2a: Starmie|35/100 par\n|cant|p2a: Starmie|partiallytrapped\n|\n|upkeep\n|turn|38\n|inactive|LNumbers has 30 seconds left.\n|inactive|LNumbers has 20 seconds left.\n|\n|t:|1786828187\n|switch|p2a: Tauros|Tauros|72/100 slp\n|move|p1a: Cloyster|Clamp|p2a: Tauros|[miss]\n|-miss|p1a: Cloyster\n|\n|upkeep\n|turn|39\n|inactive|LNumbers has 30 seconds left this turn.\n|c|☆sadisticnarwhal|hm\n|\n|t:|1786828200\n|-curestatus|p2a: Tauros|slp|[msg]\n|move|p1a: Cloyster|Blizzard|p2a: Tauros\n|-damage|p2a: Tauros|25/100\n|\n|upkeep\n|turn|40\n|inactive|LNumbers has 30 seconds left.\n|inactive|sadisticnarwhal has 90 seconds left.\n|\n|t:|1786828240\n|move|p2a: Tauros|Body Slam|p1a: Cloyster\n|-damage|p1a: Cloyster|34/100\n|move|p1a: Cloyster|Blizzard|p2a: Tauros\n|-damage|p2a: Tauros|0 fnt\n|faint|p2a: Tauros\n|\n|t:|1786828244\n|switch|p2a: Gengar|Gengar|27/100\n|turn|41\n|inactive|sadisticnarwhal has 90 seconds left.\n|inactive|LNumbers has 30 seconds left.\n|inactive|LNumbers has 20 seconds left.\n|inactive|LNumbers has 15 seconds left.\n|inactive|LNumbers has 10 seconds left.\n|inactive|LNumbers has 5 seconds left.\n|\n|t:|1786828283\n|move|p2a: Gengar|Thunderbolt|p1a: Cloyster\n|-supereffective|p1a: Cloyster\n|-damage|p1a: Cloyster|0 fnt\n|faint|p1a: Cloyster\n|inactive|LNumbers has 10 seconds left this turn.\n|\n|t:|1786828285\n|switch|p1a: Rhydon|Rhydon|76/100\n|turn|42\n|inactive|LNumbers has 20 seconds left this turn.\n|inactive|LNumbers has 15 seconds left.\n|inactive|LNumbers has 10 seconds left.\n|inactive|LNumbers has 5 seconds left.\n|\n|t:|1786828304\n|move|p2a: Gengar|Psychic|p1a: Rhydon\n|-damage|p1a: Rhydon|47/100\n|move|p1a: Rhydon|Rock Slide|p2a: Gengar\n|-damage|p2a: Gengar|0 fnt\n|faint|p2a: Gengar\n|\n|t:|1786828307\n|switch|p2a: Exeggutor|Exeggutor|46/100\n|turn|43\n|inactive|LNumbers has 20 seconds left this turn.\n|inactive|LNumbers has 15 seconds left.\n|inactive|LNumbers has 10 seconds left.\n|inactive|LNumbers has 5 seconds left.\n|\n|t:|1786828328\n|move|p2a: Exeggutor|Psychic|p1a: Rhydon\n|-damage|p1a: Rhydon|0 fnt\n|faint|p1a: Rhydon\n|inactive|LNumbers has 10 seconds left this turn.\n|\n|t:|1786828331\n|switch|p1a: Tauros|Tauros|76/100 par\n|turn|44\n|inactive|LNumbers has 20 seconds left this turn.\n|inactive|LNumbers has 15 seconds left.\n|\n|t:|1786828338\n|move|p2a: Exeggutor|Explosion|p1a: Tauros\n|-damage|p1a: Tauros|0 fnt\n|faint|p1a: Tauros\n|faint|p2a: Exeggutor\n|\n|win|sadisticnarwhal\n|c|☆LNumbers|gg\n|c|☆sadisticnarwhal|gg\n","uploadtime":1786828338,"views":"55","formatid":"gen1ou","rating":null,"private":2,"password":null}