{"id":"smogtours-gen1ou-817377","format":"[Gen 1] OU","players":["nicole7735","Kaz"],"log":"|inactive|Battle timer is ON: inactive players will automatically lose when time's up.\n|t:|1738443682\n|gametype|singles\n|player|p1|nicole7735|#splxvisharks2|\n|player|p2|Kaz|#splxviclassiest2|\n|teamsize|p1|6\n|teamsize|p2|6\n|gen|1\n|tier|[Gen 1] OU\n|rule|Desync Clause Mod: Desyncs changed to move failure.\n|rule|Sleep Clause Mod: Limit one foe put to sleep\n|rule|Freeze Clause Mod: Limit one foe frozen\n|rule|Species Clause: Limit one of each Pokémon\n|rule|OHKO Clause: OHKO moves are banned\n|rule|Evasion Moves Clause: Evasion moves are banned\n|rule|Endless Battle Clause: Forcing endless battles is banned\n|rule|HP Percentage Mod: HP is shown in percentages\n|\n|t:|1738443682\n|start\n|switch|p1a: Gengar|Gengar|100/100\n|switch|p2a: Alakazam|Alakazam|100/100\n|turn|1\n|c|☆nicole7735|hf\n|c|☆Kaz|gl hf\n|rated|Smogon Premier League\n|\n|t:|1738443711\n|switch|p1a: Exeggutor|Exeggutor|100/100\n|move|p2a: Alakazam|Thunder Wave|p1a: Exeggutor\n|-status|p1a: Exeggutor|par\n|\n|upkeep\n|turn|2\n|\n|t:|1738443734\n|move|p2a: Alakazam|Seismic Toss|p1a: Exeggutor\n|-damage|p1a: Exeggutor|75/100 par\n|move|p1a: Exeggutor|Sleep Powder|p2a: Alakazam\n|-status|p2a: Alakazam|slp|[from] move: Sleep Powder\n|\n|upkeep\n|turn|3\n|inactive|nicole7735 has 270 seconds left.\n|inactive|Kaz has 270 seconds left.\n|inactive|nicole7735 has 240 seconds left.\n|inactive|nicole7735 has 210 seconds left.\n|\n|t:|1738443824\n|switch|p2a: Starmie|Starmie|100/100\n|move|p1a: Exeggutor|Psychic|p2a: Starmie\n|-resisted|p2a: Starmie\n|-damage|p2a: Starmie|82/100\n|-unboost|p2a: Starmie|spa|1\n|-unboost|p2a: Starmie|spd|1\n|\n|upkeep\n|turn|4\n|inactive|nicole7735 has 210 seconds left.\n|\n|t:|1738443837\n|switch|p1a: Chansey|Chansey|100/100\n|move|p2a: Starmie|Blizzard|p1a: Chansey\n|-damage|p1a: Chansey|91/100\n|\n|upkeep\n|turn|5\n|inactive|nicole7735 has 210 seconds left.\n|\n|t:|1738443848\n|switch|p2a: Alakazam|Alakazam|100/100 slp\n|move|p1a: Chansey|Thunder Wave|p2a: Alakazam\n|-fail|p2a: Alakazam\n|\n|upkeep\n|turn|6\n|inactive|nicole7735 has 210 seconds left.\n|inactive|Kaz has 240 seconds left.\n|\n|t:|1738443869\n|switch|p1a: Tauros|Tauros|100/100\n|cant|p2a: Alakazam|slp\n|\n|upkeep\n|turn|7\n|\n|t:|1738443873\n|switch|p2a: Starmie|Starmie|82/100\n|move|p1a: Tauros|Earthquake|p2a: Starmie\n|-damage|p2a: Starmie|55/100\n|\n|upkeep\n|turn|8\n|inactive|nicole7735 has 210 seconds left.\n|\n|t:|1738443897\n|switch|p1a: Chansey|Chansey|91/100\n|move|p2a: Starmie|Thunder Wave|p1a: Chansey|[miss]\n|-miss|p2a: Starmie\n|-hint|In Gen 1, moves with 100% accuracy can still miss 1/256 of the time.\n|\n|upkeep\n|turn|9\n|\n|t:|1738443908\n|move|p2a: Starmie|Thunder Wave|p1a: Chansey\n|-status|p1a: Chansey|par\n|move|p1a: Chansey|Thunder Wave|p2a: Starmie\n|-status|p2a: Starmie|par\n|\n|upkeep\n|turn|10\n|inactive|nicole7735 has 180 seconds left.\n|\n|t:|1738443947\n|switch|p2a: Snorlax|Snorlax|100/100\n|move|p1a: Chansey|Thunderbolt|p2a: Snorlax\n|-damage|p2a: Snorlax|82/100\n|\n|upkeep\n|turn|11\n|inactive|nicole7735 has 180 seconds left.\n|inactive|nicole7735 has 150 seconds left.\n|\n|t:|1738444005\n|switch|p1a: Gengar|Gengar|100/100\n|move|p2a: Snorlax|Body Slam|p1a: Gengar\n|-immune|p1a: Gengar\n|\n|upkeep\n|turn|12\n|\n|t:|1738444015\n|move|p1a: Gengar|Night Shade|p2a: Snorlax\n|-damage|p2a: Snorlax|62/100\n|move|p2a: Snorlax|Earthquake|p1a: Gengar\n|-supereffective|p1a: Gengar\n|-damage|p1a: Gengar|34/100\n|\n|upkeep\n|turn|13\n|inactive|nicole7735 has 120 seconds left.\n|inactive|Kaz has 240 seconds left.\n|\n|t:|1738444050\n|switch|p1a: Snorlax|Snorlax|100/100\n|move|p2a: Snorlax|Earthquake|p1a: Snorlax\n|-damage|p1a: Snorlax|79/100\n|\n|upkeep\n|turn|14\n|inactive|Kaz has 240 seconds left.\n|inactive|nicole7735 has 90 seconds left.\n|inactive|Kaz has 210 seconds left.\n|\n|t:|1738444088\n|move|p2a: Snorlax|Body Slam|p1a: Snorlax\n|-damage|p1a: Snorlax|53/100\n|move|p1a: Snorlax|Body Slam|p2a: Snorlax\n|-damage|p2a: Snorlax|35/100\n|\n|upkeep\n|turn|15\n|inactive|nicole7735 has 90 seconds left.\n|inactive|Kaz has 210 seconds left.\n|inactive|nicole7735 has 60 seconds left.\n|\n|t:|1738444142\n|move|p1a: Snorlax|Body Slam|p2a: Snorlax\n|-damage|p2a: Snorlax|10/100\n|move|p2a: Snorlax|Earthquake|p1a: Snorlax\n|-damage|p1a: Snorlax|34/100\n|\n|upkeep\n|turn|16\n|inactive|nicole7735 has 60 seconds left.\n|inactive|Kaz has 180 seconds left.\n|inactive|nicole7735 has 30 seconds left.\n|inactive|nicole7735 has 20 seconds left.\n|inactive|nicole7735 has 15 seconds left.\n|\n|t:|1738444193\n|move|p2a: Snorlax|Hyper Beam|p1a: Snorlax\n|-damage|p1a: Snorlax|0 fnt\n|faint|p1a: Snorlax\n|inactive|nicole7735 has 20 seconds left this turn.\n|\n|t:|1738444196\n|switch|p1a: Tauros|Tauros|100/100\n|turn|17\n|inactive|nicole7735 has 30 seconds left this turn.\n|\n|t:|1738444219\n|move|p1a: Tauros|Body Slam|p2a: Snorlax\n|-damage|p2a: Snorlax|0 fnt\n|faint|p2a: Snorlax\n|inactive|Kaz has 150 seconds left.\n|\n|t:|1738444235\n|switch|p2a: Exeggutor|Exeggutor|100/100\n|turn|18\n|\n|t:|1738444244\n|switch|p1a: Chansey|Chansey|91/100 par\n|move|p2a: Exeggutor|Psychic|p1a: Chansey\n|-damage|p1a: Chansey|75/100 par\n|-unboost|p1a: Chansey|spa|1\n|-unboost|p1a: Chansey|spd|1\n|\n|upkeep\n|turn|19\n|\n|t:|1738444253\n|move|p2a: Exeggutor|Psychic|p1a: Chansey\n|-damage|p1a: Chansey|51/100 par\n|-unboost|p1a: Chansey|spa|1\n|-unboost|p1a: Chansey|spd|1\n|move|p1a: Chansey|Soft-Boiled|p1a: Chansey\n|-heal|p1a: Chansey|100/100 par\n|\n|upkeep\n|turn|20\n|\n|t:|1738444259\n|move|p2a: Exeggutor|Psychic|p1a: Chansey\n|-damage|p1a: Chansey|67/100 par\n|move|p1a: Chansey|Thunder Wave|p2a: Exeggutor\n|-status|p2a: Exeggutor|par\n|\n|upkeep\n|turn|21\n|inactive|nicole7735 has 60 seconds left.\n|\n|t:|1738444274\n|switch|p1a: Exeggutor|Exeggutor|75/100 par\n|move|p2a: Exeggutor|Psychic|p1a: Exeggutor\n|-resisted|p1a: Exeggutor\n|-damage|p1a: Exeggutor|61/100 par\n|-unboost|p1a: Exeggutor|spa|1\n|-unboost|p1a: Exeggutor|spd|1\n|\n|upkeep\n|turn|22\n|inactive|nicole7735 has 60 seconds left.\n|inactive|Kaz has 180 seconds left.\n|inactive|Kaz has 150 seconds left.\n|\n|t:|1738444325\n|switch|p1a: Chansey|Chansey|67/100 par\n|move|p2a: Exeggutor|Psychic|p1a: Chansey\n|-damage|p1a: Chansey|50/100 par\n|-unboost|p1a: Chansey|spa|1\n|-unboost|p1a: Chansey|spd|1\n|\n|upkeep\n|turn|23\n|\n|t:|1738444337\n|move|p2a: Exeggutor|Psychic|p1a: Chansey\n|-damage|p1a: Chansey|23/100 par\n|-unboost|p1a: Chansey|spa|1\n|-unboost|p1a: Chansey|spd|1\n|move|p1a: Chansey|Soft-Boiled|p1a: Chansey\n|-heal|p1a: Chansey|72/100 par\n|\n|upkeep\n|turn|24\n|inactive|nicole7735 has 30 seconds left.\n|inactive|nicole7735 has 20 seconds left.\n|inactive|nicole7735 has 15 seconds left.\n|inactive|nicole7735 has 10 seconds left.\n|\n|t:|1738444386\n|switch|p1a: Starmie|Starmie|100/100\n|move|p2a: Exeggutor|Psychic|p1a: Starmie\n|-resisted|p1a: Starmie\n|-damage|p1a: Starmie|81/100\n|-unboost|p1a: Starmie|spa|1\n|-unboost|p1a: Starmie|spd|1\n|\n|upkeep\n|turn|25\n|inactive|nicole7735 has 20 seconds left this turn.\n|inactive|Kaz has 150 seconds left.\n|\n|t:|1738444414\n|switch|p1a: Chansey|Chansey|72/100 par\n|cant|p2a: Exeggutor|par\n|\n|upkeep\n|turn|26\n|inactive|nicole7735 has 30 seconds left this turn.\n|inactive|nicole7735 has 20 seconds left.\n|inactive|nicole7735 has 15 seconds left.\n|\n|t:|1738444436\n|switch|p2a: Tauros|Tauros|100/100\n|move|p1a: Chansey|Soft-Boiled|p1a: Chansey\n|-heal|p1a: Chansey|100/100 par\n|\n|upkeep\n|turn|27\n|inactive|nicole7735 has 25 seconds left this turn.\n|inactive|nicole7735 has 20 seconds left.\n|\n|t:|1738444442\n|move|p2a: Tauros|Body Slam|p1a: Chansey\n|-damage|p1a: Chansey|64/100 par\n|move|p1a: Chansey|Thunder Wave|p2a: Tauros\n|-status|p2a: Tauros|par\n|\n|upkeep\n|turn|28\n|inactive|nicole7735 has 30 seconds left this turn.\n|inactive|nicole7735 has 20 seconds left.\n|\n|t:|1738444453\n|switch|p1a: Starmie|Starmie|81/100\n|cant|p2a: Tauros|par\n|\n|upkeep\n|turn|29\n|inactive|nicole7735 has 30 seconds left this turn.\n|\n|t:|1738444457\n|switch|p2a: Starmie|Starmie|55/100 par\n|move|p1a: Starmie|Psychic|p2a: Starmie\n|-resisted|p2a: Starmie\n|-damage|p2a: Starmie|40/100 par\n|\n|upkeep\n|turn|30\n|inactive|nicole7735 has 30 seconds left.\n|\n|t:|1738444469\n|switch|p1a: Chansey|Chansey|64/100 par\n|move|p2a: Starmie|Recover|p2a: Starmie\n|-heal|p2a: Starmie|90/100 par\n|\n|upkeep\n|turn|31\n|\n|t:|1738444473\n|switch|p2a: Tauros|Tauros|100/100 par\n|move|p1a: Chansey|Soft-Boiled|p1a: Chansey\n|-heal|p1a: Chansey|100/100 par\n|\n|upkeep\n|turn|32\n|\n|t:|1738444478\n|switch|p1a: Starmie|Starmie|81/100\n|move|p2a: Tauros|Body Slam|p1a: Starmie\n|-damage|p1a: Starmie|48/100\n|\n|upkeep\n|turn|33\n|inactive|Kaz has 180 seconds left.\n|\n|t:|1738444487\n|move|p1a: Starmie|Recover|p1a: Starmie\n|-heal|p1a: Starmie|98/100\n|cant|p2a: Tauros|par\n|\n|upkeep\n|turn|34\n|\n|t:|1738444492\n|switch|p2a: Starmie|Starmie|90/100 par\n|move|p1a: Starmie|Psychic|p2a: Starmie\n|-resisted|p2a: Starmie\n|-damage|p2a: Starmie|73/100 par\n|-unboost|p2a: Starmie|spa|1\n|-unboost|p2a: Starmie|spd|1\n|\n|upkeep\n|turn|35\n|\n|t:|1738444505\n|switch|p1a: Chansey|Chansey|100/100 par\n|cant|p2a: Starmie|par\n|\n|upkeep\n|turn|36\n|\n|t:|1738444524\n|switch|p1a: Tauros|Tauros|100/100\n|switch|p2a: Tauros|Tauros|100/100 par\n|\n|upkeep\n|turn|37\n|\n|t:|1738444529\n|move|p1a: Tauros|Body Slam|p2a: Tauros\n|-damage|p2a: Tauros|71/100 par\n|move|p2a: Tauros|Body Slam|p1a: Tauros\n|-crit|p1a: Tauros\n|-damage|p1a: Tauros|40/100\n|\n|upkeep\n|turn|38\n|inactive|nicole7735 has 60 seconds left.\n|inactive|Kaz has 210 seconds left.\n|inactive|nicole7735 has 30 seconds left.\n|inactive|Kaz has 180 seconds left.\n|inactive|nicole7735 has 20 seconds left.\n|inactive|nicole7735 has 15 seconds left.\n|inactive|nicole7735 has 10 seconds left.\n|\n|t:|1738444606\n|switch|p1a: Starmie|Starmie|98/100\n|cant|p2a: Tauros|par\n|\n|upkeep\n|turn|39\n|inactive|nicole7735 has 20 seconds left this turn.\n|\n|t:|1738444611\n|switch|p2a: Starmie|Starmie|73/100 par\n|move|p1a: Starmie|Psychic|p2a: Starmie\n|-crit|p2a: Starmie\n|-resisted|p2a: Starmie\n|-damage|p2a: Starmie|38/100 par\n|-unboost|p2a: Starmie|spa|1\n|-unboost|p2a: Starmie|spd|1\n|\n|upkeep\n|turn|40\n|inactive|nicole7735 has 30 seconds left this turn.\n|\n|t:|1738444615\n|move|p1a: Starmie|Psychic|p2a: Starmie\n|-resisted|p2a: Starmie\n|-damage|p2a: Starmie|13/100 par\n|-unboost|p2a: Starmie|spa|1\n|-unboost|p2a: Starmie|spd|1\n|move|p2a: Starmie|Recover|p2a: Starmie\n|-heal|p2a: Starmie|62/100 par\n|\n|upkeep\n|turn|41\n|\n|t:|1738444620\n|move|p1a: Starmie|Psychic|p2a: Starmie\n|-resisted|p2a: Starmie\n|-damage|p2a: Starmie|30/100 par\n|-unboost|p2a: Starmie|spa|1\n|-unboost|p2a: Starmie|spd|1\n|cant|p2a: Starmie|par\n|\n|upkeep\n|turn|42\n|\n|t:|1738444625\n|switch|p2a: Alakazam|Alakazam|100/100 slp\n|move|p1a: Starmie|Psychic|p2a: Alakazam\n|-resisted|p2a: Alakazam\n|-damage|p2a: Alakazam|87/100 slp\n|\n|upkeep\n|turn|43\n|\n|t:|1738444643\n|cant|p2a: Alakazam|slp\n|move|p1a: Starmie|Blizzard|p2a: Alakazam\n|-damage|p2a: Alakazam|62/100 slp\n|\n|upkeep\n|turn|44\n|\n|t:|1738444649\n|switch|p1a: Tauros|Tauros|40/100\n|cant|p2a: Alakazam|slp\n|\n|upkeep\n|turn|45\n|inactive|nicole7735 has 60 seconds left.\n|\n|t:|1738444662\n|switch|p2a: Exeggutor|Exeggutor|100/100 par\n|move|p1a: Tauros|Body Slam|p2a: Exeggutor\n|-damage|p2a: Exeggutor|70/100 par\n|\n|upkeep\n|turn|46\n|inactive|nicole7735 has 60 seconds left.\n|inactive|nicole7735 has 30 seconds left.\n|\n|t:|1738444700\n|switch|p1a: Chansey|Chansey|100/100 par\n|move|p2a: Exeggutor|Psychic|p1a: Chansey\n|-damage|p1a: Chansey|83/100 par\n|\n|upkeep\n|turn|47\n|\n|t:|1738444707\n|switch|p2a: Tauros|Tauros|71/100 par\n|move|p1a: Chansey|Ice Beam|p2a: Tauros\n|-damage|p2a: Tauros|45/100 par\n|\n|upkeep\n|turn|48\n|inactive|nicole7735 has 30 seconds left.\n|\n|t:|1738444725\n|switch|p1a: Starmie|Starmie|98/100\n|move|p2a: Tauros|Body Slam|p1a: Starmie\n|-damage|p1a: Starmie|66/100\n|\n|upkeep\n|turn|49\n|\n|t:|1738444746\n|switch|p1a: Tauros|Tauros|40/100\n|switch|p2a: Starmie|Starmie|30/100 par\n|\n|upkeep\n|turn|50\n|\n|t:|1738444755\n|switch|p2a: Alakazam|Alakazam|62/100 slp\n|move|p1a: Tauros|Body Slam|p2a: Alakazam\n|-damage|p2a: Alakazam|12/100 slp\n|\n|upkeep\n|turn|51\n|\n|t:|1738444766\n|cant|p2a: Alakazam|slp\n|move|p1a: Tauros|Body Slam|p2a: Alakazam\n|-damage|p2a: Alakazam|0 fnt\n|faint|p2a: Alakazam\n|\n|t:|1738444777\n|switch|p2a: Exeggutor|Exeggutor|70/100 par\n|turn|52\n|inactive|nicole7735 has 60 seconds left.\n|inactive|nicole7735 has 30 seconds left.\n|inactive|nicole7735 has 20 seconds left.\n|\n|t:|1738444828\n|switch|p1a: Chansey|Chansey|83/100 par\n|move|p2a: Exeggutor|Psychic|p1a: Chansey\n|-damage|p1a: Chansey|66/100 par\n|-unboost|p1a: Chansey|spa|1\n|-unboost|p1a: Chansey|spd|1\n|\n|upkeep\n|turn|53\n|inactive|nicole7735 has 30 seconds left this turn.\n|\n|t:|1738444834\n|move|p2a: Exeggutor|Psychic|p1a: Chansey\n|-damage|p1a: Chansey|42/100 par\n|move|p1a: Chansey|Soft-Boiled|p1a: Chansey\n|-heal|p1a: Chansey|92/100 par\n|\n|upkeep\n|turn|54\n|inactive|Kaz has 210 seconds left.\n|\n|t:|1738444842\n|move|p2a: Exeggutor|Psychic|p1a: Chansey\n|-crit|p1a: Chansey\n|-damage|p1a: Chansey|58/100 par\n|move|p1a: Chansey|Ice Beam|p2a: Exeggutor\n|-supereffective|p2a: Exeggutor\n|-damage|p2a: Exeggutor|49/100 par\n|\n|upkeep\n|turn|55\n|\n|t:|1738444849\n|move|p2a: Exeggutor|Psychic|p1a: Chansey\n|-damage|p1a: Chansey|34/100 par\n|move|p1a: Chansey|Soft-Boiled|p1a: Chansey\n|-heal|p1a: Chansey|84/100 par\n|\n|upkeep\n|turn|56\n|\n|t:|1738444857\n|cant|p2a: Exeggutor|par\n|move|p1a: Chansey|Soft-Boiled|p1a: Chansey\n|-heal|p1a: Chansey|100/100 par\n|\n|upkeep\n|turn|57\n|\n|t:|1738444877\n|switch|p1a: Exeggutor|Exeggutor|61/100 par\n|move|p2a: Exeggutor|Psychic|p1a: Exeggutor\n|-resisted|p1a: Exeggutor\n|-damage|p1a: Exeggutor|48/100 par\n|-unboost|p1a: Exeggutor|spa|1\n|-unboost|p1a: Exeggutor|spd|1\n|\n|upkeep\n|turn|58\n|inactive|Kaz has 240 seconds left.\n|\n|t:|1738444891\n|switch|p2a: Starmie|Starmie|30/100 par\n|move|p1a: Exeggutor|Hyper Beam|p2a: Starmie\n|-damage|p2a: Starmie|0 fnt\n|faint|p2a: Starmie\n|inactive|Kaz has 240 seconds left.\n|inactive|Kaz has 210 seconds left.\n|\n|t:|1738444956\n|switch|p2a: Zapdos|Zapdos|100/100\n|turn|59\n|inactive|nicole7735 has 30 seconds left.\n|inactive|nicole7735 has 20 seconds left.\n|\n|t:|1738444996\n|move|p2a: Zapdos|Drill Peck|p1a: Exeggutor\n|-supereffective|p1a: Exeggutor\n|-damage|p1a: Exeggutor|0 fnt\n|faint|p1a: Exeggutor\n|inactive|nicole7735 has 25 seconds left this turn.\n|inactive|nicole7735 has 20 seconds left.\n|\n|t:|1738445005\n|switch|p1a: Gengar|Gengar|34/100\n|turn|60\n|inactive|nicole7735 has 30 seconds left this turn.\n|inactive|nicole7735 has 20 seconds left.\n|inactive|nicole7735 has 15 seconds left.\n|inactive|nicole7735 has 10 seconds left.\n|inactive|Kaz has 180 seconds left.\n|inactive|nicole7735 has 5 seconds left.\n|\n|t:|1738445049\n|move|p1a: Gengar|Explosion|p2a: Zapdos\n|-damage|p2a: Zapdos|45/100\n|faint|p1a: Gengar\n|inactive|nicole7735 has 10 seconds left this turn.\n|inactive|nicole7735 has 5 seconds left.\n|\n|t:|1738445057\n|switch|p1a: Starmie|Starmie|66/100\n|turn|61\n|inactive|nicole7735 has 15 seconds left this turn.\n|inactive|nicole7735 has 10 seconds left.\n|inactive|nicole7735 has 5 seconds left.\n|\n|t:|1738445067\n|move|p1a: Starmie|Blizzard|p2a: Zapdos\n|-supereffective|p2a: Zapdos\n|-damage|p2a: Zapdos|0 fnt\n|faint|p2a: Zapdos\n|inactive|nicole7735 has 10 seconds left this turn.\n|\n|t:|1738445072\n|switch|p2a: Exeggutor|Exeggutor|49/100 par\n|turn|62\n|inactive|nicole7735 has 20 seconds left this turn.\n|inactive|nicole7735 has 15 seconds left.\n|inactive|Kaz has 180 seconds left.\n|\n|t:|1738445079\n|switch|p2a: Tauros|Tauros|45/100 par\n|move|p1a: Starmie|Blizzard|p2a: Tauros\n|-crit|p2a: Tauros\n|-damage|p2a: Tauros|0 fnt\n|faint|p2a: Tauros\n|inactive|nicole7735 has 20 seconds left this turn.\n|\n|t:|1738445082\n|switch|p2a: Exeggutor|Exeggutor|49/100 par\n|turn|63\n|inactive|nicole7735 has 30 seconds left this turn.\n|\n|t:|1738445086\n|move|p1a: Starmie|Blizzard|p2a: Exeggutor\n|-supereffective|p2a: Exeggutor\n|-damage|p2a: Exeggutor|5/100 par\n|move|p2a: Exeggutor|Sleep Powder|p1a: Starmie|[miss]\n|-miss|p2a: Exeggutor\n|\n|upkeep\n|turn|64\n|\n|t:|1738445090\n|move|p1a: Starmie|Psychic|p2a: Exeggutor\n|-crit|p2a: Exeggutor\n|-resisted|p2a: Exeggutor\n|-damage|p2a: Exeggutor|0 fnt\n|faint|p2a: Exeggutor\n|\n|win|nicole7735\n|c|☆Kaz|gg\n|c|☆nicole7735|gg\n|player|p2|\n","uploadtime":1738445090,"views":"1894","formatid":"gen1ou","rating":null,"private":0,"password":null}