{"id":"smogtours-gen1ou-909892","format":"[Gen 1] OU","players":["nicole7735","Girls See Ghosts"],"log":"|inactive|Battle timer is ON: inactive players will automatically lose when time's up.\n|t:|1771208869\n|gametype|singles\n|player|p1|nicole7735|#splxviiscooters|\n|player|p2|Girls See Ghosts|#splxviisharks|\n|gen|1\n|tier|[Gen 1] OU\n|rule|Desync Clause Mod: Desyncs changed to move failure.\n|rule|Sleep Clause Mod: Limit one foe put to sleep\n|rule|Freeze Clause Mod: Limit one foe frozen\n|rule|Species Clause: Limit one of each Pokémon\n|rule|OHKO Clause: OHKO moves are banned\n|rule|Evasion Moves Clause: Evasion moves are banned\n|rule|Endless Battle Clause: Forcing endless battles is banned\n|rule|HP Percentage Mod: HP is shown in percentages\n|\n|t:|1771208869\n|teamsize|p1|6\n|teamsize|p2|6\n|start\n|switch|p1a: Gengar|Gengar|100/100\n|switch|p2a: Jynx|Jynx|100/100\n|turn|1\n|rated|Smogon Premier League\n|c|☆nicole7735|hf\n|c|☆Girls See Ghosts|u2\n|\n|t:|1771208899\n|move|p1a: Gengar|Hypnosis|p2a: Jynx\n|-status|p2a: Jynx|slp|[from] move: Hypnosis\n|cant|p2a: Jynx|slp\n|\n|upkeep\n|turn|2\n|\n|t:|1771208903\n|switch|p2a: Chansey|Chansey|100/100\n|move|p1a: Gengar|Night Shade|p2a: Chansey\n|-damage|p2a: Chansey|86/100\n|\n|upkeep\n|turn|3\n|\n|t:|1771208911\n|switch|p1a: Chansey|Chansey|100/100\n|move|p2a: Chansey|Ice Beam|p1a: Chansey\n|-damage|p1a: Chansey|90/100\n|\n|upkeep\n|turn|4\n|\n|t:|1771208916\n|move|p2a: Chansey|Ice Beam|p1a: Chansey\n|-damage|p1a: Chansey|79/100\n|-status|p1a: Chansey|frz\n|cant|p1a: Chansey|frz\n|\n|upkeep\n|turn|5\n|c|☆nicole7735|ohhh ok\n|inactive|nicole7735 has 270 seconds left.\n|c|☆Girls See Ghosts|these are the clicks i make to satisfy troller's massive ego\n|inactive|nicole7735 has 240 seconds left.\n|\n|t:|1771209001\n|switch|p1a: Snorlax|Snorlax|100/100\n|switch|p2a: Exeggutor|Exeggutor|100/100\n|\n|upkeep\n|turn|6\n|\n|t:|1771209018\n|switch|p1a: Gengar|Gengar|100/100\n|move|p2a: Exeggutor|Sleep Powder|p1a: Gengar\n|-status|p1a: Gengar|slp|[from] move: Sleep Powder\n|\n|upkeep\n|turn|7\n|\n|t:|1771209035\n|switch|p1a: Exeggutor|Exeggutor|100/100\n|switch|p2a: Chansey|Chansey|86/100\n|\n|upkeep\n|turn|8\n|\n|t:|1771209043\n|move|p1a: Exeggutor|Stun Spore|p2a: Chansey\n|-status|p2a: Chansey|par\n|cant|p2a: Chansey|par\n|\n|upkeep\n|turn|9\n|\n|t:|1771209066\n|switch|p1a: Snorlax|Snorlax|100/100\n|move|p2a: Chansey|Thunder Wave|p1a: Snorlax\n|-status|p1a: Snorlax|par\n|\n|upkeep\n|turn|10\n|\n|t:|1771209084\n|switch|p2a: Snorlax|Snorlax|100/100\n|move|p1a: Snorlax|Reflect|p1a: Snorlax\n|-start|p1a: Snorlax|Reflect\n|\n|upkeep\n|turn|11\n|inactive|Girls See Ghosts has 270 seconds left.\n|\n|t:|1771209128\n|move|p2a: Snorlax|Body Slam|p1a: Snorlax\n|-damage|p1a: Snorlax|87/100 par\n|move|p1a: Snorlax|Body Slam|p2a: Snorlax\n|-damage|p2a: Snorlax|73/100\n|\n|upkeep\n|turn|12\n|inactive|nicole7735 has 240 seconds left.\n|\n|t:|1771209139\n|move|p2a: Snorlax|Body Slam|p1a: Snorlax\n|-damage|p1a: Snorlax|74/100 par\n|move|p1a: Snorlax|Body Slam|p2a: Snorlax\n|-crit|p2a: Snorlax\n|-damage|p2a: Snorlax|23/100\n|\n|upkeep\n|turn|13\n|inactive|nicole7735 has 240 seconds left.\n|\n|t:|1771209154\n|switch|p1a: Tauros|Tauros|100/100\n|move|p2a: Snorlax|Earthquake|p1a: Tauros\n|-damage|p1a: Tauros|76/100\n|\n|upkeep\n|turn|14\n|inactive|Girls See Ghosts has 270 seconds left.\n|inactive|Girls See Ghosts has 240 seconds left.\n|\n|t:|1771209217\n|move|p1a: Tauros|Body Slam|p2a: Snorlax\n|-damage|p2a: Snorlax|0 fnt\n|faint|p2a: Snorlax\n|\n|t:|1771209219\n|switch|p2a: Tauros|Tauros|100/100\n|turn|15\n|\n|t:|1771209230\n|move|p2a: Tauros|Body Slam|p1a: Tauros\n|-damage|p1a: Tauros|49/100\n|move|p1a: Tauros|Blizzard|p2a: Tauros\n|-damage|p2a: Tauros|72/100\n|\n|upkeep\n|turn|16\n|\n|t:|1771209240\n|switch|p1a: Chansey|Chansey|79/100 frz\n|move|p2a: Tauros|Body Slam|p1a: Chansey\n|-damage|p1a: Chansey|40/100 frz\n|\n|upkeep\n|turn|17\n|inactive|Girls See Ghosts has 240 seconds left.\n|\n|t:|1771209256\n|switch|p2a: Zapdos|Zapdos|100/100\n|cant|p1a: Chansey|frz\n|\n|upkeep\n|turn|18\n|\n|t:|1771209265\n|move|p2a: Zapdos|Agility|p2a: Zapdos\n|-boost|p2a: Zapdos|spe|2\n|cant|p1a: Chansey|frz\n|\n|upkeep\n|turn|19\n|\n|t:|1771209271\n|move|p2a: Zapdos|Drill Peck|p1a: Chansey\n|-damage|p1a: Chansey|5/100 frz\n|cant|p1a: Chansey|frz\n|\n|upkeep\n|turn|20\n|\n|t:|1771209274\n|move|p2a: Zapdos|Drill Peck|p1a: Chansey\n|-damage|p1a: Chansey|0 fnt\n|faint|p1a: Chansey\n|\n|t:|1771209276\n|switch|p1a: Snorlax|Snorlax|74/100 par\n|turn|21\n|\n|t:|1771209285\n|move|p2a: Zapdos|Thunderbolt|p1a: Snorlax\n|-damage|p1a: Snorlax|40/100 par\n|move|p1a: Snorlax|Body Slam|p2a: Zapdos\n|-damage|p2a: Zapdos|68/100\n|\n|upkeep\n|turn|22\n|inactive|Girls See Ghosts has 270 seconds left.\n|\n|t:|1771209291\n|move|p2a: Zapdos|Thunderbolt|p1a: Snorlax\n|-damage|p1a: Snorlax|8/100 par\n|move|p1a: Snorlax|Self-Destruct|p2a: Zapdos\n|-damage|p2a: Zapdos|0 fnt\n|faint|p2a: Zapdos\n|faint|p1a: Snorlax\n|inactive|Girls See Ghosts has 270 seconds left.\n|inactive|nicole7735 has 270 seconds left.\n|inactive|Girls See Ghosts has 240 seconds left.\n|inactive|nicole7735 has 240 seconds left.\n|\n|t:|1771209359\n|switch|p2a: Chansey|Chansey|86/100 par\n|switch|p1a: Exeggutor|Exeggutor|100/100\n|turn|23\n|inactive|nicole7735 has 240 seconds left.\n|\n|t:|1771209375\n|move|p1a: Exeggutor|Psychic|p2a: Chansey\n|-damage|p2a: Chansey|70/100 par\n|-unboost|p2a: Chansey|spa|1\n|-unboost|p2a: Chansey|spd|1\n|move|p2a: Chansey|Thunder Wave|p1a: Exeggutor\n|-status|p1a: Exeggutor|par\n|\n|upkeep\n|turn|24\n|inactive|Girls See Ghosts has 210 seconds left.\n|\n|t:|1771209414\n|move|p1a: Exeggutor|Psychic|p2a: Chansey\n|-damage|p2a: Chansey|44/100 par\n|cant|p2a: Chansey|par\n|\n|upkeep\n|turn|25\n|\n|t:|1771209421\n|move|p1a: Exeggutor|Explosion|p2a: Chansey\n|-damage|p2a: Chansey|0 fnt\n|faint|p2a: Chansey\n|faint|p1a: Exeggutor\n|inactive|nicole7735 has 240 seconds left.\n|\n|t:|1771209446\n|switch|p1a: Starmie|Starmie|100/100\n|switch|p2a: Exeggutor|Exeggutor|100/100\n|turn|26\n|inactive|Girls See Ghosts has 210 seconds left.\n|\n|t:|1771209465\n|switch|p2a: Jynx|Jynx|100/100 slp\n|move|p1a: Starmie|Thunder Wave|p2a: Jynx\n|-fail|p2a: Jynx\n|\n|upkeep\n|turn|27\n|inactive|nicole7735 has 240 seconds left.\n|\n|t:|1771209483\n|move|p1a: Starmie|Psychic|p2a: Jynx\n|-resisted|p2a: Jynx\n|-damage|p2a: Jynx|84/100 slp\n|-curestatus|p2a: Jynx|slp|[msg]\n|\n|upkeep\n|turn|28\n|\n|t:|1771209492\n|move|p1a: Starmie|Thunder Wave|p2a: Jynx\n|-status|p2a: Jynx|par\n|move|p2a: Jynx|Psychic|p1a: Starmie\n|-resisted|p1a: Starmie\n|-damage|p1a: Starmie|86/100\n|-unboost|p1a: Starmie|spa|1\n|-unboost|p1a: Starmie|spd|1\n|\n|upkeep\n|turn|29\n|\n|t:|1771209497\n|move|p1a: Starmie|Psychic|p2a: Jynx\n|-crit|p2a: Jynx\n|-resisted|p2a: Jynx\n|-damage|p2a: Jynx|53/100 par\n|-unboost|p2a: Jynx|spa|1\n|-unboost|p2a: Jynx|spd|1\n|move|p2a: Jynx|Blizzard|p1a: Starmie\n|-resisted|p1a: Starmie\n|-damage|p1a: Starmie|65/100\n|\n|upkeep\n|turn|30\n|\n|t:|1771209513\n|move|p1a: Starmie|Psychic|p2a: Jynx\n|-resisted|p2a: Jynx\n|-damage|p2a: Jynx|36/100 par\n|move|p2a: Jynx|Rest|p2a: Jynx\n|-status|p2a: Jynx|slp|[from] move: Rest\n|-heal|p2a: Jynx|100/100 slp|[silent]\n|\n|upkeep\n|turn|31\n|\n|t:|1771209516\n|move|p1a: Starmie|Recover|p1a: Starmie\n|-heal|p1a: Starmie|100/100\n|cant|p2a: Jynx|slp\n|\n|upkeep\n|turn|32\n|\n|t:|1771209519\n|move|p1a: Starmie|Psychic|p2a: Jynx\n|-resisted|p2a: Jynx\n|-damage|p2a: Jynx|85/100 slp\n|-unboost|p2a: Jynx|spa|1\n|-unboost|p2a: Jynx|spd|1\n|-curestatus|p2a: Jynx|slp|[msg]\n|\n|upkeep\n|turn|33\n|\n|t:|1771209524\n|move|p1a: Starmie|Thunder Wave|p2a: Jynx\n|-status|p2a: Jynx|par\n|move|p2a: Jynx|Psychic|p1a: Starmie\n|-resisted|p1a: Starmie\n|-damage|p1a: Starmie|89/100\n|\n|upkeep\n|turn|34\n|\n|t:|1771209528\n|move|p1a: Starmie|Psychic|p2a: Jynx\n|-resisted|p2a: Jynx\n|-damage|p2a: Jynx|62/100 par\n|move|p2a: Jynx|Psychic|p1a: Starmie\n|-crit|p1a: Starmie\n|-resisted|p1a: Starmie\n|-damage|p1a: Starmie|58/100\n|-unboost|p1a: Starmie|spa|1\n|-unboost|p1a: Starmie|spd|1\n|\n|upkeep\n|turn|35\n|\n|t:|1771209530\n|move|p1a: Starmie|Recover|p1a: Starmie\n|-heal|p1a: Starmie|100/100\n|move|p2a: Jynx|Rest|p2a: Jynx\n|-status|p2a: Jynx|slp|[from] move: Rest\n|-heal|p2a: Jynx|100/100 slp|[silent]\n|\n|upkeep\n|turn|36\n|inactive|nicole7735 has 270 seconds left.\n|inactive|nicole7735 has 240 seconds left.\n|inactive|nicole7735 has 210 seconds left.\n|\n|t:|1771209625\n|switch|p1a: Tauros|Tauros|49/100\n|switch|p2a: Exeggutor|Exeggutor|100/100\n|\n|upkeep\n|turn|37\n|\n|t:|1771209635\n|switch|p1a: Starmie|Starmie|100/100\n|move|p2a: Exeggutor|Psychic|p1a: Starmie\n|-resisted|p1a: Starmie\n|-damage|p1a: Starmie|83/100\n|\n|upkeep\n|turn|38\n|inactive|nicole7735 has 210 seconds left.\n|inactive|Girls See Ghosts has 270 seconds left.\n|inactive|nicole7735 has 180 seconds left.\n|inactive|Girls See Ghosts has 240 seconds left.\n|inactive|nicole7735 has 150 seconds left.\n|\n|t:|1771209732\n|move|p1a: Starmie|Thunder Wave|p2a: Exeggutor\n|-status|p2a: Exeggutor|par\n|move|p2a: Exeggutor|Explosion|p1a: Starmie\n|-damage|p1a: Starmie|0 fnt\n|faint|p1a: Starmie\n|faint|p2a: Exeggutor\n|inactive|Girls See Ghosts has 240 seconds left.\n|\n|t:|1771209740\n|switch|p1a: Tauros|Tauros|49/100\n|switch|p2a: Tauros|Tauros|72/100\n|turn|39\n|\n|t:|1771209743\n|move|p2a: Tauros|Hyper Beam|p1a: Tauros\n|-crit|p1a: Tauros\n|-damage|p1a: Tauros|0 fnt\n|faint|p1a: Tauros\n|\n|t:|1771209746\n|switch|p1a: Gengar|Gengar|100/100 slp\n|turn|40\n|\n|t:|1771209749\n|move|p2a: Tauros|Earthquake|p1a: Gengar\n|-supereffective|p1a: Gengar\n|-damage|p1a: Gengar|38/100 slp\n|cant|p1a: Gengar|slp\n|\n|upkeep\n|turn|41\n|c|☆nicole7735|ggs\n|\n|t:|1771209754\n|cant|p1a: Gengar|slp\n|move|p2a: Tauros|Earthquake|p1a: Gengar\n|-supereffective|p1a: Gengar\n|-damage|p1a: Gengar|0 fnt\n|faint|p1a: Gengar\n|\n|win|Girls See Ghosts\n|c|☆Girls See Ghosts|ggs\n|player|p1|\n","uploadtime":1771209754,"views":"5233","formatid":"gen1ou","rating":null,"private":0,"password":null}