{"id":"smogtours-gen1ou-909028","format":"[Gen 1] OU","players":["Laroxyl","BeeOrSomething"],"log":"|inactive|Battle timer is ON: inactive players will automatically lose when time's up.\n|t:|1771110857\n|gametype|singles\n|player|p1|Laroxyl|#splxviitigers2|\n|player|p2|BeeOrSomething|#beeorsomething|\n|gen|1\n|tier|[Gen 1] OU\n|rule|Desync Clause Mod: Desyncs changed to move failure.\n|rule|Sleep Clause Mod: Limit one foe put to sleep\n|rule|Freeze Clause Mod: Limit one foe frozen\n|rule|Species Clause: Limit one of each Pokémon\n|rule|OHKO Clause: OHKO moves are banned\n|rule|Evasion Moves Clause: Evasion moves are banned\n|rule|Endless Battle Clause: Forcing endless battles is banned\n|rule|HP Percentage Mod: HP is shown in percentages\n|\n|t:|1771110857\n|teamsize|p1|6\n|teamsize|p2|6\n|start\n|switch|p1a: Alakazam|Alakazam|100/100\n|switch|p2a: Voracious Idol|Alakazam|100/100\n|turn|1\n|c|☆BeeOrSomething|glhf\n|c|☆Laroxyl|u2\n|\n|t:|1771110874\n|move|p1a: Alakazam|Thunder Wave|p2a: Voracious Idol\n|-status|p2a: Voracious Idol|par\n|cant|p2a: Voracious Idol|par\n|\n|upkeep\n|turn|2\n|\n|t:|1771110883\n|move|p1a: Alakazam|Seismic Toss|p2a: Voracious Idol\n|-damage|p2a: Voracious Idol|69/100 par\n|move|p2a: Voracious Idol|Thunder Wave|p1a: Alakazam\n|-status|p1a: Alakazam|par\n|\n|upkeep\n|turn|3\n|\n|t:|1771110888\n|cant|p2a: Voracious Idol|par\n|move|p1a: Alakazam|Seismic Toss|p2a: Voracious Idol\n|-damage|p2a: Voracious Idol|37/100 par\n|\n|upkeep\n|turn|4\n|\n|t:|1771110901\n|switch|p1a: Snorlax|Snorlax|100/100\n|move|p2a: Voracious Idol|Recover|p2a: Voracious Idol\n|-heal|p2a: Voracious Idol|86/100 par\n|\n|upkeep\n|turn|5\n|\n|t:|1771110906\n|switch|p2a: All My Heart|Snorlax|100/100\n|move|p1a: Snorlax|Body Slam|p2a: All My Heart\n|-damage|p2a: All My Heart|72/100\n|\n|upkeep\n|turn|6\n|\n|t:|1771110919\n|move|p1a: Snorlax|Body Slam|p2a: All My Heart\n|-damage|p2a: All My Heart|45/100\n|move|p2a: All My Heart|Reflect|p2a: All My Heart\n|-start|p2a: All My Heart|Reflect\n|\n|upkeep\n|turn|7\n|\n|t:|1771110926\n|switch|p1a: Exeggutor|Exeggutor|100/100\n|move|p2a: All My Heart|Body Slam|p1a: Exeggutor\n|-damage|p1a: Exeggutor|71/100\n|-status|p1a: Exeggutor|par\n|\n|upkeep\n|turn|8\n|\n|t:|1771110934\n|switch|p2a: Voracious Idol|Alakazam|86/100 par\n|move|p1a: Exeggutor|Psychic|p2a: Voracious Idol\n|-resisted|p2a: Voracious Idol\n|-damage|p2a: Voracious Idol|72/100 par\n|\n|upkeep\n|turn|9\n|rated|Smogon Premier League\n|\n|t:|1771110946\n|cant|p2a: Voracious Idol|par\n|move|p1a: Exeggutor|Explosion|p2a: Voracious Idol\n|-damage|p2a: Voracious Idol|0 fnt\n|faint|p2a: Voracious Idol\n|faint|p1a: Exeggutor\n|\n|t:|1771110967\n|switch|p2a: Greatest Love|Chansey|100/100\n|switch|p1a: Snorlax|Snorlax|100/100\n|turn|10\n|\n|t:|1771110971\n|switch|p1a: Alakazam|Alakazam|100/100 par\n|move|p2a: Greatest Love|Ice Beam|p1a: Alakazam\n|-damage|p1a: Alakazam|81/100 par\n|\n|upkeep\n|turn|11\n|\n|t:|1771110976\n|move|p2a: Greatest Love|Ice Beam|p1a: Alakazam\n|-damage|p1a: Alakazam|60/100 par\n|move|p1a: Alakazam|Thunder Wave|p2a: Greatest Love\n|-status|p2a: Greatest Love|par\n|\n|upkeep\n|turn|12\n|\n|t:|1771110981\n|switch|p2a: All My Heart|Snorlax|45/100\n|move|p1a: Alakazam|Psychic|p2a: All My Heart\n|-crit|p2a: All My Heart\n|-damage|p2a: All My Heart|0 fnt\n|faint|p2a: All My Heart\n|\n|t:|1771110985\n|switch|p2a: I Love You|Tauros|100/100\n|turn|13\n|\n|t:|1771110992\n|switch|p1a: Snorlax|Snorlax|100/100\n|move|p2a: I Love You|Body Slam|p1a: Snorlax\n|-damage|p1a: Snorlax|77/100\n|\n|upkeep\n|turn|14\n|\n|t:|1771110997\n|move|p2a: I Love You|Body Slam|p1a: Snorlax\n|-damage|p1a: Snorlax|54/100\n|move|p1a: Snorlax|Body Slam|p2a: I Love You\n|-crit|p2a: I Love You\n|-damage|p2a: I Love You|39/100\n|\n|upkeep\n|turn|15\n|\n|t:|1771111009\n|switch|p2a: Not A Lie|Exeggutor|100/100\n|move|p1a: Snorlax|Self-Destruct|p2a: Not A Lie\n|-damage|p2a: Not A Lie|3/100\n|faint|p1a: Snorlax\n|\n|t:|1771111016\n|switch|p1a: Tauros|Tauros|100/100\n|turn|16\n|\n|t:|1771111024\n|move|p1a: Tauros|Body Slam|p2a: Not A Lie\n|-damage|p2a: Not A Lie|0 fnt\n|faint|p2a: Not A Lie\n|\n|t:|1771111025\n|switch|p2a: Brightest Star|Starmie|100/100\n|turn|17\n|\n|t:|1771111043\n|switch|p1a: Alakazam|Alakazam|60/100 par\n|move|p2a: Brightest Star|Surf|p1a: Alakazam\n|-damage|p1a: Alakazam|30/100 par\n|\n|upkeep\n|turn|18\n|\n|t:|1771111065\n|switch|p1a: Zapdos|Zapdos|100/100\n|move|p2a: Brightest Star|Surf|p1a: Zapdos\n|-crit|p1a: Zapdos\n|-damage|p1a: Zapdos|50/100\n|\n|upkeep\n|turn|19\n|\n|t:|1771111074\n|switch|p2a: Greatest Love|Chansey|100/100 par\n|move|p1a: Zapdos|Thunderbolt|p2a: Greatest Love\n|-damage|p2a: Greatest Love|83/100 par\n|\n|upkeep\n|turn|20\n|\n|t:|1771111082\n|move|p1a: Zapdos|Drill Peck|p2a: Greatest Love\n|-damage|p2a: Greatest Love|47/100 par\n|cant|p2a: Greatest Love|par\n|\n|upkeep\n|turn|21\n|\n|t:|1771111087\n|move|p1a: Zapdos|Drill Peck|p2a: Greatest Love\n|-damage|p2a: Greatest Love|12/100 par\n|move|p2a: Greatest Love|Ice Beam|p1a: Zapdos\n|-supereffective|p1a: Zapdos\n|-damage|p1a: Zapdos|17/100\n|\n|upkeep\n|turn|22\n|\n|t:|1771111106\n|move|p1a: Zapdos|Agility|p1a: Zapdos\n|-boost|p1a: Zapdos|spe|2\n|move|p2a: Greatest Love|Ice Beam|p1a: Zapdos\n|-crit|p1a: Zapdos\n|-supereffective|p1a: Zapdos\n|-damage|p1a: Zapdos|0 fnt\n|faint|p1a: Zapdos\n|inactive|Laroxyl has 270 seconds left.\n|\n|t:|1771111130\n|switch|p1a: Starmie|Starmie|100/100\n|turn|23\n|\n|t:|1771111133\n|move|p1a: Starmie|Psychic|p2a: Greatest Love\n|-crit|p2a: Greatest Love\n|-damage|p2a: Greatest Love|0 fnt\n|faint|p2a: Greatest Love\n|\n|t:|1771111135\n|switch|p2a: Brightest Star|Starmie|100/100\n|turn|24\n|\n|t:|1771111145\n|move|p1a: Starmie|Thunder Wave|p2a: Brightest Star\n|-status|p2a: Brightest Star|par\n|move|p2a: Brightest Star|Thunder Wave|p1a: Starmie\n|-status|p1a: Starmie|par\n|\n|upkeep\n|turn|25\n|inactive|Laroxyl has 270 seconds left.\n|\n|t:|1771111186\n|switch|p1a: Alakazam|Alakazam|30/100 par\n|move|p2a: Brightest Star|Thunderbolt|p1a: Alakazam\n|-damage|p1a: Alakazam|10/100 par\n|\n|upkeep\n|turn|26\n|\n|t:|1771111202\n|move|p1a: Alakazam|Psychic|p2a: Brightest Star\n|-resisted|p2a: Brightest Star\n|-damage|p2a: Brightest Star|80/100 par\n|cant|p2a: Brightest Star|par\n|\n|upkeep\n|turn|27\n|\n|t:|1771111210\n|move|p1a: Alakazam|Recover|p1a: Alakazam\n|-heal|p1a: Alakazam|60/100 par\n|move|p2a: Brightest Star|Recover|p2a: Brightest Star\n|-heal|p2a: Brightest Star|100/100 par\n|\n|upkeep\n|turn|28\n|\n|t:|1771111216\n|move|p1a: Alakazam|Recover|p1a: Alakazam\n|-heal|p1a: Alakazam|100/100 par\n|move|p2a: Brightest Star|Surf|p1a: Alakazam\n|-damage|p1a: Alakazam|70/100 par\n|\n|upkeep\n|turn|29\n|\n|t:|1771111219\n|cant|p1a: Alakazam|par\n|move|p2a: Brightest Star|Surf|p1a: Alakazam\n|-damage|p1a: Alakazam|43/100 par\n|\n|upkeep\n|turn|30\n|\n|t:|1771111222\n|move|p1a: Alakazam|Recover|p1a: Alakazam\n|-heal|p1a: Alakazam|93/100 par\n|move|p2a: Brightest Star|Surf|p1a: Alakazam\n|-damage|p1a: Alakazam|66/100 par\n|\n|upkeep\n|turn|31\n|\n|t:|1771111226\n|move|p1a: Alakazam|Recover|p1a: Alakazam\n|-heal|p1a: Alakazam|100/100 par\n|move|p2a: Brightest Star|Surf|p1a: Alakazam\n|-crit|p1a: Alakazam\n|-damage|p1a: Alakazam|41/100 par\n|\n|upkeep\n|turn|32\n|\n|t:|1771111234\n|move|p1a: Alakazam|Recover|p1a: Alakazam\n|-heal|p1a: Alakazam|91/100 par\n|cant|p2a: Brightest Star|par\n|\n|upkeep\n|turn|33\n|\n|t:|1771111240\n|move|p1a: Alakazam|Seismic Toss|p2a: Brightest Star\n|-damage|p2a: Brightest Star|70/100 par\n|cant|p2a: Brightest Star|par\n|\n|upkeep\n|turn|34\n|\n|t:|1771111245\n|move|p1a: Alakazam|Psychic|p2a: Brightest Star\n|-resisted|p2a: Brightest Star\n|-damage|p2a: Brightest Star|48/100 par\n|cant|p2a: Brightest Star|par\n|\n|upkeep\n|turn|35\n|\n|t:|1771111253\n|move|p1a: Alakazam|Psychic|p2a: Brightest Star\n|-crit|p2a: Brightest Star\n|-resisted|p2a: Brightest Star\n|-damage|p2a: Brightest Star|11/100 par\n|move|p2a: Brightest Star|Recover|p2a: Brightest Star\n|-heal|p2a: Brightest Star|61/100 par\n|\n|upkeep\n|turn|36\n|\n|t:|1771111260\n|move|p1a: Alakazam|Psychic|p2a: Brightest Star\n|-crit|p2a: Brightest Star\n|-resisted|p2a: Brightest Star\n|-damage|p2a: Brightest Star|22/100 par\n|move|p2a: Brightest Star|Recover|p2a: Brightest Star\n|-heal|p2a: Brightest Star|72/100 par\n|\n|upkeep\n|turn|37\n|\n|t:|1771111265\n|move|p1a: Alakazam|Psychic|p2a: Brightest Star\n|-resisted|p2a: Brightest Star\n|-damage|p2a: Brightest Star|53/100 par\n|-unboost|p2a: Brightest Star|spa|1\n|-unboost|p2a: Brightest Star|spd|1\n|move|p2a: Brightest Star|Recover|p2a: Brightest Star\n|-heal|p2a: Brightest Star|100/100 par\n|\n|upkeep\n|turn|38\n|\n|t:|1771111271\n|switch|p2a: I Love You|Tauros|39/100\n|move|p1a: Alakazam|Psychic|p2a: I Love You\n|-damage|p2a: I Love You|0 fnt\n|faint|p2a: I Love You\n|\n|t:|1771111275\n|switch|p2a: Brightest Star|Starmie|100/100 par\n|turn|39\n|\n|t:|1771111277\n|move|p1a: Alakazam|Psychic|p2a: Brightest Star\n|-resisted|p2a: Brightest Star\n|-damage|p2a: Brightest Star|81/100 par\n|-unboost|p2a: Brightest Star|spa|1\n|-unboost|p2a: Brightest Star|spd|1\n|move|p2a: Brightest Star|Surf|p1a: Alakazam\n|-damage|p1a: Alakazam|73/100 par\n|\n|upkeep\n|turn|40\n|\n|t:|1771111281\n|cant|p1a: Alakazam|par\n|move|p2a: Brightest Star|Surf|p1a: Alakazam\n|-crit|p1a: Alakazam\n|-damage|p1a: Alakazam|14/100 par\n|\n|upkeep\n|turn|41\n|\n|t:|1771111285\n|cant|p1a: Alakazam|par\n|move|p2a: Brightest Star|Surf|p1a: Alakazam\n|-damage|p1a: Alakazam|0 fnt\n|faint|p1a: Alakazam\n|\n|t:|1771111303\n|switch|p1a: Tauros|Tauros|100/100\n|turn|42\n|\n|t:|1771111305\n|move|p1a: Tauros|Body Slam|p2a: Brightest Star\n|-damage|p2a: Brightest Star|49/100 par\n|move|p2a: Brightest Star|Recover|p2a: Brightest Star\n|-heal|p2a: Brightest Star|99/100 par\n|\n|upkeep\n|turn|43\n|\n|t:|1771111309\n|move|p1a: Tauros|Body Slam|p2a: Brightest Star\n|-damage|p2a: Brightest Star|62/100 par\n|move|p2a: Brightest Star|Thunder Wave|p1a: Tauros\n|-status|p1a: Tauros|par\n|\n|upkeep\n|turn|44\n|\n|t:|1771111314\n|move|p1a: Tauros|Body Slam|p2a: Brightest Star\n|-crit|p2a: Brightest Star\n|-damage|p2a: Brightest Star|0 fnt\n|faint|p2a: Brightest Star\n|\n|win|Laroxyl\n|c|☆BeeOrSomething|gg\n|c|☆Laroxyl|gg\n|player|p1|\n|player|p2|\n","uploadtime":1771111314,"views":"937","formatid":"gen1ou","rating":null,"private":0,"password":null}