{"id":"smogtours-gen1ou-950097","format":"[Gen 1] OU","players":["TG2513","Soda Krys"],"log":"|inactive|Battle timer is ON: inactive players will automatically lose when time's up.\n|t:|1782419484\n|gametype|singles\n|player|p1|TG2513|brycenman|\n|player|p2|Soda Krys|lass-gen1rb|\n|gen|1\n|tier|[Gen 1] OU\n|rule|Desync Clause Mod: Desyncs changed to move failure.\n|rule|HP Percentage Mod: HP is shown in percentages\n|rule|Endless Battle Clause: Forcing endless battles is banned\n|rule|Sleep Clause Mod: Limit one foe put to sleep\n|rule|Freeze Clause Mod: Limit one foe frozen\n|rule|Species Clause: Limit one of each Pokémon\n|rule|OHKO Clause: OHKO moves are banned\n|rule|Evasion Moves Clause: Evasion moves are banned\n|\n|t:|1782419484\n|teamsize|p1|6\n|teamsize|p2|6\n|start\n|switch|p1a: Chansey|Chansey|100/100\n|switch|p2a: Shouko Komi|Gengar|100/100\n|turn|1\n|inactive|Soda Krys also wants the timer to be on.\n|\n|t:|1782419493\n|switch|p1a: Starmie|Starmie|100/100\n|move|p2a: Shouko Komi|Hypnosis|p1a: Starmie|[miss]\n|-miss|p2a: Shouko Komi\n|\n|upkeep\n|turn|2\n|\n|t:|1782419497\n|move|p1a: Starmie|Psychic|p2a: Shouko Komi\n|-supereffective|p2a: Shouko Komi\n|-damage|p2a: Shouko Komi|45/100\n|move|p2a: Shouko Komi|Hypnosis|p1a: Starmie\n|-status|p1a: Starmie|slp|[from] move: Hypnosis\n|\n|upkeep\n|turn|3\n|\n|t:|1782419502\n|cant|p1a: Starmie|slp\n|move|p2a: Shouko Komi|Psychic|p1a: Starmie\n|-resisted|p1a: Starmie\n|-damage|p1a: Starmie|86/100 slp\n|-unboost|p1a: Starmie|spa|1\n|-unboost|p1a: Starmie|spd|1\n|\n|upkeep\n|turn|4\n|\n|t:|1782419504\n|switch|p1a: Exeggutor|Exeggutor|100/100\n|move|p2a: Shouko Komi|Night Shade|p1a: Exeggutor\n|-damage|p1a: Exeggutor|75/100\n|\n|upkeep\n|turn|5\n|\n|t:|1782419513\n|move|p2a: Shouko Komi|Night Shade|p1a: Exeggutor\n|-damage|p1a: Exeggutor|50/100\n|move|p1a: Exeggutor|Psychic|p2a: Shouko Komi\n|-crit|p2a: Shouko Komi\n|-supereffective|p2a: Shouko Komi\n|-damage|p2a: Shouko Komi|0 fnt\n|faint|p2a: Shouko Komi\n|\n|t:|1782419516\n|switch|p2a: Kaede Otori|Zapdos|100/100\n|turn|6\n|\n|t:|1782419521\n|switch|p1a: Rhydon|Rhydon|100/100\n|move|p2a: Kaede Otori|Thunder Wave|p1a: Rhydon\n|-immune|p1a: Rhydon\n|\n|upkeep\n|turn|7\n|\n|t:|1782419524\n|switch|p2a: Nene Onemine|Exeggutor|100/100\n|move|p1a: Rhydon|Body Slam|p2a: Nene Onemine\n|-damage|p2a: Nene Onemine|79/100\n|-status|p2a: Nene Onemine|par\n|\n|upkeep\n|turn|8\n|\n|t:|1782419532\n|switch|p1a: Chansey|Chansey|100/100\n|cant|p2a: Nene Onemine|par\n|\n|upkeep\n|turn|9\n|\n|t:|1782419535\n|move|p1a: Chansey|Ice Beam|p2a: Nene Onemine\n|-supereffective|p2a: Nene Onemine\n|-damage|p2a: Nene Onemine|42/100 par\n|move|p2a: Nene Onemine|Stun Spore|p1a: Chansey|[miss]\n|-miss|p2a: Nene Onemine\n|\n|upkeep\n|turn|10\n|\n|t:|1782419540\n|switch|p1a: Rhydon|Rhydon|100/100\n|switch|p2a: Rumiko Manbagi|Chansey|100/100\n|\n|upkeep\n|turn|11\n|\n|t:|1782419548\n|switch|p2a: Hitohito Todano|Snorlax|100/100\n|move|p1a: Rhydon|Earthquake|p2a: Hitohito Todano\n|-damage|p2a: Hitohito Todano|63/100\n|\n|upkeep\n|turn|12\n|\n|t:|1782419552\n|move|p1a: Rhydon|Earthquake|p2a: Hitohito Todano\n|-damage|p2a: Hitohito Todano|29/100\n|move|p2a: Hitohito Todano|Ice Beam|p1a: Rhydon\n|-supereffective|p1a: Rhydon\n|-damage|p1a: Rhydon|58/100\n|\n|upkeep\n|turn|13\n|\n|t:|1782419556\n|move|p1a: Rhydon|Earthquake|p2a: Hitohito Todano\n|-damage|p2a: Hitohito Todano|0 fnt\n|faint|p2a: Hitohito Todano\n|\n|t:|1782419558\n|switch|p2a: Najimi Osana|Tauros|100/100\n|turn|14\n|\n|t:|1782419561\n|switch|p1a: Snorlax|Snorlax|100/100\n|move|p2a: Najimi Osana|Blizzard|p1a: Snorlax\n|-damage|p1a: Snorlax|81/100\n|\n|upkeep\n|turn|15\n|\n|t:|1782419564\n|move|p2a: Najimi Osana|Blizzard|p1a: Snorlax\n|-damage|p1a: Snorlax|64/100\n|move|p1a: Snorlax|Body Slam|p2a: Najimi Osana\n|-damage|p2a: Najimi Osana|71/100\n|\n|upkeep\n|turn|16\n|\n|t:|1782419567\n|move|p2a: Najimi Osana|Blizzard|p1a: Snorlax|[miss]\n|-miss|p2a: Najimi Osana\n|move|p1a: Snorlax|Body Slam|p2a: Najimi Osana\n|-damage|p2a: Najimi Osana|41/100\n|\n|upkeep\n|turn|17\n|\n|t:|1782419569\n|move|p2a: Najimi Osana|Blizzard|p1a: Snorlax\n|-crit|p1a: Snorlax\n|-damage|p1a: Snorlax|28/100\n|move|p1a: Snorlax|Body Slam|p2a: Najimi Osana\n|-damage|p2a: Najimi Osana|9/100\n|\n|upkeep\n|turn|18\n|\n|t:|1782419575\n|move|p2a: Najimi Osana|Hyper Beam|p1a: Snorlax\n|-damage|p1a: Snorlax|0 fnt\n|faint|p1a: Snorlax\n|\n|t:|1782419582\n|switch|p1a: Tauros|Tauros|100/100\n|turn|19\n|\n|t:|1782419587\n|move|p1a: Tauros|Body Slam|p2a: Najimi Osana\n|-crit|p2a: Najimi Osana\n|-damage|p2a: Najimi Osana|0 fnt\n|faint|p2a: Najimi Osana\n|\n|t:|1782419589\n|switch|p2a: Kaede Otori|Zapdos|100/100\n|turn|20\n|\n|t:|1782419592\n|switch|p1a: Rhydon|Rhydon|58/100\n|move|p2a: Kaede Otori|Thunder Wave|p1a: Rhydon\n|-immune|p1a: Rhydon\n|\n|upkeep\n|turn|21\n|\n|t:|1782419601\n|move|p2a: Kaede Otori|Drill Peck|p1a: Rhydon\n|-resisted|p1a: Rhydon\n|-damage|p1a: Rhydon|48/100\n|move|p1a: Rhydon|Rock Slide|p2a: Kaede Otori\n|-supereffective|p2a: Kaede Otori\n|-damage|p2a: Kaede Otori|38/100\n|\n|upkeep\n|turn|22\n|\n|t:|1782419604\n|move|p2a: Kaede Otori|Drill Peck|p1a: Rhydon\n|-resisted|p1a: Rhydon\n|-damage|p1a: Rhydon|39/100\n|move|p1a: Rhydon|Body Slam|p2a: Kaede Otori\n|-damage|p2a: Kaede Otori|16/100\n|\n|upkeep\n|turn|23\n|\n|t:|1782419609\n|move|p2a: Kaede Otori|Drill Peck|p1a: Rhydon\n|-crit|p1a: Rhydon\n|-resisted|p1a: Rhydon\n|-damage|p1a: Rhydon|20/100\n|move|p1a: Rhydon|Body Slam|p2a: Kaede Otori\n|-damage|p2a: Kaede Otori|0 fnt\n|faint|p2a: Kaede Otori\n|\n|t:|1782419611\n|switch|p2a: Rumiko Manbagi|Chansey|100/100\n|turn|24\n|\n|t:|1782419615\n|switch|p1a: Chansey|Chansey|100/100\n|move|p2a: Rumiko Manbagi|Seismic Toss|p1a: Chansey\n|-damage|p1a: Chansey|86/100\n|\n|upkeep\n|turn|25\n|\n|t:|1782419620\n|move|p2a: Rumiko Manbagi|Thunder Wave|p1a: Chansey\n|-status|p1a: Chansey|par\n|move|p1a: Chansey|Thunder Wave|p2a: Rumiko Manbagi\n|-status|p2a: Rumiko Manbagi|par\n|\n|upkeep\n|turn|26\n|\n|t:|1782419623\n|switch|p2a: Nene Onemine|Exeggutor|42/100 par\n|cant|p1a: Chansey|par\n|\n|upkeep\n|turn|27\n|\n|t:|1782419626\n|move|p2a: Nene Onemine|Psychic|p1a: Chansey\n|-crit|p1a: Chansey\n|-damage|p1a: Chansey|56/100 par\n|cant|p1a: Chansey|par\n|\n|upkeep\n|turn|28\n|\n|t:|1782419628\n|move|p2a: Nene Onemine|Psychic|p1a: Chansey\n|-damage|p1a: Chansey|38/100 par\n|move|p1a: Chansey|Ice Beam|p2a: Nene Onemine\n|-supereffective|p2a: Nene Onemine\n|-damage|p2a: Nene Onemine|7/100 par\n|\n|upkeep\n|turn|29\n|\n|t:|1782419631\n|move|p2a: Nene Onemine|Psychic|p1a: Chansey\n|-damage|p1a: Chansey|21/100 par\n|move|p1a: Chansey|Soft-Boiled|p1a: Chansey\n|-heal|p1a: Chansey|71/100 par\n|\n|upkeep\n|turn|30\n|\n|t:|1782419633\n|move|p2a: Nene Onemine|Psychic|p1a: Chansey\n|-damage|p1a: Chansey|53/100 par\n|move|p1a: Chansey|Soft-Boiled|p1a: Chansey\n|-heal|p1a: Chansey|100/100 par\n|\n|upkeep\n|turn|31\n|\n|t:|1782419636\n|move|p2a: Nene Onemine|Explosion|p1a: Chansey\n|-damage|p1a: Chansey|0 fnt\n|faint|p1a: Chansey\n|faint|p2a: Nene Onemine\n|c|☆Soda Krys|gg\n|-message|Soda Krys forfeited.\n|\n|win|TG2513\n","uploadtime":1782419643,"views":"56","formatid":"gen1ou","rating":null,"private":0,"password":null}