{"id":"smogtours-gen1ou-821544","format":"[Gen 1] OU","players":["Prinz","nicole7735"],"log":"|inactive|Battle timer is ON: inactive players will automatically lose when time's up.\n|t:|1740306081\n|gametype|singles\n|player|p1|Prinz|baker|\n|player|p2|nicole7735|lady-gen4|\n|teamsize|p1|6\n|teamsize|p2|6\n|gen|1\n|tier|[Gen 1] OU\n|rule|Desync Clause Mod: Desyncs changed to move failure.\n|rule|Sleep Clause Mod: Limit one foe put to sleep\n|rule|Freeze Clause Mod: Limit one foe frozen\n|rule|Species Clause: Limit one of each Pokémon\n|rule|OHKO Clause: OHKO moves are banned\n|rule|Evasion Moves Clause: Evasion moves are banned\n|rule|Endless Battle Clause: Forcing endless battles is banned\n|rule|HP Percentage Mod: HP is shown in percentages\n|\n|t:|1740306081\n|start\n|switch|p1a: Alakazam|Alakazam|100/100\n|switch|p2a: Starmie|Starmie|100/100\n|turn|1\n|c|☆nicole7735|hf\n|c|☆Prinz|u2\n|rated|Smogon Premier League\n|\n|t:|1740306097\n|move|p1a: Alakazam|Seismic Toss|p2a: Starmie\n|-damage|p2a: Starmie|70/100\n|move|p2a: Starmie|Blizzard|p1a: Alakazam\n|-crit|p1a: Alakazam\n|-damage|p1a: Alakazam|56/100\n|\n|upkeep\n|turn|2\n|\n|t:|1740306108\n|move|p1a: Alakazam|Thunder Wave|p2a: Starmie\n|-status|p2a: Starmie|par\n|cant|p2a: Starmie|par\n|\n|upkeep\n|turn|3\n|\n|t:|1740306114\n|move|p1a: Alakazam|Seismic Toss|p2a: Starmie\n|-damage|p2a: Starmie|39/100 par\n|move|p2a: Starmie|Recover|p2a: Starmie\n|-heal|p2a: Starmie|88/100 par\n|\n|upkeep\n|turn|4\n|\n|t:|1740306120\n|switch|p2a: Snorlax|Snorlax|100/100\n|move|p1a: Alakazam|Recover|p1a: Alakazam\n|-heal|p1a: Alakazam|100/100\n|\n|upkeep\n|turn|5\n|\n|t:|1740306125\n|switch|p1a: Gengar|Gengar|100/100\n|move|p2a: Snorlax|Body Slam|p1a: Gengar\n|-immune|p1a: Gengar\n|\n|upkeep\n|turn|6\n|inactive|nicole7735 has 270 seconds left.\n|inactive|nicole7735 has 240 seconds left.\n|inactive|nicole7735 has 210 seconds left.\n|\n|t:|1740306234\n|switch|p2a: Starmie|Starmie|88/100 par\n|move|p1a: Gengar|Hypnosis|p2a: Starmie\n|-fail|p2a: Starmie\n|\n|upkeep\n|turn|7\n|\n|t:|1740306239\n|switch|p2a: Chansey|Chansey|100/100\n|move|p1a: Gengar|Thunderbolt|p2a: Chansey\n|-damage|p2a: Chansey|88/100\n|\n|upkeep\n|turn|8\n|\n|t:|1740306251\n|move|p1a: Gengar|Hypnosis|p2a: Chansey\n|-status|p2a: Chansey|slp|[from] move: Hypnosis\n|cant|p2a: Chansey|slp\n|\n|upkeep\n|turn|9\n|\n|t:|1740306259\n|switch|p1a: Tauros|Tauros|100/100\n|switch|p2a: Exeggutor|Exeggutor|100/100\n|\n|upkeep\n|turn|10\n|\n|t:|1740306279\n|switch|p1a: Gengar|Gengar|100/100\n|move|p2a: Exeggutor|Sleep Powder|p1a: Gengar\n|-status|p1a: Gengar|slp|[from] move: Sleep Powder\n|\n|upkeep\n|turn|11\n|\n|t:|1740306286\n|switch|p1a: Alakazam|Alakazam|100/100\n|move|p2a: Exeggutor|Stun Spore|p1a: Alakazam|[miss]\n|-miss|p2a: Exeggutor\n|\n|upkeep\n|turn|12\n|inactive|nicole7735 has 240 seconds left.\n|inactive|nicole7735 has 210 seconds left.\n|\n|t:|1740306341\n|move|p1a: Alakazam|Thunder Wave|p2a: Exeggutor\n|-status|p2a: Exeggutor|par\n|move|p2a: Exeggutor|Explosion|p1a: Alakazam\n|-damage|p1a: Alakazam|0 fnt\n|faint|p1a: Alakazam\n|faint|p2a: Exeggutor\n|inactive|nicole7735 has 210 seconds left.\n|inactive|nicole7735 has 180 seconds left.\n|\n|t:|1740306394\n|switch|p1a: Chansey|Chansey|100/100\n|switch|p2a: Zapdos|Zapdos|100/100\n|turn|13\n|\n|t:|1740306406\n|move|p2a: Zapdos|Thunder Wave|p1a: Chansey\n|-status|p1a: Chansey|par\n|cant|p1a: Chansey|par\n|\n|upkeep\n|turn|14\n|inactive|nicole7735 has 180 seconds left.\n|\n|t:|1740306414\n|switch|p2a: Chansey|Chansey|88/100 slp\n|move|p1a: Chansey|Thunder Wave|p2a: Chansey\n|-fail|p2a: Chansey\n|\n|upkeep\n|turn|15\n|\n|t:|1740306426\n|switch|p2a: Snorlax|Snorlax|100/100\n|switch|p1a: Tauros|Tauros|100/100\n|\n|upkeep\n|turn|16\n|\n|t:|1740306438\n|move|p1a: Tauros|Body Slam|p2a: Snorlax\n|-crit|p2a: Snorlax\n|-damage|p2a: Snorlax|51/100\n|move|p2a: Snorlax|Body Slam|p1a: Tauros\n|-damage|p1a: Tauros|70/100\n|\n|upkeep\n|turn|17\n|\n|t:|1740306447\n|move|p1a: Tauros|Body Slam|p2a: Snorlax\n|-damage|p2a: Snorlax|25/100\n|move|p2a: Snorlax|Body Slam|p1a: Tauros\n|-damage|p1a: Tauros|37/100\n|\n|upkeep\n|turn|18\n|inactive|nicole7735 has 210 seconds left.\n|\n|t:|1740306474\n|switch|p2a: Chansey|Chansey|88/100 slp\n|move|p1a: Tauros|Body Slam|p2a: Chansey\n|-damage|p2a: Chansey|48/100 slp\n|\n|upkeep\n|turn|19\n|\n|t:|1740306479\n|move|p1a: Tauros|Body Slam|p2a: Chansey\n|-crit|p2a: Chansey\n|-damage|p2a: Chansey|0 fnt\n|faint|p2a: Chansey\n|\n|t:|1740306481\n|switch|p2a: Tauros|Tauros|100/100\n|turn|20\n|inactive|nicole7735 has 210 seconds left.\n|\n|t:|1740306494\n|move|p2a: Tauros|Body Slam|p1a: Tauros\n|-damage|p1a: Tauros|6/100\n|move|p1a: Tauros|Body Slam|p2a: Tauros\n|-damage|p2a: Tauros|69/100\n|\n|upkeep\n|turn|21\n|\n|t:|1740306521\n|move|p1a: Tauros|Hyper Beam|p2a: Tauros\n|-damage|p2a: Tauros|16/100\n|-mustrecharge|p1a: Tauros\n|move|p2a: Tauros|Body Slam|p1a: Tauros\n|-damage|p1a: Tauros|0 fnt\n|faint|p1a: Tauros\n|inactive|Prinz has 270 seconds left.\n|\n|t:|1740306537\n|switch|p1a: Snorlax|Snorlax|100/100\n|turn|22\n|inactive|nicole7735 has 210 seconds left.\n|\n|t:|1740306563\n|move|p2a: Tauros|Hyper Beam|p1a: Snorlax\n|-crit|p1a: Snorlax\n|-damage|p1a: Snorlax|12/100\n|-mustrecharge|p2a: Tauros\n|move|p1a: Snorlax|Body Slam|p2a: Tauros\n|-damage|p2a: Tauros|0 fnt\n|faint|p2a: Tauros\n|inactive|nicole7735 has 210 seconds left.\n|\n|t:|1740306571\n|switch|p2a: Zapdos|Zapdos|100/100\n|turn|23\n|\n|t:|1740306581\n|switch|p1a: Gengar|Gengar|100/100 slp\n|move|p2a: Zapdos|Drill Peck|p1a: Gengar\n|-crit|p1a: Gengar\n|-damage|p1a: Gengar|30/100 slp\n|\n|upkeep\n|turn|24\n|\n|t:|1740306588\n|cant|p1a: Gengar|slp\n|move|p2a: Zapdos|Drill Peck|p1a: Gengar\n|-crit|p1a: Gengar\n|-damage|p1a: Gengar|0 fnt\n|faint|p1a: Gengar\n|\n|t:|1740306595\n|switch|p1a: Chansey|Chansey|100/100 par\n|turn|25\n|\n|t:|1740306624\n|switch|p2a: Snorlax|Snorlax|25/100\n|move|p1a: Chansey|Thunder Wave|p2a: Snorlax\n|-status|p2a: Snorlax|par\n|\n|upkeep\n|turn|26\n|\n|t:|1740306638\n|switch|p1a: Snorlax|Snorlax|12/100\n|move|p2a: Snorlax|Body Slam|p1a: Snorlax\n|-damage|p1a: Snorlax|0 fnt\n|faint|p1a: Snorlax\n|\n|t:|1740306643\n|switch|p1a: Exeggutor|Exeggutor|100/100\n|turn|27\n|\n|t:|1740306668\n|switch|p1a: Chansey|Chansey|100/100 par\n|switch|p2a: Starmie|Starmie|88/100 par\n|\n|upkeep\n|turn|28\n|inactive|nicole7735 has 210 seconds left.\n|inactive|nicole7735 has 180 seconds left.\n|inactive|Prinz has 270 seconds left.\n|inactive|nicole7735 has 150 seconds left.\n|\n|t:|1740306767\n|switch|p2a: Snorlax|Snorlax|25/100 par\n|cant|p1a: Chansey|par\n|\n|upkeep\n|turn|29\n|\n|t:|1740306775\n|move|p1a: Chansey|Ice Beam|p2a: Snorlax\n|-damage|p2a: Snorlax|5/100 par\n|move|p2a: Snorlax|Body Slam|p1a: Chansey\n|-damage|p1a: Chansey|62/100 par\n|\n|upkeep\n|turn|30\n|inactive|Prinz has 270 seconds left.\n|\n|t:|1740306786\n|cant|p1a: Chansey|par\n|move|p2a: Snorlax|Body Slam|p1a: Chansey\n|-damage|p1a: Chansey|21/100 par\n|\n|upkeep\n|turn|31\n|inactive|nicole7735 has 150 seconds left.\n|\n|t:|1740306796\n|move|p1a: Chansey|Soft-Boiled|p1a: Chansey\n|-heal|p1a: Chansey|71/100 par\n|move|p2a: Snorlax|Body Slam|p1a: Chansey\n|-damage|p1a: Chansey|29/100 par\n|\n|upkeep\n|turn|32\n|\n|t:|1740306800\n|cant|p1a: Chansey|par\n|move|p2a: Snorlax|Body Slam|p1a: Chansey\n|-damage|p1a: Chansey|0 fnt\n|faint|p1a: Chansey\n|\n|t:|1740306802\n|switch|p1a: Exeggutor|Exeggutor|100/100\n|turn|33\n|\n|t:|1740306804\n|move|p1a: Exeggutor|Psychic|p2a: Snorlax\n|-damage|p2a: Snorlax|0 fnt\n|faint|p2a: Snorlax\n|\n|t:|1740306807\n|switch|p2a: Zapdos|Zapdos|100/100\n|turn|34\n|\n|t:|1740306810\n|move|p2a: Zapdos|Thunder Wave|p1a: Exeggutor\n|-status|p1a: Exeggutor|par\n|move|p1a: Exeggutor|Sleep Powder|p2a: Zapdos\n|-status|p2a: Zapdos|slp|[from] move: Sleep Powder\n|\n|upkeep\n|turn|35\n|\n|t:|1740306814\n|cant|p2a: Zapdos|slp\n|move|p1a: Exeggutor|Psychic|p2a: Zapdos\n|-damage|p2a: Zapdos|74/100 slp\n|\n|upkeep\n|turn|36\n|\n|t:|1740306817\n|cant|p2a: Zapdos|slp\n|cant|p1a: Exeggutor|par\n|\n|upkeep\n|turn|37\n|\n|t:|1740306819\n|cant|p2a: Zapdos|slp\n|move|p1a: Exeggutor|Psychic|p2a: Zapdos\n|-damage|p2a: Zapdos|47/100 slp\n|\n|upkeep\n|turn|38\n|\n|t:|1740306822\n|cant|p2a: Zapdos|slp\n|move|p1a: Exeggutor|Psychic|p2a: Zapdos\n|-damage|p2a: Zapdos|20/100 slp\n|\n|upkeep\n|turn|39\n|\n|t:|1740306825\n|-curestatus|p2a: Zapdos|slp|[msg]\n|move|p1a: Exeggutor|Psychic|p2a: Zapdos\n|-damage|p2a: Zapdos|0 fnt\n|faint|p2a: Zapdos\n|\n|t:|1740306827\n|switch|p2a: Starmie|Starmie|88/100 par\n|turn|40\n|\n|t:|1740306831\n|cant|p2a: Starmie|par\n|move|p1a: Exeggutor|Psychic|p2a: Starmie\n|-resisted|p2a: Starmie\n|-damage|p2a: Starmie|71/100 par\n|\n|upkeep\n|turn|41\n|\n|t:|1740306835\n|cant|p2a: Starmie|par\n|move|p1a: Exeggutor|Psychic|p2a: Starmie\n|-resisted|p2a: Starmie\n|-damage|p2a: Starmie|52/100 par\n|\n|upkeep\n|turn|42\n|inactive|nicole7735 has 270 seconds left.\n|\n|t:|1740306841\n|move|p2a: Starmie|Recover|p2a: Starmie\n|-heal|p2a: Starmie|100/100 par\n|move|p1a: Exeggutor|Psychic|p2a: Starmie\n|-resisted|p2a: Starmie\n|-damage|p2a: Starmie|81/100 par\n|\n|upkeep\n|turn|43\n|\n|t:|1740306845\n|move|p2a: Starmie|Blizzard|p1a: Exeggutor\n|-supereffective|p1a: Exeggutor\n|-damage|p1a: Exeggutor|62/100 par\n|move|p1a: Exeggutor|Psychic|p2a: Starmie\n|-resisted|p2a: Starmie\n|-damage|p2a: Starmie|61/100 par\n|\n|upkeep\n|turn|44\n|\n|t:|1740306854\n|move|p2a: Starmie|Blizzard|p1a: Exeggutor\n|-supereffective|p1a: Exeggutor\n|-damage|p1a: Exeggutor|19/100 par\n|move|p1a: Exeggutor|Psychic|p2a: Starmie\n|-resisted|p2a: Starmie\n|-damage|p2a: Starmie|42/100 par\n|-unboost|p2a: Starmie|spa|1\n|-unboost|p2a: Starmie|spd|1\n|\n|upkeep\n|turn|45\n|\n|t:|1740306860\n|move|p1a: Exeggutor|Explosion|p2a: Starmie\n|-damage|p2a: Starmie|0 fnt\n|faint|p2a: Starmie\n|faint|p1a: Exeggutor\n|\n|tie\n|c|☆nicole7735|gg\n|c|☆Prinz|Gg\n|player|p1|\n","uploadtime":1740306860,"views":"1493","formatid":"gen1ou","rating":null,"private":0,"password":null}