{"id":"smogtours-gen1ou-902481","format":"[Gen 1] OU","players":["Serpi n_n","sadisticnarwhal"],"log":"|inactive|Battle timer is ON: inactive players will automatically lose when time's up.\n|t:|1769359199\n|gametype|singles\n|player|p1|Serpi n_n|#splxviibigs2|\n|player|p2|sadisticnarwhal|#splxviiruiners2|\n|gen|1\n|tier|[Gen 1] OU\n|rule|Desync Clause Mod: Desyncs changed to move failure.\n|rule|Sleep Clause Mod: Limit one foe put to sleep\n|rule|Freeze Clause Mod: Limit one foe frozen\n|rule|Species Clause: Limit one of each Pokémon\n|rule|OHKO Clause: OHKO moves are banned\n|rule|Evasion Moves Clause: Evasion moves are banned\n|rule|Endless Battle Clause: Forcing endless battles is banned\n|rule|HP Percentage Mod: HP is shown in percentages\n|\n|t:|1769359199\n|teamsize|p1|6\n|teamsize|p2|6\n|start\n|switch|p1a: Gengar|Gengar|100/100\n|switch|p2a: Jynx|Jynx|100/100\n|turn|1\n|c|☆Serpi n_n|hf\n|c|☆sadisticnarwhal|hf\n|\n|t:|1769359210\n|move|p1a: Gengar|Explosion|p2a: Jynx\n|-damage|p2a: Jynx|0 fnt\n|faint|p2a: Jynx\n|faint|p1a: Gengar\n|rated|Smogon Premier League\n|inactive|Serpi n_n has 270 seconds left.\n|\n|t:|1769359252\n|switch|p1a: Jynx|Jynx|100/100\n|switch|p2a: Starmie|Starmie|100/100\n|turn|2\n|\n|t:|1769359257\n|move|p2a: Starmie|Thunder Wave|p1a: Jynx\n|-status|p1a: Jynx|par\n|move|p1a: Jynx|Lovely Kiss|p2a: Starmie\n|-status|p2a: Starmie|slp|[from] move: Lovely Kiss\n|\n|upkeep\n|turn|3\n|inactive|Serpi n_n has 270 seconds left.\n|\n|t:|1769359291\n|cant|p2a: Starmie|slp\n|move|p1a: Jynx|Blizzard|p2a: Starmie\n|-resisted|p2a: Starmie\n|-damage|p2a: Starmie|79/100 slp\n|\n|upkeep\n|turn|4\n|inactive|Serpi n_n has 270 seconds left.\n|\n|t:|1769359309\n|switch|p2a: Chansey|Chansey|100/100\n|move|p1a: Jynx|Blizzard|p2a: Chansey|[miss]\n|-miss|p1a: Jynx\n|\n|upkeep\n|turn|5\n|inactive|Serpi n_n has 270 seconds left.\n|\n|t:|1769359317\n|move|p2a: Chansey|Seismic Toss|p1a: Jynx\n|-damage|p1a: Jynx|70/100 par\n|move|p1a: Jynx|Blizzard|p2a: Chansey\n|-damage|p2a: Chansey|82/100\n|\n|upkeep\n|turn|6\n|inactive|Serpi n_n has 270 seconds left.\n|\n|t:|1769359332\n|move|p2a: Chansey|Seismic Toss|p1a: Jynx\n|-damage|p1a: Jynx|40/100 par\n|cant|p1a: Jynx|par\n|\n|upkeep\n|turn|7\n|inactive|Serpi n_n has 270 seconds left.\n|\n|t:|1769359339\n|move|p2a: Chansey|Seismic Toss|p1a: Jynx\n|-damage|p1a: Jynx|10/100 par\n|move|p1a: Jynx|Rest|p1a: Jynx\n|-status|p1a: Jynx|slp|[from] move: Rest\n|-heal|p1a: Jynx|100/100 slp|[silent]\n|\n|upkeep\n|turn|8\n|\n|t:|1769359344\n|switch|p2a: Tauros|Tauros|100/100\n|cant|p1a: Jynx|slp\n|\n|upkeep\n|turn|9\n|\n|t:|1769359360\n|switch|p1a: Starmie|Starmie|100/100\n|move|p2a: Tauros|Body Slam|p1a: Starmie\n|-damage|p1a: Starmie|69/100\n|\n|upkeep\n|turn|10\n|\n|t:|1769359364\n|switch|p2a: Chansey|Chansey|82/100\n|move|p1a: Starmie|Thunder Wave|p2a: Chansey\n|-status|p2a: Chansey|par\n|\n|upkeep\n|turn|11\n|inactive|Serpi n_n has 270 seconds left.\n|\n|t:|1769359394\n|move|p1a: Starmie|Psychic|p2a: Chansey\n|-damage|p2a: Chansey|68/100 par\n|-unboost|p2a: Chansey|spa|1\n|-unboost|p2a: Chansey|spd|1\n|move|p2a: Chansey|Seismic Toss|p1a: Starmie\n|-damage|p1a: Starmie|38/100\n|\n|upkeep\n|turn|12\n|inactive|Serpi n_n has 270 seconds left.\n|\n|t:|1769359423\n|switch|p2a: Exeggutor|Exeggutor|100/100\n|move|p1a: Starmie|Recover|p1a: Starmie\n|-heal|p1a: Starmie|87/100\n|\n|upkeep\n|turn|13\n|\n|t:|1769359447\n|switch|p1a: Jynx|Jynx|100/100 slp\n|move|p2a: Exeggutor|Sleep Powder|p1a: Jynx\n|-fail|p1a: Jynx|slp\n|\n|upkeep\n|turn|14\n|\n|t:|1769359451\n|switch|p2a: Chansey|Chansey|68/100 par\n|-curestatus|p1a: Jynx|slp|[msg]\n|\n|upkeep\n|turn|15\n|inactive|Serpi n_n has 240 seconds left.\n|\n|t:|1769359491\n|move|p1a: Jynx|Blizzard|p2a: Chansey\n|-damage|p2a: Chansey|48/100 par\n|move|p2a: Chansey|Soft-Boiled|p2a: Chansey\n|-heal|p2a: Chansey|98/100 par\n|\n|upkeep\n|turn|16\n|inactive|Serpi n_n has 210 seconds left.\n|inactive|sadisticnarwhal has 270 seconds left.\n|\n|t:|1769359533\n|move|p1a: Jynx|Body Slam|p2a: Chansey\n|-damage|p2a: Chansey|81/100 par\n|move|p2a: Chansey|Seismic Toss|p1a: Jynx\n|-damage|p1a: Jynx|70/100\n|\n|upkeep\n|turn|17\n|\n|t:|1769359544\n|switch|p1a: Snorlax|Snorlax|100/100\n|move|p2a: Chansey|Thunder Wave|p1a: Snorlax\n|-status|p1a: Snorlax|par\n|\n|upkeep\n|turn|18\n|\n|t:|1769359552\n|switch|p2a: Snorlax|Snorlax|100/100\n|cant|p1a: Snorlax|par\n|\n|upkeep\n|turn|19\n|inactive|Serpi n_n has 210 seconds left.\n|\n|t:|1769359564\n|move|p2a: Snorlax|Body Slam|p1a: Snorlax\n|-damage|p1a: Snorlax|75/100 par\n|cant|p1a: Snorlax|par\n|\n|upkeep\n|turn|20\n|\n|t:|1769359568\n|move|p2a: Snorlax|Body Slam|p1a: Snorlax\n|-damage|p1a: Snorlax|46/100 par\n|move|p1a: Snorlax|Body Slam|p2a: Snorlax\n|-damage|p2a: Snorlax|75/100\n|\n|upkeep\n|turn|21\n|inactive|Serpi n_n has 210 seconds left.\n|\n|t:|1769359592\n|move|p2a: Snorlax|Reflect|p2a: Snorlax\n|-start|p2a: Snorlax|Reflect\n|move|p1a: Snorlax|Rest|p1a: Snorlax\n|-status|p1a: Snorlax|slp|[from] move: Rest\n|-heal|p1a: Snorlax|100/100 slp|[silent]\n|\n|upkeep\n|turn|22\n|inactive|Serpi n_n has 210 seconds left.\n|inactive|Serpi n_n has 180 seconds left.\n|\n|t:|1769359629\n|switch|p1a: Starmie|Starmie|87/100\n|move|p2a: Snorlax|Body Slam|p1a: Starmie\n|-damage|p1a: Starmie|54/100\n|-status|p1a: Starmie|par\n|\n|upkeep\n|turn|23\n|\n|t:|1769359636\n|move|p2a: Snorlax|Body Slam|p1a: Starmie\n|-damage|p1a: Starmie|17/100 par\n|move|p1a: Starmie|Thunder Wave|p2a: Snorlax\n|-status|p2a: Snorlax|par\n|\n|upkeep\n|turn|24\n|\n|t:|1769359650\n|cant|p1a: Starmie|par\n|move|p2a: Snorlax|Body Slam|p1a: Starmie\n|-damage|p1a: Starmie|0 fnt\n|faint|p1a: Starmie\n|\n|t:|1769359657\n|switch|p1a: Jynx|Jynx|70/100\n|turn|25\n|\n|t:|1769359666\n|switch|p2a: Chansey|Chansey|81/100 par\n|move|p1a: Jynx|Blizzard|p2a: Chansey\n|-crit|p2a: Chansey\n|-damage|p2a: Chansey|47/100 par\n|\n|upkeep\n|turn|26\n|\n|t:|1769359676\n|switch|p1a: Snorlax|Snorlax|100/100 slp\n|move|p2a: Chansey|Soft-Boiled|p2a: Chansey\n|-heal|p2a: Chansey|97/100 par\n|\n|upkeep\n|turn|27\n|\n|t:|1769359683\n|switch|p2a: Exeggutor|Exeggutor|100/100\n|cant|p1a: Snorlax|slp\n|\n|upkeep\n|turn|28\n|inactive|Serpi n_n has 210 seconds left.\n|\n|t:|1769359702\n|move|p2a: Exeggutor|Psychic|p1a: Snorlax\n|-damage|p1a: Snorlax|72/100 slp\n|-curestatus|p1a: Snorlax|slp|[msg]\n|\n|upkeep\n|turn|29\n|inactive|Serpi n_n has 210 seconds left.\n|\n|t:|1769359712\n|switch|p1a: Jynx|Jynx|70/100\n|move|p2a: Exeggutor|Sleep Powder|p1a: Jynx|[miss]\n|-miss|p2a: Exeggutor\n|\n|upkeep\n|turn|30\n|inactive|Serpi n_n has 210 seconds left.\n|\n|t:|1769359730\n|switch|p1a: Snorlax|Snorlax|72/100\n|switch|p2a: Chansey|Chansey|97/100 par\n|\n|upkeep\n|turn|31\n|inactive|Serpi n_n has 210 seconds left.\n|\n|t:|1769359741\n|move|p1a: Snorlax|Body Slam|p2a: Chansey\n|-damage|p2a: Chansey|58/100 par\n|cant|p2a: Chansey|par\n|\n|upkeep\n|turn|32\n|\n|t:|1769359748\n|switch|p2a: Exeggutor|Exeggutor|100/100\n|move|p1a: Snorlax|Body Slam|p2a: Exeggutor\n|-crit|p2a: Exeggutor\n|-damage|p2a: Exeggutor|44/100\n|-status|p2a: Exeggutor|par\n|\n|upkeep\n|turn|33\n|\n|t:|1769359767\n|switch|p1a: Jynx|Jynx|70/100\n|switch|p2a: Starmie|Starmie|79/100 slp\n|\n|upkeep\n|turn|34\n|\n|t:|1769359783\n|switch|p1a: Zapdos|Zapdos|100/100\n|cant|p2a: Starmie|slp\n|\n|upkeep\n|turn|35\n|inactive|Serpi n_n has 210 seconds left.\n|inactive|sadisticnarwhal has 270 seconds left.\n|\n|t:|1769359816\n|-curestatus|p2a: Starmie|slp|[msg]\n|move|p1a: Zapdos|Thunderbolt|p2a: Starmie\n|-supereffective|p2a: Starmie\n|-damage|p2a: Starmie|2/100\n|\n|upkeep\n|turn|36\n|inactive|Serpi n_n has 210 seconds left.\n|inactive|sadisticnarwhal has 270 seconds left.\n|\n|t:|1769359829\n|move|p2a: Starmie|Thunder Wave|p1a: Zapdos\n|-status|p1a: Zapdos|par\n|move|p1a: Zapdos|Drill Peck|p2a: Starmie\n|-damage|p2a: Starmie|0 fnt\n|faint|p2a: Starmie\n|\n|t:|1769359831\n|switch|p2a: Chansey|Chansey|58/100 par\n|turn|37\n|\n|t:|1769359840\n|cant|p1a: Zapdos|par\n|cant|p2a: Chansey|par\n|\n|upkeep\n|turn|38\n|\n|t:|1769359843\n|move|p1a: Zapdos|Drill Peck|p2a: Chansey\n|-damage|p2a: Chansey|23/100 par\n|move|p2a: Chansey|Soft-Boiled|p2a: Chansey\n|-heal|p2a: Chansey|73/100 par\n|\n|upkeep\n|turn|39\n|\n|t:|1769359849\n|move|p1a: Zapdos|Drill Peck|p2a: Chansey\n|-damage|p2a: Chansey|38/100 par\n|move|p2a: Chansey|Soft-Boiled|p2a: Chansey\n|-heal|p2a: Chansey|88/100 par\n|\n|upkeep\n|turn|40\n|\n|t:|1769359865\n|move|p1a: Zapdos|Drill Peck|p2a: Chansey\n|-damage|p2a: Chansey|52/100 par\n|move|p2a: Chansey|Soft-Boiled|p2a: Chansey\n|-heal|p2a: Chansey|100/100 par\n|\n|upkeep\n|turn|41\n|inactive|Serpi n_n has 210 seconds left.\n|\n|t:|1769359904\n|move|p1a: Zapdos|Drill Peck|p2a: Chansey\n|-damage|p2a: Chansey|66/100 par\n|move|p2a: Chansey|Seismic Toss|p1a: Zapdos\n|-damage|p1a: Zapdos|74/100 par\n|\n|upkeep\n|turn|42\n|\n|t:|1769359907\n|move|p1a: Zapdos|Drill Peck|p2a: Chansey\n|-crit|p2a: Chansey\n|-damage|p2a: Chansey|0 fnt\n|faint|p2a: Chansey\n|\n|t:|1769359918\n|switch|p2a: Snorlax|Snorlax|75/100 par\n|turn|43\n|\n|t:|1769359931\n|switch|p1a: Jynx|Jynx|70/100\n|cant|p2a: Snorlax|par\n|\n|upkeep\n|turn|44\n|inactive|sadisticnarwhal has 270 seconds left.\n|inactive|sadisticnarwhal has 240 seconds left.\n|\n|t:|1769360002\n|switch|p2a: Exeggutor|Exeggutor|44/100 par\n|move|p1a: Jynx|Blizzard|p2a: Exeggutor\n|-crit|p2a: Exeggutor\n|-supereffective|p2a: Exeggutor\n|-damage|p2a: Exeggutor|0 fnt\n|faint|p2a: Exeggutor\n|\n|t:|1769360003\n|switch|p2a: Tauros|Tauros|100/100\n|turn|45\n|\n|t:|1769360017\n|switch|p1a: Zapdos|Zapdos|74/100 par\n|move|p2a: Tauros|Hyper Beam|p1a: Zapdos\n|-crit|p1a: Zapdos\n|-damage|p1a: Zapdos|0 fnt\n|faint|p1a: Zapdos\n|inactive|Serpi n_n has 210 seconds left.\n|\n|t:|1769360046\n|switch|p1a: Snorlax|Snorlax|72/100\n|turn|46\n|inactive|sadisticnarwhal has 240 seconds left.\n|inactive|sadisticnarwhal has 210 seconds left.\n|\n|t:|1769360097\n|switch|p2a: Snorlax|Snorlax|75/100 par\n|move|p1a: Snorlax|Body Slam|p2a: Snorlax\n|-damage|p2a: Snorlax|48/100 par\n|\n|upkeep\n|turn|47\n|\n|t:|1769360116\n|switch|p1a: Jynx|Jynx|70/100\n|cant|p2a: Snorlax|par\n|\n|upkeep\n|turn|48\n|\n|t:|1769360122\n|move|p1a: Jynx|Blizzard|p2a: Snorlax\n|-damage|p2a: Snorlax|14/100 par\n|move|p2a: Snorlax|Body Slam|p1a: Jynx\n|-damage|p1a: Jynx|14/100\n|-status|p1a: Jynx|par\n|\n|upkeep\n|turn|49\n|\n|t:|1769360134\n|move|p1a: Jynx|Blizzard|p2a: Snorlax\n|-crit|p2a: Snorlax\n|-damage|p2a: Snorlax|0 fnt\n|faint|p2a: Snorlax\n|\n|t:|1769360136\n|switch|p2a: Tauros|Tauros|100/100\n|turn|50\n|\n|t:|1769360141\n|move|p2a: Tauros|Body Slam|p1a: Jynx\n|-crit|p1a: Jynx\n|-damage|p1a: Jynx|0 fnt\n|faint|p1a: Jynx\n|inactive|Serpi n_n has 210 seconds left.\n|inactive|Serpi n_n has 180 seconds left.\n|inactive|Serpi n_n has 150 seconds left.\n|\n|t:|1769360244\n|switch|p1a: Snorlax|Snorlax|72/100\n|turn|51\n|\n|t:|1769360247\n|move|p2a: Tauros|Blizzard|p1a: Snorlax\n|-damage|p1a: Snorlax|52/100\n|move|p1a: Snorlax|Self-Destruct|p2a: Tauros\n|-damage|p2a: Tauros|0 fnt\n|faint|p2a: Tauros\n|faint|p1a: Snorlax\n|\n|win|Serpi n_n\n|c|☆Serpi n_n|ggs\n|c|☆sadisticnarwhal|ggs\n","uploadtime":1769360247,"views":"1096","formatid":"gen1ou","rating":null,"private":0,"password":null}