{"id":"smogtours-gen1ou-960592","format":"[Gen 1] OU","players":["1000papercranes","shiloh"],"log":"|inactive|Battle timer is ON: inactive players will automatically lose when time's up.\n|t:|1785540652\n|gametype|singles\n|player|p1|1000papercranes|psychic-gen1rb|\n|player|p2|shiloh|#bwpliicrustlepalace|\n|gen|1\n|tier|[Gen 1] OU\n|rule|Desync Clause Mod: Desyncs resolve to link battle behavior from the acting player's perspective.\n|rule|HP Percentage Mod: HP is shown in percentages\n|rule|Endless Battle Clause: Forcing endless battles is banned\n|rule|Sleep Clause Mod: Limit one foe put to sleep\n|rule|Freeze Clause Mod: Limit one foe frozen\n|rule|Species Clause: Limit one of each Pokémon\n|rule|OHKO Clause: OHKO moves are banned\n|rule|Evasion Moves Clause: Evasion moves are banned\n|\n|t:|1785540652\n|teamsize|p1|6\n|teamsize|p2|6\n|start\n|switch|p1a: Starmie|Starmie|100/100\n|switch|p2a: Jynx|Jynx|100/100\n|turn|1\n|inactive|shiloh also wants the timer to be on.\n|c|☆1000papercranes|Gl Hf\n|\n|t:|1785540663\n|switch|p1a: Exeggutor|Exeggutor|100/100\n|move|p2a: Jynx|Lovely Kiss|p1a: Exeggutor\n|-status|p1a: Exeggutor|slp|[from] move: Lovely Kiss\n|\n|upkeep\n|turn|2\n|\n|t:|1785540670\n|switch|p1a: Starmie|Starmie|100/100\n|move|p2a: Jynx|Ice Beam|p1a: Starmie\n|-resisted|p1a: Starmie\n|-damage|p1a: Starmie|85/100\n|-status|p1a: Starmie|frz\n|\n|upkeep\n|turn|3\n|\n|t:|1785540675\n|switch|p1a: Jynx|Jynx|100/100\n|move|p2a: Jynx|Ice Beam|p1a: Jynx\n|-resisted|p1a: Jynx\n|-damage|p1a: Jynx|85/100\n|\n|upkeep\n|turn|4\n|\n|t:|1785540679\n|move|p2a: Jynx|Psychic|p1a: Jynx|[miss]\n|-miss|p2a: Jynx\n|-hint|In Gen 1, moves with 100% accuracy can still miss 1/256 of the time.\n|move|p1a: Jynx|Body Slam|p2a: Jynx\n|-damage|p2a: Jynx|76/100\n|\n|upkeep\n|turn|5\n|\n|t:|1785540681\n|move|p1a: Jynx|Body Slam|p2a: Jynx\n|-damage|p2a: Jynx|53/100\n|move|p2a: Jynx|Psychic|p1a: Jynx\n|-resisted|p1a: Jynx\n|-damage|p1a: Jynx|69/100\n|\n|upkeep\n|turn|6\n|\n|t:|1785540685\n|move|p1a: Jynx|Body Slam|p2a: Jynx\n|-damage|p2a: Jynx|31/100\n|move|p2a: Jynx|Rest|p2a: Jynx\n|-status|p2a: Jynx|slp|[from] move: Rest\n|-heal|p2a: Jynx|100/100 slp|[silent]\n|\n|upkeep\n|turn|7\n|\n|t:|1785540689\n|move|p1a: Jynx|Body Slam|p2a: Jynx\n|-damage|p2a: Jynx|76/100 slp\n|cant|p2a: Jynx|slp\n|\n|upkeep\n|turn|8\n|\n|t:|1785540690\n|-curestatus|p2a: Jynx|slp|[msg]\n|move|p1a: Jynx|Body Slam|p2a: Jynx\n|-damage|p2a: Jynx|53/100\n|\n|upkeep\n|turn|9\n|\n|t:|1785540692\n|move|p1a: Jynx|Body Slam|p2a: Jynx\n|-damage|p2a: Jynx|29/100\n|move|p2a: Jynx|Psychic|p1a: Jynx\n|-resisted|p1a: Jynx\n|-damage|p1a: Jynx|52/100\n|-unboost|p1a: Jynx|spa|1\n|-unboost|p1a: Jynx|spd|1\n|\n|upkeep\n|turn|10\n|\n|t:|1785540695\n|move|p1a: Jynx|Body Slam|p2a: Jynx\n|-damage|p2a: Jynx|6/100\n|move|p2a: Jynx|Rest|p2a: Jynx\n|-status|p2a: Jynx|slp|[from] move: Rest\n|-heal|p2a: Jynx|100/100 slp|[silent]\n|\n|upkeep\n|turn|11\n|\n|t:|1785540699\n|move|p1a: Jynx|Body Slam|p2a: Jynx\n|-damage|p2a: Jynx|77/100 slp\n|cant|p2a: Jynx|slp\n|\n|upkeep\n|turn|12\n|\n|t:|1785540700\n|move|p1a: Jynx|Body Slam|p2a: Jynx\n|-damage|p2a: Jynx|52/100 slp\n|-curestatus|p2a: Jynx|slp|[msg]\n|\n|upkeep\n|turn|13\n|\n|t:|1785540701\n|move|p2a: Jynx|Psychic|p1a: Jynx\n|-resisted|p1a: Jynx\n|-damage|p1a: Jynx|29/100\n|move|p1a: Jynx|Body Slam|p2a: Jynx\n|-crit|p2a: Jynx\n|-damage|p2a: Jynx|4/100\n|\n|upkeep\n|turn|14\n|\n|t:|1785540708\n|move|p1a: Jynx|Body Slam|p2a: Jynx\n|-crit|p2a: Jynx\n|-damage|p2a: Jynx|0 fnt\n|faint|p2a: Jynx\n|\n|t:|1785540710\n|switch|p2a: STORMBLESSED|Tauros|100/100\n|turn|15\n|\n|t:|1785540713\n|switch|p1a: Starmie|Starmie|85/100 frz\n|move|p2a: STORMBLESSED|Body Slam|p1a: Starmie\n|-damage|p1a: Starmie|48/100 frz\n|\n|upkeep\n|turn|16\n|\n|t:|1785540716\n|cant|p1a: Starmie|frz\n|move|p2a: STORMBLESSED|Body Slam|p1a: Starmie\n|-damage|p1a: Starmie|12/100 frz\n|\n|upkeep\n|turn|17\n|\n|t:|1785540718\n|cant|p1a: Starmie|frz\n|move|p2a: STORMBLESSED|Body Slam|p1a: Starmie\n|-crit|p1a: Starmie\n|-damage|p1a: Starmie|0 fnt\n|faint|p1a: Starmie\n|\n|t:|1785540720\n|switch|p1a: Snorlax|Snorlax|100/100\n|turn|18\n|\n|t:|1785540724\n|move|p2a: STORMBLESSED|Body Slam|p1a: Snorlax\n|-crit|p1a: Snorlax\n|-damage|p1a: Snorlax|53/100\n|move|p1a: Snorlax|Body Slam|p2a: STORMBLESSED\n|-damage|p2a: STORMBLESSED|67/100\n|\n|upkeep\n|turn|19\n|\n|t:|1785540729\n|move|p2a: STORMBLESSED|Blizzard|p1a: Snorlax\n|-crit|p1a: Snorlax\n|-damage|p1a: Snorlax|14/100\n|move|p1a: Snorlax|Body Slam|p2a: STORMBLESSED\n|-damage|p2a: STORMBLESSED|33/100\n|\n|upkeep\n|turn|20\n|\n|t:|1785540736\n|switch|p1a: Exeggutor|Exeggutor|100/100 slp\n|move|p2a: STORMBLESSED|Body Slam|p1a: Exeggutor\n|-damage|p1a: Exeggutor|72/100 slp\n|\n|upkeep\n|turn|21\n|\n|t:|1785540738\n|move|p2a: STORMBLESSED|Body Slam|p1a: Exeggutor\n|-damage|p1a: Exeggutor|43/100 slp\n|cant|p1a: Exeggutor|slp\n|\n|upkeep\n|turn|22\n|\n|t:|1785540741\n|move|p2a: STORMBLESSED|Body Slam|p1a: Exeggutor\n|-damage|p1a: Exeggutor|14/100 slp\n|cant|p1a: Exeggutor|slp\n|\n|upkeep\n|turn|23\n|\n|t:|1785540743\n|move|p2a: STORMBLESSED|Body Slam|p1a: Exeggutor\n|-damage|p1a: Exeggutor|0 fnt\n|faint|p1a: Exeggutor\n|\n|t:|1785540746\n|switch|p1a: Tauros|Tauros|100/100\n|turn|24\n|\n|t:|1785540747\n|switch|p2a: Exeggutor|Exeggutor|100/100\n|move|p1a: Tauros|Body Slam|p2a: Exeggutor\n|-damage|p2a: Exeggutor|74/100\n|\n|upkeep\n|turn|25\n|\n|t:|1785540750\n|switch|p1a: Snorlax|Snorlax|14/100\n|move|p2a: Exeggutor|Sleep Powder|p1a: Snorlax\n|-status|p1a: Snorlax|slp|[from] move: Sleep Powder\n|\n|upkeep\n|turn|26\n|\n|t:|1785540753\n|switch|p2a: STORMBLESSED|Tauros|33/100\n|switch|p1a: Jynx|Jynx|29/100\n|\n|upkeep\n|turn|27\n|\n|t:|1785540756\n|switch|p1a: Snorlax|Snorlax|14/100 slp\n|move|p2a: STORMBLESSED|Body Slam|p1a: Snorlax\n|-damage|p1a: Snorlax|0 fnt\n|faint|p1a: Snorlax\n|\n|t:|1785540758\n|switch|p1a: Tauros|Tauros|100/100\n|turn|28\n|\n|t:|1785540762\n|move|p1a: Tauros|Body Slam|p2a: STORMBLESSED\n|-damage|p2a: STORMBLESSED|2/100\n|move|p2a: STORMBLESSED|Body Slam|p1a: Tauros\n|-damage|p1a: Tauros|70/100\n|\n|upkeep\n|turn|29\n|\n|t:|1785540771\n|move|p1a: Tauros|Body Slam|p2a: STORMBLESSED\n|-damage|p2a: STORMBLESSED|0 fnt\n|faint|p2a: STORMBLESSED\n|\n|t:|1785540772\n|switch|p2a: Exeggutor|Exeggutor|74/100\n|turn|30\n|\n|t:|1785540777\n|move|p1a: Tauros|Body Slam|p2a: Exeggutor\n|-damage|p2a: Exeggutor|44/100\n|move|p2a: Exeggutor|Sleep Powder|p1a: Tauros\n|-status|p1a: Tauros|slp|[from] move: Sleep Powder\n|\n|upkeep\n|turn|31\n|\n|t:|1785540781\n|switch|p1a: Jynx|Jynx|29/100\n|switch|p2a: Alakazam|Alakazam|100/100\n|\n|upkeep\n|turn|32\n|\n|t:|1785540789\n|move|p2a: Alakazam|Seismic Toss|p1a: Jynx\n|-damage|p1a: Jynx|0 fnt\n|faint|p1a: Jynx\n|\n|t:|1785540791\n|switch|p1a: Zapdos|Zapdos|100/100\n|turn|33\n|\n|t:|1785540793\n|move|p2a: Alakazam|Thunder Wave|p1a: Zapdos\n|-status|p1a: Zapdos|par\n|move|p1a: Zapdos|Thunder Wave|p2a: Alakazam\n|-status|p2a: Alakazam|par\n|\n|upkeep\n|turn|34\n|\n|t:|1785540802\n|move|p2a: Alakazam|Psychic|p1a: Zapdos\n|-damage|p1a: Zapdos|71/100 par\n|-unboost|p1a: Zapdos|spa|1\n|-unboost|p1a: Zapdos|spd|1\n|move|p1a: Zapdos|Agility|p1a: Zapdos\n|-boost|p1a: Zapdos|spe|2\n|\n|upkeep\n|turn|35\n|\n|t:|1785540804\n|cant|p1a: Zapdos|par\n|cant|p2a: Alakazam|par\n|\n|upkeep\n|turn|36\n|\n|t:|1785540806\n|move|p1a: Zapdos|Drill Peck|p2a: Alakazam\n|-damage|p2a: Alakazam|57/100 par\n|cant|p2a: Alakazam|par\n|\n|upkeep\n|turn|37\n|\n|t:|1785540808\n|move|p1a: Zapdos|Drill Peck|p2a: Alakazam\n|-damage|p2a: Alakazam|14/100 par\n|cant|p2a: Alakazam|par\n|\n|upkeep\n|turn|38\n|\n|t:|1785540810\n|move|p1a: Zapdos|Drill Peck|p2a: Alakazam\n|-damage|p2a: Alakazam|0 fnt\n|faint|p2a: Alakazam\n|\n|t:|1785540812\n|switch|p2a: Snorlax|Snorlax|100/100\n|turn|39\n|\n|t:|1785540815\n|move|p1a: Zapdos|Thunderbolt|p2a: Snorlax\n|-damage|p2a: Snorlax|80/100\n|move|p2a: Snorlax|Self-Destruct|p1a: Zapdos\n|-damage|p1a: Zapdos|0 fnt\n|faint|p1a: Zapdos\n|faint|p2a: Snorlax\n|\n|t:|1785540819\n|switch|p2a: Exeggutor|Exeggutor|44/100\n|switch|p1a: Tauros|Tauros|70/100 slp\n|turn|40\n|\n|t:|1785540821\n|cant|p1a: Tauros|slp\n|move|p2a: Exeggutor|Explosion|p1a: Tauros\n|-damage|p1a: Tauros|0 fnt\n|faint|p1a: Tauros\n|faint|p2a: Exeggutor\n|\n|win|shiloh\n|c|☆shiloh|gg\n|c|☆1000papercranes|gg\n|player|p1|\n|player|p2|\n|player|p1|1000papercranes|psychic-gen1rb|\n|player|p1|\n","uploadtime":1785540821,"views":"50","formatid":"gen1ou","rating":null,"private":0,"password":null}