{"id":"smogtours-gen1ou-909814","format":"[Gen 1] OU","players":["LNumbers","Isza"],"log":"|inactive|Battle timer is ON: inactive players will automatically lose when time's up.\n|t:|1771197570\n|gametype|singles\n|player|p1|LNumbers|#splxviityrants|\n|player|p2|Isza|#wcop2025usnortheast2|\n|gen|1\n|tier|[Gen 1] OU\n|rule|Desync Clause Mod: Desyncs changed to move failure.\n|rule|Sleep Clause Mod: Limit one foe put to sleep\n|rule|Freeze Clause Mod: Limit one foe frozen\n|rule|Species Clause: Limit one of each Pokémon\n|rule|OHKO Clause: OHKO moves are banned\n|rule|Evasion Moves Clause: Evasion moves are banned\n|rule|Endless Battle Clause: Forcing endless battles is banned\n|rule|HP Percentage Mod: HP is shown in percentages\n|\n|t:|1771197570\n|teamsize|p1|6\n|teamsize|p2|6\n|start\n|switch|p1a: Starmie|Starmie|100/100\n|switch|p2a: Jynx|Jynx|100/100\n|turn|1\n|c|☆LNumbers|hg\n|c|☆LNumbers|*hf\n|c|☆Isza|hf\n|inactive|LNumbers has 270 seconds left.\n|rated|Smogon Premier League\n|\n|t:|1771197614\n|move|p1a: Starmie|Surf|p2a: Jynx\n|-damage|p2a: Jynx|66/100\n|move|p2a: Jynx|Lovely Kiss|p1a: Starmie\n|-status|p1a: Starmie|slp|[from] move: Lovely Kiss\n|\n|upkeep\n|turn|2\n|\n|t:|1771197622\n|cant|p1a: Starmie|slp\n|move|p2a: Jynx|Blizzard|p1a: Starmie\n|-resisted|p1a: Starmie\n|-damage|p1a: Starmie|79/100 slp\n|\n|upkeep\n|turn|3\n|\n|t:|1771197639\n|switch|p2a: Chansey|Chansey|100/100\n|cant|p1a: Starmie|slp\n|\n|upkeep\n|turn|4\n|\n|t:|1771197657\n|switch|p1a: Chansey|Chansey|100/100\n|move|p2a: Chansey|Thunderbolt|p1a: Chansey\n|-damage|p1a: Chansey|89/100\n|\n|upkeep\n|turn|5\n|\n|t:|1771197663\n|move|p2a: Chansey|Thunder Wave|p1a: Chansey\n|-status|p1a: Chansey|par\n|cant|p1a: Chansey|par\n|\n|upkeep\n|turn|6\n|\n|t:|1771197681\n|switch|p2a: Jynx|Jynx|66/100\n|cant|p1a: Chansey|par\n|\n|upkeep\n|turn|7\n|\n|t:|1771197687\n|move|p2a: Jynx|Psychic|p1a: Chansey\n|-damage|p1a: Chansey|75/100 par\n|move|p1a: Chansey|Thunderbolt|p2a: Jynx\n|-damage|p2a: Jynx|43/100\n|\n|upkeep\n|turn|8\n|\n|t:|1771197698\n|switch|p2a: Snorlax|Snorlax|100/100\n|cant|p1a: Chansey|par\n|\n|upkeep\n|turn|9\n|\n|t:|1771197703\n|switch|p1a: Snorlax|Snorlax|100/100\n|move|p2a: Snorlax|Body Slam|p1a: Snorlax\n|-damage|p1a: Snorlax|73/100\n|\n|upkeep\n|turn|10\n|\n|t:|1771197708\n|move|p2a: Snorlax|Reflect|p2a: Snorlax\n|-start|p2a: Snorlax|Reflect\n|move|p1a: Snorlax|Reflect|p1a: Snorlax\n|-start|p1a: Snorlax|Reflect\n|\n|upkeep\n|turn|11\n|\n|t:|1771197714\n|move|p2a: Snorlax|Ice Beam|p1a: Snorlax\n|-damage|p1a: Snorlax|58/100\n|move|p1a: Snorlax|Body Slam|p2a: Snorlax\n|-damage|p2a: Snorlax|87/100\n|\n|upkeep\n|turn|12\n|\n|t:|1771197731\n|move|p2a: Snorlax|Ice Beam|p1a: Snorlax\n|-damage|p1a: Snorlax|44/100\n|move|p1a: Snorlax|Rest|p1a: Snorlax\n|-status|p1a: Snorlax|slp|[from] move: Rest\n|-heal|p1a: Snorlax|100/100 slp|[silent]\n|\n|upkeep\n|turn|13\n|\n|t:|1771197735\n|cant|p1a: Snorlax|slp\n|move|p2a: Snorlax|Body Slam|p1a: Snorlax\n|-damage|p1a: Snorlax|87/100 slp\n|\n|upkeep\n|turn|14\n|\n|t:|1771197738\n|move|p2a: Snorlax|Body Slam|p1a: Snorlax\n|-damage|p1a: Snorlax|73/100 slp\n|-curestatus|p1a: Snorlax|slp|[msg]\n|\n|upkeep\n|turn|15\n|\n|t:|1771197767\n|switch|p1a: Cloyster|Cloyster|100/100\n|move|p2a: Snorlax|Body Slam|p1a: Cloyster\n|-damage|p1a: Cloyster|76/100\n|\n|upkeep\n|turn|16\n|\n|t:|1771197777\n|switch|p2a: Starmie|Starmie|100/100\n|move|p1a: Cloyster|Clamp|p2a: Starmie\n|-resisted|p2a: Starmie\n|-damage|p2a: Starmie|95/100\n|\n|upkeep\n|turn|17\n|\n|t:|1771197784\n|switch|p2a: Chansey|Chansey|100/100\n|switch|p1a: Chansey|Chansey|75/100 par\n|\n|upkeep\n|turn|18\n|\n|t:|1771197812\n|switch|p2a: Snorlax|Snorlax|87/100\n|move|p1a: Chansey|Ice Beam|p2a: Snorlax\n|-damage|p2a: Snorlax|68/100\n|\n|upkeep\n|turn|19\n|inactive|LNumbers has 270 seconds left.\n|\n|t:|1771197834\n|switch|p1a: Snorlax|Snorlax|73/100\n|move|p2a: Snorlax|Body Slam|p1a: Snorlax\n|-damage|p1a: Snorlax|47/100\n|\n|upkeep\n|turn|20\n|\n|t:|1771197841\n|switch|p1a: Exeggutor|Exeggutor|100/100\n|move|p2a: Snorlax|Reflect|p2a: Snorlax\n|-start|p2a: Snorlax|Reflect\n|\n|upkeep\n|turn|21\n|\n|t:|1771197858\n|switch|p1a: Tauros|Tauros|100/100\n|switch|p2a: Starmie|Starmie|95/100\n|\n|upkeep\n|turn|22\n|inactive|LNumbers has 270 seconds left.\n|inactive|LNumbers has 240 seconds left.\n|\n|t:|1771197906\n|move|p2a: Starmie|Psychic|p1a: Tauros\n|-damage|p1a: Tauros|63/100\n|move|p1a: Tauros|Body Slam|p2a: Starmie\n|-damage|p2a: Starmie|61/100\n|\n|upkeep\n|turn|23\n|inactive|Isza has 270 seconds left.\n|inactive|LNumbers has 240 seconds left.\n|\n|t:|1771197935\n|move|p2a: Starmie|Recover|p2a: Starmie\n|-heal|p2a: Starmie|100/100\n|move|p1a: Tauros|Body Slam|p2a: Starmie\n|-crit|p2a: Starmie\n|-damage|p2a: Starmie|40/100\n|\n|upkeep\n|turn|24\n|inactive|LNumbers has 240 seconds left.\n|inactive|Isza has 270 seconds left.\n|\n|t:|1771197946\n|move|p2a: Starmie|Thunder Wave|p1a: Tauros\n|-status|p1a: Tauros|par\n|move|p1a: Tauros|Body Slam|p2a: Starmie\n|-damage|p2a: Starmie|4/100\n|\n|upkeep\n|turn|25\n|inactive|LNumbers has 240 seconds left.\n|inactive|Isza has 270 seconds left.\n|\n|t:|1771197967\n|switch|p2a: Rhydon|Rhydon|100/100\n|move|p1a: Tauros|Body Slam|p2a: Rhydon\n|-resisted|p2a: Rhydon\n|-damage|p2a: Rhydon|91/100\n|\n|upkeep\n|turn|26\n|\n|t:|1771197975\n|switch|p1a: Exeggutor|Exeggutor|100/100\n|move|p2a: Rhydon|Earthquake|p1a: Exeggutor\n|-resisted|p1a: Exeggutor\n|-damage|p1a: Exeggutor|79/100\n|\n|upkeep\n|turn|27\n|inactive|LNumbers has 240 seconds left.\n|\n|t:|1771197983\n|switch|p2a: Jynx|Jynx|43/100\n|move|p1a: Exeggutor|Sleep Powder|p2a: Jynx|[miss]\n|-miss|p1a: Exeggutor\n|\n|upkeep\n|turn|28\n|inactive|LNumbers has 240 seconds left.\n|\n|t:|1771197998\n|switch|p1a: Chansey|Chansey|75/100 par\n|move|p2a: Jynx|Blizzard|p1a: Chansey|[miss]\n|-miss|p2a: Jynx\n|\n|upkeep\n|turn|29\n|inactive|LNumbers has 240 seconds left.\n|inactive|Isza has 270 seconds left.\n|inactive|LNumbers has 210 seconds left.\n|inactive|LNumbers has 180 seconds left.\n|inactive|Isza has 240 seconds left.\n|inactive|LNumbers has 150 seconds left.\n|inactive|Isza has 210 seconds left.\n|inactive|LNumbers has 120 seconds left.\n|inactive|LNumbers has 90 seconds left.\n|inactive|LNumbers has 60 seconds left.\n|\n|t:|1771198194\n|switch|p2a: Snorlax|Snorlax|68/100\n|cant|p1a: Chansey|par\n|\n|upkeep\n|turn|30\n|inactive|LNumbers has 60 seconds left.\n|inactive|LNumbers has 30 seconds left.\n|\n|t:|1771198237\n|switch|p1a: Cloyster|Cloyster|76/100\n|move|p2a: Snorlax|Body Slam|p1a: Cloyster\n|-crit|p1a: Cloyster\n|-damage|p1a: Cloyster|28/100\n|\n|upkeep\n|turn|31\n|inactive|LNumbers has 30 seconds left.\n|inactive|LNumbers has 20 seconds left.\n|\n|t:|1771198255\n|switch|p2a: Jynx|Jynx|43/100\n|move|p1a: Cloyster|Clamp|p2a: Jynx|[miss]\n|-miss|p1a: Cloyster\n|\n|upkeep\n|turn|32\n|inactive|LNumbers has 30 seconds left this turn.\n|inactive|LNumbers has 20 seconds left.\n|inactive|LNumbers has 15 seconds left.\n|\n|t:|1771198270\n|switch|p2a: Snorlax|Snorlax|68/100\n|switch|p1a: Chansey|Chansey|75/100 par\n|\n|upkeep\n|turn|33\n|inactive|LNumbers has 25 seconds left this turn.\n|inactive|LNumbers has 20 seconds left.\n|\n|t:|1771198276\n|move|p2a: Snorlax|Body Slam|p1a: Chansey\n|-damage|p1a: Chansey|35/100 par\n|move|p1a: Chansey|Thunder Wave|p2a: Snorlax\n|-status|p2a: Snorlax|par\n|\n|upkeep\n|turn|34\n|inactive|LNumbers has 30 seconds left this turn.\n|\n|t:|1771198280\n|move|p1a: Chansey|Soft-Boiled|p1a: Chansey\n|-heal|p1a: Chansey|85/100 par\n|move|p2a: Snorlax|Body Slam|p1a: Chansey\n|-damage|p1a: Chansey|43/100 par\n|\n|upkeep\n|turn|35\n|\n|t:|1771198285\n|move|p1a: Chansey|Soft-Boiled|p1a: Chansey\n|-heal|p1a: Chansey|93/100 par\n|move|p2a: Snorlax|Body Slam|p1a: Chansey\n|-damage|p1a: Chansey|52/100 par\n|\n|upkeep\n|turn|36\n|\n|t:|1771198300\n|move|p1a: Chansey|Soft-Boiled|p1a: Chansey\n|-heal|p1a: Chansey|100/100 par\n|move|p2a: Snorlax|Body Slam|p1a: Chansey\n|-crit|p1a: Chansey\n|-damage|p1a: Chansey|25/100 par\n|\n|upkeep\n|turn|37\n|\n|t:|1771198304\n|move|p1a: Chansey|Soft-Boiled|p1a: Chansey\n|-heal|p1a: Chansey|75/100 par\n|move|p2a: Snorlax|Body Slam|p1a: Chansey\n|-damage|p1a: Chansey|33/100 par\n|\n|upkeep\n|turn|38\n|\n|t:|1771198308\n|cant|p1a: Chansey|par\n|move|p2a: Snorlax|Body Slam|p1a: Chansey\n|-damage|p1a: Chansey|0 fnt\n|faint|p1a: Chansey\n|inactive|LNumbers has 30 seconds left.\n|inactive|LNumbers has 20 seconds left.\n|\n|t:|1771198353\n|switch|p1a: Exeggutor|Exeggutor|79/100\n|turn|39\n|inactive|LNumbers has 30 seconds left this turn.\n|\n|t:|1771198357\n|switch|p2a: Jynx|Jynx|43/100\n|move|p1a: Exeggutor|Psychic|p2a: Jynx\n|-resisted|p2a: Jynx\n|-damage|p2a: Jynx|25/100\n|\n|upkeep\n|turn|40\n|\n|t:|1771198364\n|switch|p1a: Starmie|Starmie|79/100 slp\n|move|p2a: Jynx|Blizzard|p1a: Starmie\n|-resisted|p1a: Starmie\n|-damage|p1a: Starmie|57/100 slp\n|\n|upkeep\n|turn|41\n|inactive|LNumbers has 30 seconds left.\n|\n|t:|1771198385\n|switch|p1a: Exeggutor|Exeggutor|79/100\n|move|p2a: Jynx|Blizzard|p1a: Exeggutor\n|-supereffective|p1a: Exeggutor\n|-damage|p1a: Exeggutor|17/100\n|\n|upkeep\n|turn|42\n|\n|t:|1771198393\n|switch|p1a: Starmie|Starmie|57/100 slp\n|move|p2a: Jynx|Blizzard|p1a: Starmie\n|-resisted|p1a: Starmie\n|-damage|p1a: Starmie|35/100 slp\n|\n|upkeep\n|turn|43\n|\n|t:|1771198398\n|cant|p1a: Starmie|slp\n|move|p2a: Jynx|Psychic|p1a: Starmie\n|-resisted|p1a: Starmie\n|-damage|p1a: Starmie|19/100 slp\n|\n|upkeep\n|turn|44\n|\n|t:|1771198401\n|-curestatus|p1a: Starmie|slp|[msg]\n|move|p2a: Jynx|Blizzard|p1a: Starmie\n|-crit|p1a: Starmie\n|-resisted|p1a: Starmie\n|-damage|p1a: Starmie|0 fnt\n|faint|p1a: Starmie\n|inactive|LNumbers has 60 seconds left.\n|c|☆LNumbers|...\n|\n|t:|1771198411\n|switch|p1a: Tauros|Tauros|63/100 par\n|turn|45\n|inactive|LNumbers has 60 seconds left.\n|inactive|Isza has 270 seconds left.\n|\n|t:|1771198442\n|move|p2a: Jynx|Psychic|p1a: Tauros\n|-crit|p1a: Tauros\n|-damage|p1a: Tauros|0 fnt\n|faint|p1a: Tauros\n|\n|t:|1771198447\n|switch|p1a: Snorlax|Snorlax|47/100\n|turn|46\n|\n|t:|1771198452\n|move|p2a: Jynx|Psychic|p1a: Snorlax\n|-crit|p1a: Snorlax\n|-damage|p1a: Snorlax|1/100\n|move|p1a: Snorlax|Body Slam|p2a: Jynx\n|-damage|p2a: Jynx|0 fnt\n|faint|p2a: Jynx\n|\n|t:|1771198454\n|switch|p2a: Tauros|Tauros|100/100\n|turn|47\n|\n|t:|1771198459\n|move|p2a: Tauros|Body Slam|p1a: Snorlax\n|-damage|p1a: Snorlax|0 fnt\n|faint|p1a: Snorlax\n|\n|t:|1771198460\n|switch|p1a: Cloyster|Cloyster|28/100\n|turn|48\n|\n|t:|1771198467\n|move|p2a: Tauros|Hyper Beam|p1a: Cloyster|[miss]\n|-miss|p2a: Tauros\n|move|p1a: Cloyster|Rest|p1a: Cloyster\n|-status|p1a: Cloyster|slp|[from] move: Rest\n|-heal|p1a: Cloyster|100/100 slp|[silent]\n|\n|upkeep\n|turn|49\n|\n|t:|1771198473\n|switch|p2a: Chansey|Chansey|100/100\n|cant|p1a: Cloyster|slp\n|\n|upkeep\n|turn|50\n|\n|t:|1771198476\n|switch|p1a: Exeggutor|Exeggutor|17/100\n|move|p2a: Chansey|Thunder Wave|p1a: Exeggutor\n|-status|p1a: Exeggutor|par\n|\n|upkeep\n|turn|51\n|\n|t:|1771198483\n|switch|p1a: Cloyster|Cloyster|100/100 slp\n|move|p2a: Chansey|Ice Beam|p1a: Cloyster\n|-resisted|p1a: Cloyster\n|-damage|p1a: Cloyster|94/100 slp\n|\n|upkeep\n|turn|52\n|\n|t:|1771198487\n|-curestatus|p1a: Cloyster|slp|[msg]\n|move|p2a: Chansey|Thunder Wave|p1a: Cloyster\n|-status|p1a: Cloyster|par\n|\n|upkeep\n|turn|53\n|\n|t:|1771198492\n|move|p2a: Chansey|Thunderbolt|p1a: Cloyster\n|-supereffective|p1a: Cloyster\n|-damage|p1a: Cloyster|37/100 par\n|move|p1a: Cloyster|Clamp|p2a: Chansey\n|-damage|p2a: Chansey|95/100\n|\n|upkeep\n|turn|54\n|\n|t:|1771198498\n|switch|p2a: Starmie|Starmie|4/100\n|switch|p1a: Exeggutor|Exeggutor|17/100 par\n|\n|upkeep\n|turn|55\n|\n|t:|1771198501\n|move|p2a: Starmie|Blizzard|p1a: Exeggutor\n|-supereffective|p1a: Exeggutor\n|-damage|p1a: Exeggutor|0 fnt\n|faint|p1a: Exeggutor\n|\n|t:|1771198503\n|switch|p1a: Cloyster|Cloyster|37/100 par\n|turn|56\n|\n|t:|1771198505\n|move|p2a: Starmie|Psychic|p1a: Cloyster\n|-damage|p1a: Cloyster|0 fnt\n|faint|p1a: Cloyster\n|\n|win|Isza\n|c|☆LNumbers|ggs\n|player|p1|\n|c|☆Isza|ggs\n|player|p2|\n","uploadtime":1771198505,"views":"1182","formatid":"gen1ou","rating":null,"private":0,"password":null}