{"id":"smogtours-gen1ou-949979","format":"[Gen 1] OU","players":["Deezcastforms","Acetylaldehyde"],"log":"|inactive|Battle timer is ON: inactive players will automatically lose when time's up.\n|t:|1782355533\n|gametype|singles\n|player|p1|Deezcastforms|#adpl8|\n|player|p2|Acetylaldehyde|scientist-gen1rb|\n|gen|1\n|tier|[Gen 1] OU\n|rule|Desync Clause Mod: Desyncs changed to move failure.\n|rule|HP Percentage Mod: HP is shown in percentages\n|rule|Endless Battle Clause: Forcing endless battles is banned\n|rule|Sleep Clause Mod: Limit one foe put to sleep\n|rule|Freeze Clause Mod: Limit one foe frozen\n|rule|Species Clause: Limit one of each Pokémon\n|rule|OHKO Clause: OHKO moves are banned\n|rule|Evasion Moves Clause: Evasion moves are banned\n|\n|t:|1782355533\n|teamsize|p1|6\n|teamsize|p2|6\n|start\n|switch|p1a: Alakazam|Alakazam|100/100\n|switch|p2a: Alakazam|Alakazam|100/100\n|turn|1\n|inactive|Acetylaldehyde also wants the timer to be on.\n|c|☆Acetylaldehyde|glhf\n|c|☆Deezcastforms|hf\n|inactive|Deezcastforms has 270 seconds left.\n|\n|t:|1782355573\n|switch|p2a: Chansey|Chansey|100/100\n|move|p1a: Alakazam|Thunder Wave|p2a: Chansey\n|-status|p2a: Chansey|par\n|\n|upkeep\n|turn|2\n|\n|t:|1782355583\n|move|p1a: Alakazam|Psychic|p2a: Chansey\n|-damage|p2a: Chansey|83/100 par\n|move|p2a: Chansey|Sing|p1a: Alakazam|[miss]\n|-miss|p2a: Chansey\n|\n|upkeep\n|turn|3\n|\n|t:|1782355588\n|move|p1a: Alakazam|Psychic|p2a: Chansey|[miss]\n|-miss|p1a: Alakazam\n|-hint|In Gen 1, moves with 100% accuracy can still miss 1/256 of the time.\n|move|p2a: Chansey|Soft-Boiled|p2a: Chansey\n|-heal|p2a: Chansey|100/100 par\n|\n|upkeep\n|turn|4\n|\n|t:|1782355593\n|move|p1a: Alakazam|Psychic|p2a: Chansey\n|-damage|p2a: Chansey|81/100 par\n|cant|p2a: Chansey|par\n|\n|upkeep\n|turn|5\n|\n|t:|1782355598\n|move|p1a: Alakazam|Psychic|p2a: Chansey\n|-crit|p2a: Chansey\n|-damage|p2a: Chansey|45/100 par\n|move|p2a: Chansey|Sing|p1a: Alakazam|[miss]\n|-miss|p2a: Chansey\n|\n|upkeep\n|turn|6\n|\n|t:|1782355604\n|move|p1a: Alakazam|Psychic|p2a: Chansey\n|-damage|p2a: Chansey|27/100 par\n|move|p2a: Chansey|Soft-Boiled|p2a: Chansey\n|-heal|p2a: Chansey|77/100 par\n|\n|upkeep\n|turn|7\n|\n|t:|1782355609\n|move|p1a: Alakazam|Psychic|p2a: Chansey\n|-crit|p2a: Chansey\n|-damage|p2a: Chansey|42/100 par\n|-unboost|p2a: Chansey|spa|1\n|-unboost|p2a: Chansey|spd|1\n|move|p2a: Chansey|Soft-Boiled|p2a: Chansey\n|-heal|p2a: Chansey|92/100 par\n|\n|upkeep\n|turn|8\n|\n|t:|1782355616\n|move|p1a: Alakazam|Psychic|p2a: Chansey\n|-damage|p2a: Chansey|65/100 par\n|cant|p2a: Chansey|par\n|\n|upkeep\n|turn|9\n|\n|t:|1782355620\n|move|p1a: Alakazam|Psychic|p2a: Chansey\n|-crit|p2a: Chansey\n|-damage|p2a: Chansey|30/100 par\n|-unboost|p2a: Chansey|spa|1\n|-unboost|p2a: Chansey|spd|1\n|move|p2a: Chansey|Soft-Boiled|p2a: Chansey\n|-heal|p2a: Chansey|80/100 par\n|\n|upkeep\n|turn|10\n|\n|t:|1782355630\n|switch|p1a: Exeggutor|Exeggutor|100/100\n|switch|p2a: Alakazam|Alakazam|100/100\n|\n|upkeep\n|turn|11\n|\n|t:|1782355636\n|switch|p2a: Chansey|Chansey|80/100 par\n|move|p1a: Exeggutor|Psychic|p2a: Chansey\n|-crit|p2a: Chansey\n|-damage|p2a: Chansey|46/100 par\n|\n|upkeep\n|turn|12\n|\n|t:|1782355654\n|switch|p2a: Exeggutor|Exeggutor|100/100\n|move|p1a: Exeggutor|Hyper Beam|p2a: Exeggutor\n|-damage|p2a: Exeggutor|69/100\n|-mustrecharge|p1a: Exeggutor\n|\n|upkeep\n|turn|13\n|\n|t:|1782355673\n|cant|p1a: Exeggutor|recharge\n|move|p2a: Exeggutor|Sleep Powder|p1a: Exeggutor\n|-status|p1a: Exeggutor|slp|[from] move: Sleep Powder\n|\n|upkeep\n|turn|14\n|inactive|Deezcastforms has 270 seconds left.\n|\n|t:|1782355696\n|switch|p2a: Snorlax|Snorlax|100/100\n|cant|p1a: Exeggutor|slp\n|\n|upkeep\n|turn|15\n|\n|t:|1782355705\n|switch|p1a: Snorlax|Snorlax|100/100\n|move|p2a: Snorlax|Body Slam|p1a: Snorlax\n|-damage|p1a: Snorlax|75/100\n|\n|upkeep\n|turn|16\n|\n|t:|1782355717\n|move|p1a: Snorlax|Reflect|p1a: Snorlax\n|-start|p1a: Snorlax|Reflect\n|move|p2a: Snorlax|Earthquake|p1a: Snorlax\n|-damage|p1a: Snorlax|64/100\n|\n|upkeep\n|turn|17\n|\n|t:|1782355722\n|move|p1a: Snorlax|Body Slam|p2a: Snorlax\n|-damage|p2a: Snorlax|72/100\n|move|p2a: Snorlax|Counter|p1a: Snorlax\n|-damage|p1a: Snorlax|8/100\n|\n|upkeep\n|turn|18\n|\n|t:|1782355737\n|move|p2a: Snorlax|Body Slam|p1a: Snorlax\n|-damage|p1a: Snorlax|0 fnt\n|faint|p1a: Snorlax\n|inactive|Deezcastforms has 270 seconds left.\n|\n|t:|1782355776\n|switch|p1a: Alakazam|Alakazam|100/100\n|turn|19\n|inactive|Deezcastforms has 270 seconds left.\n|inactive|Acetylaldehyde has 270 seconds left.\n|inactive|Acetylaldehyde has 240 seconds left.\n|\n|t:|1782355837\n|switch|p2a: Exeggutor|Exeggutor|69/100\n|move|p1a: Alakazam|Psychic|p2a: Exeggutor\n|-resisted|p2a: Exeggutor\n|-damage|p2a: Exeggutor|54/100\n|\n|upkeep\n|turn|20\n|inactive|Deezcastforms has 270 seconds left.\n|\n|t:|1782355873\n|move|p1a: Alakazam|Psychic|p2a: Exeggutor\n|-crit|p2a: Exeggutor\n|-resisted|p2a: Exeggutor\n|-damage|p2a: Exeggutor|25/100\n|move|p2a: Exeggutor|Explosion|p1a: Alakazam\n|-damage|p1a: Alakazam|0 fnt\n|faint|p1a: Alakazam\n|faint|p2a: Exeggutor\n|inactive|Deezcastforms has 240 seconds left.\n|\n|t:|1782355906\n|switch|p1a: Chansey|Chansey|100/100\n|switch|p2a: Alakazam|Alakazam|100/100\n|turn|21\n|\n|t:|1782355912\n|switch|p2a: Chansey|Chansey|46/100 par\n|move|p1a: Chansey|Thunder Wave|p2a: Chansey\n|-fail|p2a: Chansey|par\n|\n|upkeep\n|turn|22\n|inactive|Deezcastforms has 210 seconds left.\n|\n|t:|1782355937\n|switch|p1a: Tauros|Tauros|100/100\n|move|p2a: Chansey|Soft-Boiled|p2a: Chansey\n|-heal|p2a: Chansey|96/100 par\n|\n|upkeep\n|turn|23\n|inactive|Deezcastforms has 210 seconds left.\n|inactive|Deezcastforms has 180 seconds left.\n|\n|t:|1782356007\n|move|p1a: Tauros|Body Slam|p2a: Chansey|[miss]\n|-miss|p1a: Tauros\n|-hint|In Gen 1, moves with 100% accuracy can still miss 1/256 of the time.\n|move|p2a: Chansey|Thunder Wave|p1a: Tauros\n|-status|p1a: Tauros|par\n|\n|upkeep\n|turn|24\n|inactive|Deezcastforms has 150 seconds left.\n|\n|t:|1782356041\n|switch|p2a: Snorlax|Snorlax|72/100\n|move|p1a: Tauros|Body Slam|p2a: Snorlax\n|-damage|p2a: Snorlax|48/100\n|\n|upkeep\n|turn|25\n|\n|t:|1782356055\n|switch|p1a: Exeggutor|Exeggutor|100/100 slp\n|move|p2a: Snorlax|Body Slam|p1a: Exeggutor\n|-crit|p1a: Exeggutor\n|-damage|p1a: Exeggutor|44/100 slp\n|\n|upkeep\n|turn|26\n|\n|t:|1782356064\n|cant|p1a: Exeggutor|slp\n|move|p2a: Snorlax|Counter|p1a: Exeggutor\n|-damage|p1a: Exeggutor|0 fnt\n|faint|p1a: Exeggutor\n|\n|t:|1782356077\n|switch|p1a: Chansey|Chansey|100/100\n|turn|27\n|inactive|Deezcastforms has 120 seconds left.\n|\n|t:|1782356127\n|switch|p1a: Tauros|Tauros|100/100 par\n|switch|p2a: Chansey|Chansey|96/100 par\n|\n|upkeep\n|turn|28\n|\n|t:|1782356141\n|switch|p2a: Snorlax|Snorlax|48/100\n|move|p1a: Tauros|Body Slam|p2a: Snorlax\n|-crit|p2a: Snorlax\n|-damage|p2a: Snorlax|0 fnt\n|faint|p2a: Snorlax\n|inactive|Acetylaldehyde has 270 seconds left.\n|\n|t:|1782356194\n|switch|p2a: Starmie|Starmie|100/100\n|turn|29\n|inactive|Deezcastforms has 90 seconds left.\n|inactive|Deezcastforms has 60 seconds left.\n|\n|t:|1782356250\n|switch|p1a: Chansey|Chansey|100/100\n|move|p2a: Starmie|Psychic|p1a: Chansey\n|-damage|p1a: Chansey|85/100\n|\n|upkeep\n|turn|30\n|inactive|Deezcastforms has 60 seconds left.\n|\n|t:|1782356257\n|switch|p2a: Chansey|Chansey|96/100 par\n|switch|p1a: Tauros|Tauros|100/100 par\n|\n|upkeep\n|turn|31\n|\n|t:|1782356262\n|switch|p2a: Starmie|Starmie|100/100\n|move|p1a: Tauros|Body Slam|p2a: Starmie\n|-damage|p2a: Starmie|68/100\n|\n|upkeep\n|turn|32\n|inactive|Deezcastforms has 60 seconds left.\n|inactive|Acetylaldehyde has 270 seconds left.\n|\n|t:|1782356288\n|move|p2a: Starmie|Recover|p2a: Starmie\n|-heal|p2a: Starmie|100/100\n|move|p1a: Tauros|Body Slam|p2a: Starmie\n|-crit|p2a: Starmie\n|-damage|p2a: Starmie|40/100\n|\n|upkeep\n|turn|33\n|inactive|Acetylaldehyde has 270 seconds left.\n|\n|t:|1782356298\n|move|p2a: Starmie|Recover|p2a: Starmie\n|-heal|p2a: Starmie|89/100\n|cant|p1a: Tauros|par\n|\n|upkeep\n|turn|34\n|inactive|Acetylaldehyde has 270 seconds left.\n|\n|t:|1782356325\n|switch|p1a: Chansey|Chansey|85/100\n|move|p2a: Starmie|Psychic|p1a: Chansey\n|-damage|p1a: Chansey|70/100\n|-unboost|p1a: Chansey|spa|1\n|-unboost|p1a: Chansey|spd|1\n|\n|upkeep\n|turn|35\n|\n|t:|1782356332\n|switch|p2a: Chansey|Chansey|96/100 par\n|move|p1a: Chansey|Thunder Wave|p2a: Chansey\n|-fail|p2a: Chansey|par\n|\n|upkeep\n|turn|36\n|inactive|Acetylaldehyde has 270 seconds left.\n|\n|t:|1782356338\n|move|p1a: Chansey|Soft-Boiled|p1a: Chansey\n|-heal|p1a: Chansey|100/100\n|move|p2a: Chansey|Seismic Toss|p1a: Chansey\n|-damage|p1a: Chansey|86/100\n|\n|upkeep\n|turn|37\n|inactive|Deezcastforms has 60 seconds left.\n|\n|t:|1782356376\n|move|p1a: Chansey|Ice Beam|p2a: Chansey\n|-damage|p2a: Chansey|89/100 par\n|move|p2a: Chansey|Seismic Toss|p1a: Chansey\n|-damage|p1a: Chansey|72/100\n|\n|upkeep\n|turn|38\n|inactive|Deezcastforms has 60 seconds left.\n|\n|t:|1782356383\n|switch|p1a: Tauros|Tauros|100/100 par\n|cant|p2a: Chansey|par\n|\n|upkeep\n|turn|39\n|\n|t:|1782356387\n|switch|p2a: Starmie|Starmie|89/100\n|cant|p1a: Tauros|par\n|\n|upkeep\n|turn|40\n|inactive|Deezcastforms has 60 seconds left.\n|\n|t:|1782356408\n|switch|p1a: Chansey|Chansey|72/100\n|move|p2a: Starmie|Psychic|p1a: Chansey\n|-crit|p1a: Chansey\n|-damage|p1a: Chansey|45/100\n|-unboost|p1a: Chansey|spa|1\n|-unboost|p1a: Chansey|spd|1\n|\n|upkeep\n|turn|41\n|\n|t:|1782356419\n|switch|p2a: Chansey|Chansey|89/100 par\n|move|p1a: Chansey|Soft-Boiled|p1a: Chansey\n|-heal|p1a: Chansey|95/100\n|\n|upkeep\n|turn|42\n|inactive|Deezcastforms has 60 seconds left.\n|\n|t:|1782356442\n|move|p1a: Chansey|Ice Beam|p2a: Chansey\n|-damage|p2a: Chansey|82/100 par\n|cant|p2a: Chansey|par\n|\n|upkeep\n|turn|43\n|inactive|Deezcastforms has 60 seconds left.\n|\n|t:|1782356450\n|switch|p1a: Tauros|Tauros|100/100 par\n|cant|p2a: Chansey|par\n|\n|upkeep\n|turn|44\n|\n|t:|1782356461\n|switch|p2a: Starmie|Starmie|89/100\n|move|p1a: Tauros|Body Slam|p2a: Starmie\n|-damage|p2a: Starmie|55/100\n|-status|p2a: Starmie|par\n|\n|upkeep\n|turn|45\n|inactive|Deezcastforms has 60 seconds left.\n|inactive|Deezcastforms has 30 seconds left.\n|inactive|Deezcastforms has 20 seconds left.\n|\n|t:|1782356520\n|switch|p1a: Chansey|Chansey|95/100\n|cant|p2a: Starmie|par\n|\n|upkeep\n|turn|46\n|inactive|Deezcastforms has 30 seconds left this turn.\n|\n|t:|1782356541\n|switch|p2a: Chansey|Chansey|82/100 par\n|move|p1a: Chansey|Thunderbolt|p2a: Chansey\n|-damage|p2a: Chansey|71/100 par\n|\n|upkeep\n|turn|47\n|\n|t:|1782356548\n|switch|p1a: Tauros|Tauros|100/100 par\n|switch|p2a: Starmie|Starmie|55/100 par\n|\n|upkeep\n|turn|48\n|inactive|Deezcastforms has 30 seconds left.\n|\n|t:|1782356570\n|move|p2a: Starmie|Recover|p2a: Starmie\n|-heal|p2a: Starmie|100/100 par\n|move|p1a: Tauros|Body Slam|p2a: Starmie\n|-damage|p2a: Starmie|64/100 par\n|\n|upkeep\n|turn|49\n|inactive|Deezcastforms has 30 seconds left.\n|\n|t:|1782356578\n|cant|p2a: Starmie|par\n|cant|p1a: Tauros|par\n|\n|upkeep\n|turn|50\n|\n|t:|1782356582\n|cant|p2a: Starmie|par\n|move|p1a: Tauros|Body Slam|p2a: Starmie\n|-crit|p2a: Starmie\n|-damage|p2a: Starmie|3/100 par\n|\n|upkeep\n|turn|51\n|\n|t:|1782356588\n|cant|p2a: Starmie|par\n|move|p1a: Tauros|Hyper Beam|p2a: Starmie\n|-damage|p2a: Starmie|0 fnt\n|faint|p2a: Starmie\n|\n|t:|1782356594\n|switch|p2a: Tauros|Tauros|100/100\n|turn|52\n|\n|t:|1782356606\n|move|p2a: Tauros|Body Slam|p1a: Tauros\n|-damage|p1a: Tauros|73/100 par\n|move|p1a: Tauros|Body Slam|p2a: Tauros\n|-crit|p2a: Tauros\n|-damage|p2a: Tauros|40/100\n|\n|upkeep\n|turn|53\n|\n|t:|1782356615\n|move|p2a: Tauros|Body Slam|p1a: Tauros\n|-damage|p1a: Tauros|46/100 par\n|move|p1a: Tauros|Hyper Beam|p2a: Tauros\n|-damage|p2a: Tauros|0 fnt\n|faint|p2a: Tauros\n|\n|t:|1782356622\n|switch|p2a: Alakazam|Alakazam|100/100\n|turn|54\n|\n|t:|1782356627\n|switch|p1a: Chansey|Chansey|95/100\n|move|p2a: Alakazam|Psychic|p1a: Chansey\n|-damage|p1a: Chansey|77/100\n|-unboost|p1a: Chansey|spa|1\n|-unboost|p1a: Chansey|spd|1\n|\n|upkeep\n|turn|55\n|\n|t:|1782356641\n|switch|p2a: Chansey|Chansey|71/100 par\n|move|p1a: Chansey|Thunder Wave|p2a: Chansey\n|-fail|p2a: Chansey|par\n|\n|upkeep\n|turn|56\n|inactive|Deezcastforms has 60 seconds left.\n|\n|t:|1782356660\n|switch|p1a: Tauros|Tauros|46/100 par\n|move|p2a: Chansey|Seismic Toss|p1a: Tauros\n|-damage|p1a: Tauros|17/100 par\n|\n|upkeep\n|turn|57\n|inactive|Deezcastforms has 60 seconds left.\n|\n|t:|1782356682\n|move|p1a: Tauros|Hyper Beam|p2a: Chansey\n|-damage|p2a: Chansey|8/100 par\n|-mustrecharge|p1a: Tauros\n|move|p2a: Chansey|Seismic Toss|p1a: Tauros\n|-damage|p1a: Tauros|0 fnt\n|faint|p1a: Tauros\n|\n|t:|1782356686\n|switch|p1a: Zapdos|Zapdos|100/100\n|turn|58\n|\n|t:|1782356698\n|move|p1a: Zapdos|Drill Peck|p2a: Chansey\n|-crit|p2a: Chansey\n|-damage|p2a: Chansey|0 fnt\n|faint|p2a: Chansey\n|\n|t:|1782356702\n|switch|p2a: Alakazam|Alakazam|100/100\n|turn|59\n|\n|t:|1782356714\n|switch|p1a: Chansey|Chansey|77/100\n|move|p2a: Alakazam|Thunder Wave|p1a: Chansey\n|-status|p1a: Chansey|par\n|\n|upkeep\n|turn|60\n|\n|t:|1782356720\n|move|p2a: Alakazam|Psychic|p1a: Chansey\n|-damage|p1a: Chansey|57/100 par\n|move|p1a: Chansey|Thunder Wave|p2a: Alakazam\n|-status|p2a: Alakazam|par\n|\n|upkeep\n|turn|61\n|\n|t:|1782356725\n|cant|p2a: Alakazam|par\n|move|p1a: Chansey|Soft-Boiled|p1a: Chansey\n|-heal|p1a: Chansey|100/100 par\n|\n|upkeep\n|turn|62\n|inactive|Deezcastforms has 90 seconds left.\n|\n|t:|1782356731\n|move|p2a: Alakazam|Psychic|p1a: Chansey\n|-damage|p1a: Chansey|83/100 par\n|move|p1a: Chansey|Ice Beam|p2a: Alakazam\n|-damage|p2a: Alakazam|82/100 par\n|\n|upkeep\n|turn|63\n|\n|t:|1782356736\n|move|p2a: Alakazam|Psychic|p1a: Chansey\n|-damage|p1a: Chansey|64/100 par\n|move|p1a: Chansey|Soft-Boiled|p1a: Chansey\n|-heal|p1a: Chansey|100/100 par\n|\n|upkeep\n|turn|64\n|\n|t:|1782356742\n|move|p2a: Alakazam|Psychic|p1a: Chansey\n|-damage|p1a: Chansey|83/100 par\n|move|p1a: Chansey|Ice Beam|p2a: Alakazam\n|-damage|p2a: Alakazam|61/100 par\n|\n|upkeep\n|turn|65\n|\n|t:|1782356747\n|cant|p2a: Alakazam|par\n|move|p1a: Chansey|Ice Beam|p2a: Alakazam\n|-crit|p2a: Alakazam\n|-damage|p2a: Alakazam|22/100 par\n|\n|upkeep\n|turn|66\n|inactive|Deezcastforms has 120 seconds left.\n|\n|t:|1782356766\n|move|p2a: Alakazam|Recover|p2a: Alakazam\n|-heal|p2a: Alakazam|71/100 par\n|cant|p1a: Chansey|par\n|\n|upkeep\n|turn|67\n|\n|t:|1782356771\n|move|p2a: Alakazam|Psychic|p1a: Chansey\n|-damage|p1a: Chansey|65/100 par\n|cant|p1a: Chansey|par\n|\n|upkeep\n|turn|68\n|\n|t:|1782356775\n|cant|p2a: Alakazam|par\n|move|p1a: Chansey|Soft-Boiled|p1a: Chansey\n|-heal|p1a: Chansey|100/100 par\n|\n|upkeep\n|turn|69\n|\n|t:|1782356780\n|move|p2a: Alakazam|Psychic|p1a: Chansey\n|-crit|p1a: Chansey\n|-damage|p1a: Chansey|64/100 par\n|move|p1a: Chansey|Ice Beam|p2a: Alakazam\n|-damage|p2a: Alakazam|53/100 par\n|\n|upkeep\n|turn|70\n|\n|t:|1782356786\n|move|p2a: Alakazam|Recover|p2a: Alakazam\n|-heal|p2a: Alakazam|100/100 par\n|move|p1a: Chansey|Soft-Boiled|p1a: Chansey\n|-hint|In Gen 1, recovery moves fail if (user's maximum HP - user's current HP + 1) is divisible by 256, unless the current hp is also divisible by 256.\n|-fail|p1a: Chansey\n|\n|upkeep\n|turn|71\n|inactive|Deezcastforms has 150 seconds left.\n|c|☆Deezcastforms|fuck\n|c|☆Deezcastforms|I pulled the beeorsomething\n|\n|t:|1782356809\n|cant|p2a: Alakazam|par\n|move|p1a: Chansey|Ice Beam|p2a: Alakazam\n|-damage|p2a: Alakazam|80/100 par\n|\n|upkeep\n|turn|72\n|c|☆Acetylaldehyde|it's hard to see the big red text\n|c|☆Acetylaldehyde|at least you didnt throw this game as hard as I did lmao\n|\n|t:|1782356835\n|move|p2a: Alakazam|Thunder Wave|p1a: Chansey\n|-fail|p1a: Chansey|par\n|cant|p1a: Chansey|par\n|\n|upkeep\n|turn|73\n|\n|t:|1782356852\n|move|p2a: Alakazam|Thunder Wave|p1a: Chansey\n|-fail|p1a: Chansey|par\n|move|p1a: Chansey|Thunder Wave|p2a: Alakazam\n|-fail|p2a: Alakazam|par\n|\n|upkeep\n|turn|74\n|\n|t:|1782356868\n|move|p2a: Alakazam|Recover|p2a: Alakazam\n|-heal|p2a: Alakazam|100/100 par\n|move|p1a: Chansey|Thunder Wave|p2a: Alakazam\n|-fail|p2a: Alakazam|par\n|\n|upkeep\n|turn|75\n|inactive|Deezcastforms has 150 seconds left.\n|inactive|Acetylaldehyde has 270 seconds left.\n|\n|t:|1782356891\n|move|p2a: Alakazam|Psychic|p1a: Chansey\n|-damage|p1a: Chansey|46/100 par\n|move|p1a: Chansey|Thunder Wave|p2a: Alakazam\n|-fail|p2a: Alakazam|par\n|\n|upkeep\n|turn|76\n|inactive|Acetylaldehyde has 270 seconds left.\n|\n|t:|1782356896\n|cant|p2a: Alakazam|par\n|move|p1a: Chansey|Soft-Boiled|p1a: Chansey\n|-heal|p1a: Chansey|96/100 par\n|\n|upkeep\n|turn|77\n|\n|t:|1782356909\n|move|p2a: Alakazam|Psychic|p1a: Chansey\n|-damage|p1a: Chansey|77/100 par\n|-unboost|p1a: Chansey|spa|1\n|-unboost|p1a: Chansey|spd|1\n|cant|p1a: Chansey|par\n|\n|upkeep\n|turn|78\n|c|☆Acetylaldehyde|there it is\n|\n|t:|1782356919\n|cant|p2a: Alakazam|par\n|move|p1a: Chansey|Soft-Boiled|p1a: Chansey\n|-heal|p1a: Chansey|100/100 par\n|\n|upkeep\n|turn|79\n|\n|t:|1782356924\n|move|p2a: Alakazam|Thunder Wave|p1a: Chansey\n|-fail|p1a: Chansey|par\n|move|p1a: Chansey|Ice Beam|p2a: Alakazam\n|-damage|p2a: Alakazam|88/100 par\n|\n|upkeep\n|turn|80\n|inactive|Deezcastforms has 180 seconds left.\n|\n|t:|1782356931\n|move|p2a: Alakazam|Thunder Wave|p1a: Chansey\n|-fail|p1a: Chansey|par\n|move|p1a: Chansey|Ice Beam|p2a: Alakazam\n|-damage|p2a: Alakazam|75/100 par\n|\n|upkeep\n|turn|81\n|\n|t:|1782356941\n|cant|p2a: Alakazam|par\n|move|p1a: Chansey|Ice Beam|p2a: Alakazam\n|-damage|p2a: Alakazam|62/100 par\n|\n|upkeep\n|turn|82\n|\n|t:|1782356949\n|move|p2a: Alakazam|Recover|p2a: Alakazam\n|-heal|p2a: Alakazam|100/100 par\n|move|p1a: Chansey|Ice Beam|p2a: Alakazam\n|-damage|p2a: Alakazam|87/100 par\n|\n|upkeep\n|turn|83\n|\n|t:|1782356955\n|cant|p2a: Alakazam|par\n|cant|p1a: Chansey|par\n|\n|upkeep\n|turn|84\n|\n|t:|1782356959\n|cant|p2a: Alakazam|par\n|move|p1a: Chansey|Ice Beam|p2a: Alakazam\n|-crit|p2a: Alakazam\n|-damage|p2a: Alakazam|48/100 par\n|\n|upkeep\n|turn|85\n|\n|t:|1782356966\n|switch|p1a: Zapdos|Zapdos|100/100\n|move|p2a: Alakazam|Thunder Wave|p1a: Zapdos\n|-status|p1a: Zapdos|par\n|\n|upkeep\n|turn|86\n|\n|t:|1782356978\n|move|p2a: Alakazam|Recover|p2a: Alakazam\n|-heal|p2a: Alakazam|98/100 par\n|move|p1a: Zapdos|Agility|p1a: Zapdos\n|-boost|p1a: Zapdos|spe|2\n|\n|upkeep\n|turn|87\n|\n|t:|1782356985\n|move|p1a: Zapdos|Drill Peck|p2a: Alakazam\n|-damage|p2a: Alakazam|54/100 par\n|move|p2a: Alakazam|Psychic|p1a: Zapdos\n|-damage|p1a: Zapdos|74/100 par\n|\n|upkeep\n|turn|88\n|\n|t:|1782356990\n|move|p1a: Zapdos|Drill Peck|p2a: Alakazam\n|-damage|p2a: Alakazam|13/100 par\n|move|p2a: Alakazam|Psychic|p1a: Zapdos\n|-damage|p1a: Zapdos|44/100 par\n|\n|upkeep\n|turn|89\n|\n|t:|1782356995\n|cant|p1a: Zapdos|par\n|move|p2a: Alakazam|Psychic|p1a: Zapdos\n|-damage|p1a: Zapdos|17/100 par\n|\n|upkeep\n|turn|90\n|\n|t:|1782357000\n|cant|p1a: Zapdos|par\n|cant|p2a: Alakazam|par\n|\n|upkeep\n|turn|91\n|\n|t:|1782357004\n|move|p1a: Zapdos|Drill Peck|p2a: Alakazam\n|-damage|p2a: Alakazam|0 fnt\n|faint|p2a: Alakazam\n|\n|win|Deezcastforms\n|c|☆Acetylaldehyde|ggs\n|c|☆Deezcastforms|ggs\n","uploadtime":1782357004,"views":"90","formatid":"gen1ou","rating":null,"private":0,"password":null}