{"id":"smogtours-gen1ou-957058","format":"[Gen 1] OU","players":["Soda Krys","BlazingDark"],"log":"|inactive|Battle timer is ON: inactive players will automatically lose when time's up.\n|t:|1784403653\n|gametype|singles\n|player|p1|Soda Krys|gwynn|\n|player|p2|BlazingDark|blue-gen1|\n|gen|1\n|tier|[Gen 1] OU\n|rule|Desync Clause Mod: Desyncs resolve to link battle behavior from the acting player's perspective.\n|rule|HP Percentage Mod: HP is shown in percentages\n|rule|Endless Battle Clause: Forcing endless battles is banned\n|rule|Sleep Clause Mod: Limit one foe put to sleep\n|rule|Freeze Clause Mod: Limit one foe frozen\n|rule|Species Clause: Limit one of each Pokémon\n|rule|OHKO Clause: OHKO moves are banned\n|rule|Evasion Moves Clause: Evasion moves are banned\n|\n|t:|1784403653\n|teamsize|p1|6\n|teamsize|p2|6\n|start\n|switch|p1a: Alakazam|Alakazam|100/100\n|switch|p2a: Starmie|Starmie|100/100\n|turn|1\n|inactive|BlazingDark also wants the timer to be on.\n|\n|t:|1784403667\n|switch|p2a: Exeggutor|Exeggutor|100/100\n|move|p1a: Alakazam|Psychic|p2a: Exeggutor\n|-resisted|p2a: Exeggutor\n|-damage|p2a: Exeggutor|86/100\n|\n|upkeep\n|turn|2\n|\n|t:|1784403671\n|move|p1a: Alakazam|Thunder Wave|p2a: Exeggutor\n|-status|p2a: Exeggutor|par\n|cant|p2a: Exeggutor|par\n|\n|upkeep\n|turn|3\n|\n|t:|1784403673\n|move|p1a: Alakazam|Seismic Toss|p2a: Exeggutor\n|-damage|p2a: Exeggutor|61/100 par\n|move|p2a: Exeggutor|Sleep Powder|p1a: Alakazam|[miss]\n|-miss|p2a: Exeggutor\n|\n|upkeep\n|turn|4\n|\n|t:|1784403675\n|move|p1a: Alakazam|Seismic Toss|p2a: Exeggutor\n|-damage|p2a: Exeggutor|35/100 par\n|cant|p2a: Exeggutor|par\n|\n|upkeep\n|turn|5\n|\n|t:|1784403680\n|move|p1a: Alakazam|Seismic Toss|p2a: Exeggutor\n|-damage|p2a: Exeggutor|10/100 par\n|cant|p2a: Exeggutor|par\n|\n|upkeep\n|turn|6\n|c|☆BlazingDark|yep\n|c|☆BlazingDark|unplayable\n|\n|t:|1784403689\n|switch|p2a: Alakazam|Alakazam|100/100\n|move|p1a: Alakazam|Psychic|p2a: Alakazam\n|-crit|p2a: Alakazam\n|-resisted|p2a: Alakazam\n|-damage|p2a: Alakazam|68/100\n|-unboost|p2a: Alakazam|spa|1\n|-unboost|p2a: Alakazam|spd|1\n|\n|upkeep\n|turn|7\n|\n|t:|1784403694\n|switch|p1a: Jynx|Jynx|100/100\n|move|p2a: Alakazam|Thunder Wave|p1a: Jynx\n|-status|p1a: Jynx|par\n|\n|upkeep\n|turn|8\n|\n|t:|1784403704\n|switch|p2a: Exeggutor|Exeggutor|10/100 par\n|cant|p1a: Jynx|par\n|\n|upkeep\n|turn|9\n|\n|t:|1784403708\n|move|p1a: Jynx|Blizzard|p2a: Exeggutor\n|-crit|p2a: Exeggutor\n|-supereffective|p2a: Exeggutor\n|-damage|p2a: Exeggutor|0 fnt\n|faint|p2a: Exeggutor\n|\n|t:|1784403717\n|switch|p2a: Snorlax|Snorlax|100/100\n|turn|10\n|\n|t:|1784403721\n|switch|p1a: Exeggutor|Exeggutor|100/100\n|move|p2a: Snorlax|Body Slam|p1a: Exeggutor\n|-damage|p1a: Exeggutor|71/100\n|-status|p1a: Exeggutor|par\n|\n|upkeep\n|turn|11\n|\n|t:|1784403727\n|move|p2a: Snorlax|Body Slam|p1a: Exeggutor\n|-damage|p1a: Exeggutor|42/100 par\n|move|p1a: Exeggutor|Sleep Powder|p2a: Snorlax|[miss]\n|-miss|p1a: Exeggutor\n|\n|upkeep\n|turn|12\n|\n|t:|1784403731\n|move|p2a: Snorlax|Body Slam|p1a: Exeggutor\n|-damage|p1a: Exeggutor|11/100 par\n|move|p1a: Exeggutor|Explosion|p2a: Snorlax\n|-damage|p2a: Snorlax|35/100\n|faint|p1a: Exeggutor\n|\n|t:|1784403735\n|switch|p1a: Tauros|Tauros|100/100\n|turn|13\n|\n|t:|1784403740\n|switch|p2a: Starmie|Starmie|100/100\n|move|p1a: Tauros|Body Slam|p2a: Starmie\n|-damage|p2a: Starmie|64/100\n|\n|upkeep\n|turn|14\n|\n|t:|1784403747\n|move|p2a: Starmie|Recover|p2a: Starmie\n|-heal|p2a: Starmie|100/100\n|move|p1a: Tauros|Body Slam|p2a: Starmie\n|-crit|p2a: Starmie\n|-damage|p2a: Starmie|38/100\n|-status|p2a: Starmie|par\n|\n|upkeep\n|turn|15\n|c|☆BlazingDark|xd\n|\n|t:|1784403771\n|switch|p2a: Chansey|Chansey|100/100\n|move|p1a: Tauros|Body Slam|p2a: Chansey\n|-damage|p2a: Chansey|62/100\n|\n|upkeep\n|turn|16\n|-message|BlazingDark forfeited.\n|\n|win|Soda Krys\n|c|☆BlazingDark|/log BlazingDark made the replay of this battle unlisted.\n|player|p2|\n|player|p1|\n","uploadtime":1784403780,"views":"119","formatid":"gen1ou","rating":null,"private":2,"password":null}