{"id":"smogtours-gen1ou-822695","format":"[Gen 1] OU","players":["Serpi n_n","Isza"],"log":"|inactive|Battle timer is ON: inactive players will automatically lose when time's up.\n|t:|1740870870\n|gametype|singles\n|player|p1|Serpi n_n|#splxviraiders|\n|player|p2|Isza|#splxiiclassiest|\n|teamsize|p1|6\n|teamsize|p2|6\n|gen|1\n|tier|[Gen 1] OU\n|rule|Desync Clause Mod: Desyncs changed to move failure.\n|rule|Sleep Clause Mod: Limit one foe put to sleep\n|rule|Freeze Clause Mod: Limit one foe frozen\n|rule|Species Clause: Limit one of each Pokémon\n|rule|OHKO Clause: OHKO moves are banned\n|rule|Evasion Moves Clause: Evasion moves are banned\n|rule|Endless Battle Clause: Forcing endless battles is banned\n|rule|HP Percentage Mod: HP is shown in percentages\n|\n|t:|1740870870\n|start\n|switch|p1a: Starmie|Starmie|100/100\n|switch|p2a: Jynx|Jynx|100/100\n|turn|1\n|c|☆Serpi n_n|hf\n|c|☆Isza|You as well\n|rated|Smogon Premier League\n|inactive|Isza has 270 seconds left.\n|\n|t:|1740870922\n|move|p1a: Starmie|Thunder Wave|p2a: Jynx\n|-status|p2a: Jynx|par\n|move|p2a: Jynx|Lovely Kiss|p1a: Starmie\n|-status|p1a: Starmie|slp|[from] move: Lovely Kiss\n|\n|upkeep\n|turn|2\n|\n|t:|1740870933\n|cant|p1a: Starmie|slp\n|cant|p2a: Jynx|par\n|\n|upkeep\n|turn|3\n|\n|t:|1740870942\n|switch|p1a: Chansey|Chansey|100/100\n|switch|p2a: Chansey|Chansey|100/100\n|\n|upkeep\n|turn|4\n|\n|t:|1740870947\n|switch|p2a: Jynx|Jynx|100/100 par\n|move|p1a: Chansey|Seismic Toss|p2a: Jynx\n|-damage|p2a: Jynx|70/100 par\n|\n|upkeep\n|turn|5\n|\n|t:|1740870951\n|move|p1a: Chansey|Seismic Toss|p2a: Jynx\n|-damage|p2a: Jynx|40/100 par\n|move|p2a: Jynx|Blizzard|p1a: Chansey\n|-crit|p1a: Chansey\n|-damage|p1a: Chansey|63/100\n|\n|upkeep\n|turn|6\n|\n|t:|1740870958\n|move|p1a: Chansey|Seismic Toss|p2a: Jynx\n|-damage|p2a: Jynx|10/100 par\n|cant|p2a: Jynx|par\n|\n|upkeep\n|turn|7\n|\n|t:|1740870982\n|switch|p2a: Exeggutor|Exeggutor|100/100\n|move|p1a: Chansey|Seismic Toss|p2a: Exeggutor\n|-damage|p2a: Exeggutor|75/100\n|\n|upkeep\n|turn|8\n|inactive|Serpi n_n has 270 seconds left.\n|inactive|Serpi n_n has 240 seconds left.\n|\n|t:|1740871042\n|move|p2a: Exeggutor|Stun Spore|p1a: Chansey\n|-status|p1a: Chansey|par\n|move|p1a: Chansey|Thunder Wave|p2a: Exeggutor\n|-status|p2a: Exeggutor|par\n|\n|upkeep\n|turn|9\n|inactive|Serpi n_n has 240 seconds left.\n|inactive|Isza has 270 seconds left.\n|\n|t:|1740871068\n|move|p2a: Exeggutor|Explosion|p1a: Chansey\n|-crit|p1a: Chansey\n|-damage|p1a: Chansey|0 fnt\n|faint|p1a: Chansey\n|faint|p2a: Exeggutor\n|inactive|Isza has 270 seconds left.\n|inactive|Isza has 240 seconds left.\n|\n|t:|1740871111\n|switch|p2a: Zapdos|Zapdos|100/100\n|switch|p1a: Exeggutor|Exeggutor|100/100\n|turn|10\n|\n|t:|1740871115\n|move|p2a: Zapdos|Drill Peck|p1a: Exeggutor\n|-supereffective|p1a: Exeggutor\n|-damage|p1a: Exeggutor|48/100\n|move|p1a: Exeggutor|Sleep Powder|p2a: Zapdos\n|-status|p2a: Zapdos|slp|[from] move: Sleep Powder\n|\n|upkeep\n|turn|11\n|inactive|Serpi n_n has 240 seconds left.\n|\n|t:|1740871140\n|cant|p2a: Zapdos|slp\n|move|p1a: Exeggutor|Psychic|p2a: Zapdos\n|-damage|p2a: Zapdos|73/100 slp\n|\n|upkeep\n|turn|12\n|\n|t:|1740871145\n|cant|p2a: Zapdos|slp\n|move|p1a: Exeggutor|Psychic|p2a: Zapdos\n|-damage|p2a: Zapdos|46/100 slp\n|\n|upkeep\n|turn|13\n|\n|t:|1740871151\n|switch|p2a: Chansey|Chansey|100/100\n|move|p1a: Exeggutor|Psychic|p2a: Chansey\n|-damage|p2a: Chansey|85/100\n|-unboost|p2a: Chansey|spa|1\n|-unboost|p2a: Chansey|spd|1\n|\n|upkeep\n|turn|14\n|inactive|Serpi n_n has 240 seconds left.\n|\n|t:|1740871174\n|move|p1a: Exeggutor|Stun Spore|p2a: Chansey\n|-status|p2a: Chansey|par\n|move|p2a: Chansey|Thunder Wave|p1a: Exeggutor\n|-status|p1a: Exeggutor|par\n|\n|upkeep\n|turn|15\n|inactive|Serpi n_n has 240 seconds left.\n|\n|t:|1740871190\n|move|p1a: Exeggutor|Explosion|p2a: Chansey\n|-damage|p2a: Chansey|0 fnt\n|faint|p2a: Chansey\n|faint|p1a: Exeggutor\n|\n|t:|1740871198\n|switch|p1a: Tauros|Tauros|100/100\n|switch|p2a: Snorlax|Snorlax|100/100\n|turn|16\n|\n|t:|1740871200\n|move|p1a: Tauros|Body Slam|p2a: Snorlax\n|-damage|p2a: Snorlax|76/100\n|move|p2a: Snorlax|Reflect|p2a: Snorlax\n|-start|p2a: Snorlax|Reflect\n|\n|upkeep\n|turn|17\n|inactive|Serpi n_n has 240 seconds left.\n|\n|t:|1740871218\n|move|p1a: Tauros|Blizzard|p2a: Snorlax\n|-crit|p2a: Snorlax\n|-damage|p2a: Snorlax|39/100\n|move|p2a: Snorlax|Body Slam|p1a: Tauros\n|-damage|p1a: Tauros|68/100\n|\n|upkeep\n|turn|18\n|inactive|Serpi n_n has 240 seconds left.\n|\n|t:|1740871231\n|move|p1a: Tauros|Body Slam|p2a: Snorlax\n|-damage|p2a: Snorlax|26/100\n|move|p2a: Snorlax|Body Slam|p1a: Tauros\n|-damage|p1a: Tauros|36/100\n|\n|upkeep\n|turn|19\n|inactive|Serpi n_n has 240 seconds left.\n|\n|t:|1740871250\n|move|p1a: Tauros|Blizzard|p2a: Snorlax\n|-damage|p2a: Snorlax|6/100\n|move|p2a: Snorlax|Rest|p2a: Snorlax\n|-status|p2a: Snorlax|slp|[from] move: Rest\n|-heal|p2a: Snorlax|100/100 slp|[silent]\n|\n|upkeep\n|turn|20\n|\n|t:|1740871257\n|switch|p1a: Zapdos|Zapdos|100/100\n|cant|p2a: Snorlax|slp\n|\n|upkeep\n|turn|21\n|\n|t:|1740871268\n|switch|p2a: Jynx|Jynx|10/100 par\n|move|p1a: Zapdos|Thunderbolt|p2a: Jynx\n|-damage|p2a: Jynx|0 fnt\n|faint|p2a: Jynx\n|\n|t:|1740871269\n|switch|p2a: Tauros|Tauros|100/100\n|turn|22\n|\n|t:|1740871278\n|move|p2a: Tauros|Body Slam|p1a: Zapdos\n|-damage|p1a: Zapdos|70/100\n|-status|p1a: Zapdos|par\n|move|p1a: Zapdos|Thunder Wave|p2a: Tauros\n|-status|p2a: Tauros|par\n|\n|upkeep\n|turn|23\n|inactive|Serpi n_n has 270 seconds left.\n|inactive|Serpi n_n has 240 seconds left.\n|\n|t:|1740871317\n|cant|p2a: Tauros|par\n|move|p1a: Zapdos|Thunderbolt|p2a: Tauros\n|-damage|p2a: Tauros|54/100 par\n|\n|upkeep\n|turn|24\n|\n|t:|1740871325\n|cant|p2a: Tauros|par\n|move|p1a: Zapdos|Thunderbolt|p2a: Tauros\n|-damage|p2a: Tauros|6/100 par\n|\n|upkeep\n|turn|25\n|\n|t:|1740871329\n|cant|p2a: Tauros|par\n|move|p1a: Zapdos|Thunderbolt|p2a: Tauros\n|-damage|p2a: Tauros|0 fnt\n|faint|p2a: Tauros\n|\n|t:|1740871333\n|switch|p2a: Snorlax|Snorlax|100/100 slp\n|turn|26\n|\n|t:|1740871335\n|-curestatus|p2a: Snorlax|slp|[msg]\n|move|p1a: Zapdos|Thunder Wave|p2a: Snorlax\n|-status|p2a: Snorlax|par\n|\n|upkeep\n|turn|27\n|\n|t:|1740871342\n|cant|p1a: Zapdos|par\n|move|p2a: Snorlax|Body Slam|p1a: Zapdos\n|-damage|p1a: Zapdos|40/100 par\n|\n|upkeep\n|turn|28\n|\n|t:|1740871347\n|cant|p1a: Zapdos|par\n|move|p2a: Snorlax|Reflect|p2a: Snorlax\n|-start|p2a: Snorlax|Reflect\n|\n|upkeep\n|turn|29\n|\n|t:|1740871351\n|move|p1a: Zapdos|Thunderbolt|p2a: Snorlax\n|-damage|p2a: Snorlax|66/100 par\n|move|p2a: Snorlax|Body Slam|p1a: Zapdos\n|-damage|p1a: Zapdos|10/100 par\n|\n|upkeep\n|turn|30\n|\n|t:|1740871358\n|cant|p1a: Zapdos|par\n|move|p2a: Snorlax|Body Slam|p1a: Zapdos\n|-damage|p1a: Zapdos|0 fnt\n|faint|p1a: Zapdos\n|inactive|Serpi n_n has 270 seconds left.\n|\n|t:|1740871416\n|switch|p1a: Starmie|Starmie|100/100 slp\n|turn|31\n|\n|t:|1740871419\n|cant|p1a: Starmie|slp\n|move|p2a: Snorlax|Body Slam|p1a: Starmie\n|-damage|p1a: Starmie|65/100 slp\n|\n|upkeep\n|turn|32\n|\n|t:|1740871423\n|-curestatus|p1a: Starmie|slp|[msg]\n|move|p2a: Snorlax|Body Slam|p1a: Starmie\n|-damage|p1a: Starmie|30/100\n|\n|upkeep\n|turn|33\n|inactive|Serpi n_n has 270 seconds left.\n|inactive|Serpi n_n has 240 seconds left.\n|\n|t:|1740871463\n|move|p1a: Starmie|Recover|p1a: Starmie\n|-heal|p1a: Starmie|80/100\n|move|p2a: Snorlax|Body Slam|p1a: Starmie\n|-damage|p1a: Starmie|44/100\n|\n|upkeep\n|turn|34\n|\n|t:|1740871468\n|move|p1a: Starmie|Psychic|p2a: Snorlax\n|-damage|p2a: Snorlax|41/100 par\n|move|p2a: Snorlax|Body Slam|p1a: Starmie\n|-damage|p1a: Starmie|6/100\n|\n|upkeep\n|turn|35\n|\n|t:|1740871476\n|move|p1a: Starmie|Psychic|p2a: Snorlax\n|-damage|p2a: Snorlax|13/100 par\n|move|p2a: Snorlax|Body Slam|p1a: Starmie\n|-damage|p1a: Starmie|0 fnt\n|faint|p1a: Starmie\n|\n|t:|1740871487\n|switch|p1a: Snorlax|Snorlax|100/100\n|turn|36\n|\n|t:|1740871497\n|switch|p2a: Zapdos|Zapdos|46/100 slp\n|move|p1a: Snorlax|Self-Destruct|p2a: Zapdos\n|-damage|p2a: Zapdos|0 fnt\n|faint|p2a: Zapdos\n|faint|p1a: Snorlax\n|\n|t:|1740871503\n|switch|p2a: Snorlax|Snorlax|13/100 par\n|switch|p1a: Tauros|Tauros|36/100\n|turn|37\n|\n|t:|1740871507\n|move|p1a: Tauros|Body Slam|p2a: Snorlax\n|-crit|p2a: Snorlax\n|-damage|p2a: Snorlax|0 fnt\n|faint|p2a: Snorlax\n|\n|win|Serpi n_n\n","uploadtime":1740871507,"views":"1958","formatid":"gen1ou","rating":null,"private":0,"password":null}