{"id":"smogtours-gen1ou-965209","format":"[Gen 1] OU","players":["Serpi","Nails"],"log":"|inactive|Battle timer is ON: inactive players will automatically lose when time's up.\n|t:|1787328853\n|gametype|singles\n|player|p1|Serpi|#rbywc2023|\n|player|p2|Nails|#scl2terrors|\n|gen|1\n|tier|[Gen 1] OU\n|rule|Desync Clause Mod: Desyncs resolve to link battle behavior from the acting player's perspective.\n|rule|HP Percentage Mod: HP is shown in percentages\n|rule|Endless Battle Clause: Forcing endless battles is banned\n|rule|Sleep Clause Mod: Limit one foe put to sleep\n|rule|Freeze Clause Mod: Limit one foe frozen\n|rule|Species Clause: Limit one of each Pokémon\n|rule|OHKO Clause: OHKO moves are banned\n|rule|Evasion Moves Clause: Evasion moves are banned\n|\n|t:|1787328853\n|teamsize|p1|6\n|teamsize|p2|6\n|start\n|switch|p1a: Jynx|Jynx|100/100\n|switch|p2a: Jynx|Jynx|100/100\n|turn|1\n|c|☆Nails|hf\n|c|☆Serpi|hf\n|\n|t:|1787328880\n|move|p2a: Jynx|Lovely Kiss|p1a: Jynx\n|-status|p1a: Jynx|slp|[from] move: Lovely Kiss\n|-curestatus|p1a: Jynx|slp|[msg]\n|\n|upkeep\n|turn|2\n|\n|t:|1787328882\n|move|p1a: Jynx|Lovely Kiss|p2a: Jynx\n|-status|p2a: Jynx|slp|[from] move: Lovely Kiss\n|cant|p2a: Jynx|slp\n|\n|upkeep\n|turn|3\n|inactive|Serpi has 270 seconds left.\n|\n|t:|1787328922\n|switch|p1a: Tauros|Tauros|100/100\n|cant|p2a: Jynx|slp\n|\n|upkeep\n|turn|4\n|\n|t:|1787328936\n|switch|p2a: Snorlax|Snorlax|100/100\n|move|p1a: Tauros|Body Slam|p2a: Snorlax\n|-damage|p2a: Snorlax|77/100\n|\n|upkeep\n|turn|5\n|inactive|Nails has 270 seconds left.\n|\n|t:|1787328975\n|move|p1a: Tauros|Body Slam|p2a: Snorlax\n|-damage|p2a: Snorlax|51/100\n|move|p2a: Snorlax|Reflect|p2a: Snorlax\n|-start|p2a: Snorlax|Reflect\n|\n|upkeep\n|turn|6\n|inactive|Nails has 270 seconds left.\n|inactive|Serpi has 270 seconds left.\n|\n|t:|1787329000\n|switch|p1a: Cloyster|Cloyster|100/100\n|move|p2a: Snorlax|Amnesia|p2a: Snorlax\n|-boost|p2a: Snorlax|spa|2\n|-boost|p2a: Snorlax|spd|2\n|\n|upkeep\n|turn|7\n|inactive|Nails has 270 seconds left.\n|inactive|Serpi has 270 seconds left.\n|\n|t:|1787329013\n|move|p1a: Cloyster|Clamp|p2a: Snorlax|[miss]\n|-miss|p1a: Cloyster\n|move|p2a: Snorlax|Rest|p2a: Snorlax\n|-status|p2a: Snorlax|slp|[from] move: Rest\n|-heal|p2a: Snorlax|100/100 slp|[silent]\n|\n|upkeep\n|turn|8\n|inactive|Serpi has 270 seconds left.\n|\n|t:|1787329023\n|move|p1a: Cloyster|Blizzard|p2a: Snorlax\n|-damage|p2a: Snorlax|85/100 slp\n|cant|p2a: Snorlax|slp\n|\n|upkeep\n|turn|9\n|\n|t:|1787329026\n|move|p1a: Cloyster|Blizzard|p2a: Snorlax\n|-damage|p2a: Snorlax|68/100 slp\n|-curestatus|p2a: Snorlax|slp|[msg]\n|\n|upkeep\n|turn|10\n|\n|t:|1787329039\n|move|p1a: Cloyster|Blizzard|p2a: Snorlax|[miss]\n|-miss|p1a: Cloyster\n|move|p2a: Snorlax|Amnesia|p2a: Snorlax\n|-boost|p2a: Snorlax|spa|2\n|-boost|p2a: Snorlax|spd|2\n|\n|upkeep\n|turn|11\n|\n|t:|1787329048\n|move|p1a: Cloyster|Blizzard|p2a: Snorlax\n|-crit|p2a: Snorlax\n|-damage|p2a: Snorlax|9/100\n|move|p2a: Snorlax|Rest|p2a: Snorlax\n|-status|p2a: Snorlax|slp|[from] move: Rest\n|-heal|p2a: Snorlax|100/100 slp|[silent]\n|\n|upkeep\n|turn|12\n|inactive|Serpi has 270 seconds left.\n|\n|t:|1787329087\n|switch|p1a: Jynx|Jynx|100/100\n|cant|p2a: Snorlax|slp\n|\n|upkeep\n|turn|13\n|\n|t:|1787329089\n|move|p1a: Jynx|Psychic|p2a: Snorlax\n|-damage|p2a: Snorlax|92/100 slp\n|-curestatus|p2a: Snorlax|slp|[msg]\n|\n|upkeep\n|turn|14\n|\n|t:|1787329096\n|switch|p1a: Cloyster|Cloyster|100/100\n|move|p2a: Snorlax|Amnesia|p2a: Snorlax\n|-boost|p2a: Snorlax|spa|2\n|-boost|p2a: Snorlax|spd|2\n|\n|upkeep\n|turn|15\n|inactive|Serpi has 270 seconds left.\n|\n|t:|1787329123\n|move|p1a: Cloyster|Rest|p1a: Cloyster\n|-fail|p1a: Cloyster\n|move|p2a: Snorlax|Ice Beam|p1a: Cloyster\n|-resisted|p1a: Cloyster\n|-damage|p1a: Cloyster|80/100\n|\n|upkeep\n|turn|16\n|inactive|Serpi has 270 seconds left.\n|\n|t:|1787329142\n|move|p1a: Cloyster|Blizzard|p2a: Snorlax\n|-damage|p2a: Snorlax|84/100\n|move|p2a: Snorlax|Reflect|p2a: Snorlax\n|-fail|p2a: Snorlax\n|\n|upkeep\n|turn|17\n|inactive|Serpi has 270 seconds left.\n|\n|t:|1787329177\n|move|p1a: Cloyster|Clamp|p2a: Snorlax\n|-damage|p2a: Snorlax|82/100\n|cant|p2a: Snorlax|partiallytrapped\n|\n|upkeep\n|turn|18\n|\n|t:|1787329186\n|move|p1a: Cloyster|Clamp|p2a: Snorlax|[from] Clamp\n|-damage|p2a: Snorlax|80/100\n|\n|upkeep\n|turn|19\n|\n|t:|1787329191\n|move|p1a: Cloyster|Clamp|p2a: Snorlax|[from] Clamp\n|-damage|p2a: Snorlax|77/100\n|\n|upkeep\n|turn|20\n|\n|t:|1787329200\n|move|p1a: Cloyster|Clamp|p2a: Snorlax|[miss]\n|-miss|p1a: Cloyster\n|move|p2a: Snorlax|Ice Beam|p1a: Cloyster\n|-resisted|p1a: Cloyster\n|-damage|p1a: Cloyster|58/100\n|\n|upkeep\n|turn|21\n|\n|t:|1787329211\n|move|p1a: Cloyster|Rest|p1a: Cloyster\n|-status|p1a: Cloyster|slp|[from] move: Rest\n|-heal|p1a: Cloyster|100/100 slp|[silent]\n|move|p2a: Snorlax|Rest|p2a: Snorlax\n|-status|p2a: Snorlax|slp|[from] move: Rest\n|-heal|p2a: Snorlax|100/100 slp|[silent]\n|\n|upkeep\n|turn|22\n|inactive|Serpi has 270 seconds left.\n|\n|t:|1787329232\n|cant|p1a: Cloyster|slp\n|cant|p2a: Snorlax|slp\n|\n|upkeep\n|turn|23\n|inactive|Serpi has 270 seconds left.\n|\n|t:|1787329239\n|-curestatus|p1a: Cloyster|slp|[msg]\n|-curestatus|p2a: Snorlax|slp|[msg]\n|\n|upkeep\n|turn|24\n|\n|t:|1787329243\n|move|p1a: Cloyster|Rest|p1a: Cloyster\n|-fail|p1a: Cloyster\n|move|p2a: Snorlax|Reflect|p2a: Snorlax\n|-fail|p2a: Snorlax\n|\n|upkeep\n|turn|25\n|\n|t:|1787329252\n|switch|p1a: Jynx|Jynx|100/100\n|move|p2a: Snorlax|Reflect|p2a: Snorlax\n|-fail|p2a: Snorlax\n|\n|upkeep\n|turn|26\n|\n|t:|1787329278\n|switch|p1a: Cloyster|Cloyster|100/100\n|move|p2a: Snorlax|Reflect|p2a: Snorlax\n|-fail|p2a: Snorlax\n|\n|upkeep\n|turn|27\n|\n|t:|1787329291\n|move|p1a: Cloyster|Rest|p1a: Cloyster\n|-fail|p1a: Cloyster\n|move|p2a: Snorlax|Reflect|p2a: Snorlax\n|-fail|p2a: Snorlax\n|\n|upkeep\n|turn|28\n|\n|t:|1787329299\n|move|p1a: Cloyster|Rest|p1a: Cloyster\n|-fail|p1a: Cloyster\n|move|p2a: Snorlax|Reflect|p2a: Snorlax\n|-fail|p2a: Snorlax\n|\n|upkeep\n|turn|29\n|\n|t:|1787329301\n|switch|p1a: Jynx|Jynx|100/100\n|move|p2a: Snorlax|Reflect|p2a: Snorlax\n|-fail|p2a: Snorlax\n|\n|upkeep\n|turn|30\n|\n|t:|1787329308\n|move|p1a: Jynx|Blizzard|p2a: Snorlax\n|-crit|p2a: Snorlax\n|-damage|p2a: Snorlax|31/100\n|move|p2a: Snorlax|Reflect|p2a: Snorlax\n|-fail|p2a: Snorlax\n|\n|upkeep\n|turn|31\n|\n|t:|1787329326\n|move|p1a: Jynx|Psychic|p2a: Snorlax\n|-crit|p2a: Snorlax\n|-damage|p2a: Snorlax|0 fnt\n|faint|p2a: Snorlax\n|inactive|Nails has 270 seconds left.\n|\n|t:|1787329357\n|switch|p2a: Starmie|Starmie|100/100\n|turn|32\n|\n|t:|1787329384\n|move|p2a: Starmie|Blizzard|p1a: Jynx\n|-crit|p1a: Jynx\n|-resisted|p1a: Jynx\n|-damage|p1a: Jynx|73/100\n|move|p1a: Jynx|Blizzard|p2a: Starmie\n|-resisted|p2a: Starmie\n|-damage|p2a: Starmie|81/100\n|\n|upkeep\n|turn|33\n|\n|t:|1787329396\n|move|p2a: Starmie|Blizzard|p1a: Jynx\n|-crit|p1a: Jynx\n|-resisted|p1a: Jynx\n|-damage|p1a: Jynx|43/100\n|move|p1a: Jynx|Blizzard|p2a: Starmie\n|-resisted|p2a: Starmie\n|-damage|p2a: Starmie|61/100\n|\n|upkeep\n|turn|34\n|\n|t:|1787329406\n|move|p2a: Starmie|Recover|p2a: Starmie\n|-heal|p2a: Starmie|100/100\n|move|p1a: Jynx|Blizzard|p2a: Starmie\n|-crit|p2a: Starmie\n|-resisted|p2a: Starmie\n|-damage|p2a: Starmie|59/100\n|\n|upkeep\n|turn|35\n|\n|t:|1787329424\n|move|p2a: Starmie|Thunder Wave|p1a: Jynx\n|-status|p1a: Jynx|par\n|move|p1a: Jynx|Blizzard|p2a: Starmie\n|-resisted|p2a: Starmie\n|-damage|p2a: Starmie|38/100\n|\n|upkeep\n|turn|36\n|\n|t:|1787329430\n|move|p2a: Starmie|Recover|p2a: Starmie\n|-heal|p2a: Starmie|87/100\n|move|p1a: Jynx|Rest|p1a: Jynx\n|-status|p1a: Jynx|slp|[from] move: Rest\n|-heal|p1a: Jynx|100/100 slp|[silent]\n|\n|upkeep\n|turn|37\n|\n|t:|1787329434\n|switch|p2a: Tauros|Tauros|100/100\n|cant|p1a: Jynx|slp\n|\n|upkeep\n|turn|38\n|\n|t:|1787329455\n|switch|p1a: Cloyster|Cloyster|100/100\n|move|p2a: Tauros|Body Slam|p1a: Cloyster\n|-damage|p1a: Cloyster|78/100\n|\n|upkeep\n|turn|39\n|inactive|Serpi has 270 seconds left.\n|inactive|Serpi has 240 seconds left.\n|\n|t:|1787329505\n|switch|p2a: Starmie|Starmie|87/100\n|move|p1a: Cloyster|Explosion|p2a: Starmie\n|-damage|p2a: Starmie|0 fnt\n|faint|p2a: Starmie\n|faint|p1a: Cloyster\n|inactive|Serpi has 240 seconds left.\n|\n|t:|1787329538\n|switch|p2a: Chansey|Chansey|100/100\n|switch|p1a: Exeggutor|Exeggutor|100/100\n|turn|40\n|\n|t:|1787329566\n|move|p1a: Exeggutor|Stun Spore|p2a: Chansey|[miss]\n|-miss|p1a: Exeggutor\n|move|p2a: Chansey|Ice Beam|p1a: Exeggutor\n|-supereffective|p1a: Exeggutor\n|-damage|p1a: Exeggutor|68/100\n|\n|upkeep\n|turn|41\n|inactive|Nails has 270 seconds left.\n|inactive|Serpi has 210 seconds left.\n|inactive|Serpi has 180 seconds left.\n|\n|t:|1787329629\n|switch|p2a: Jynx|Jynx|100/100 slp\n|move|p1a: Exeggutor|Stun Spore|p2a: Jynx\n|-fail|p2a: Jynx\n|\n|upkeep\n|turn|42\n|inactive|Serpi has 180 seconds left.\n|inactive|Serpi has 150 seconds left.\n|\n|t:|1787329668\n|switch|p2a: Tauros|Tauros|100/100\n|switch|p1a: Tauros|Tauros|100/100\n|\n|upkeep\n|turn|43\n|\n|t:|1787329673\n|move|p2a: Tauros|Fire Blast|p1a: Tauros\n|-damage|p1a: Tauros|74/100\n|-status|p1a: Tauros|brn\n|move|p1a: Tauros|Body Slam|p2a: Tauros\n|-damage|p2a: Tauros|87/100\n|-damage|p1a: Tauros|68/100 brn|[from] brn|[of] p2a: Tauros\n|\n|upkeep\n|turn|44\n|inactive|Nails has 270 seconds left.\n|inactive|Serpi has 150 seconds left.\n|\n|t:|1787329694\n|switch|p2a: Chansey|Chansey|100/100\n|move|p1a: Tauros|Body Slam|p2a: Chansey\n|-damage|p2a: Chansey|82/100\n|-damage|p1a: Tauros|62/100 brn|[from] brn|[of] p2a: Chansey\n|\n|upkeep\n|turn|45\n|inactive|Serpi has 150 seconds left.\n|\n|t:|1787329715\n|move|p1a: Tauros|Body Slam|p2a: Chansey\n|-damage|p2a: Chansey|62/100\n|-damage|p1a: Tauros|55/100 brn|[from] brn|[of] p2a: Chansey\n|move|p2a: Chansey|Counter|p1a: Tauros\n|-damage|p1a: Tauros|0 fnt\n|faint|p1a: Tauros\n|inactive|Serpi has 120 seconds left.\n|\n|t:|1787329746\n|switch|p1a: Zapdos|Zapdos|100/100\n|turn|46\n|inactive|Nails has 270 seconds left.\n|\n|t:|1787329771\n|switch|p2a: Jolteon|Jolteon|100/100\n|move|p1a: Zapdos|Thunder Wave|p2a: Jolteon\n|-status|p2a: Jolteon|par\n|\n|upkeep\n|turn|47\n|inactive|Serpi has 120 seconds left.\n|\n|t:|1787329788\n|switch|p1a: Exeggutor|Exeggutor|68/100\n|move|p2a: Jolteon|Thunderbolt|p1a: Exeggutor\n|-resisted|p1a: Exeggutor\n|-damage|p1a: Exeggutor|55/100\n|\n|upkeep\n|turn|48\n|inactive|Serpi has 120 seconds left.\n|\n|t:|1787329804\n|switch|p2a: Jynx|Jynx|100/100 slp\n|move|p1a: Exeggutor|Psychic|p2a: Jynx\n|-resisted|p2a: Jynx\n|-damage|p2a: Jynx|82/100 slp\n|\n|upkeep\n|turn|49\n|inactive|Serpi has 120 seconds left.\n|\n|t:|1787329842\n|switch|p1a: Snorlax|Snorlax|100/100\n|cant|p2a: Jynx|slp\n|\n|upkeep\n|turn|50\n|inactive|Serpi has 90 seconds left.\n|inactive|Nails has 240 seconds left.\n|\n|t:|1787329872\n|switch|p2a: Tauros|Tauros|87/100\n|move|p1a: Snorlax|Hyper Beam|p2a: Tauros\n|-damage|p2a: Tauros|35/100\n|-mustrecharge|p1a: Snorlax\n|\n|upkeep\n|turn|51\n|\n|t:|1787329884\n|move|p2a: Tauros|Fire Blast|p1a: Snorlax\n|-damage|p1a: Snorlax|82/100\n|cant|p1a: Snorlax|recharge\n|\n|upkeep\n|turn|52\n|\n|t:|1787329903\n|move|p2a: Tauros|Fire Blast|p1a: Snorlax\n|-damage|p1a: Snorlax|62/100\n|move|p1a: Snorlax|Hyper Beam|p2a: Tauros\n|-damage|p2a: Tauros|0 fnt\n|faint|p2a: Tauros\n|\n|t:|1787329905\n|switch|p2a: Chansey|Chansey|62/100\n|turn|53\n|inactive|Serpi has 90 seconds left.\n|inactive|Nails has 210 seconds left.\n|\n|t:|1787329951\n|move|p2a: Chansey|Soft-Boiled|p2a: Chansey\n|-heal|p2a: Chansey|100/100\n|move|p1a: Snorlax|Self-Destruct|p2a: Chansey\n|-damage|p2a: Chansey|0 fnt\n|faint|p2a: Chansey\n|faint|p1a: Snorlax\n|inactive|Nails has 210 seconds left.\n|inactive|Serpi has 60 seconds left.\n|inactive|Nails has 180 seconds left.\n|\n|t:|1787329992\n|switch|p2a: Jynx|Jynx|82/100 slp\n|switch|p1a: Exeggutor|Exeggutor|55/100\n|turn|54\n|\n|t:|1787329998\n|-curestatus|p2a: Jynx|slp|[msg]\n|move|p1a: Exeggutor|Psychic|p2a: Jynx\n|-resisted|p2a: Jynx\n|-damage|p2a: Jynx|61/100\n|\n|upkeep\n|turn|55\n|inactive|Serpi has 60 seconds left.\n|\n|t:|1787330011\n|switch|p1a: Jynx|Jynx|100/100 slp\n|move|p2a: Jynx|Blizzard|p1a: Jynx\n|-resisted|p1a: Jynx\n|-damage|p1a: Jynx|81/100 slp\n|\n|upkeep\n|turn|56\n|inactive|Serpi has 60 seconds left.\n|\n|t:|1787330027\n|switch|p1a: Zapdos|Zapdos|100/100\n|move|p2a: Jynx|Lovely Kiss|p1a: Zapdos\n|-status|p1a: Zapdos|slp|[from] move: Lovely Kiss\n|\n|upkeep\n|turn|57\n|\n|t:|1787330037\n|switch|p1a: Jynx|Jynx|81/100 slp\n|switch|p2a: Jolteon|Jolteon|100/100 par\n|\n|upkeep\n|turn|58\n|inactive|Serpi has 60 seconds left.\n|\n|t:|1787330046\n|switch|p1a: Zapdos|Zapdos|100/100 slp\n|move|p2a: Jolteon|Thunder Wave|p1a: Zapdos\n|-fail|p1a: Zapdos\n|\n|upkeep\n|turn|59\n|\n|t:|1787330061\n|switch|p1a: Exeggutor|Exeggutor|55/100\n|move|p2a: Jolteon|Thunder Wave|p1a: Exeggutor\n|-status|p1a: Exeggutor|par\n|\n|upkeep\n|turn|60\n|inactive|Nails has 180 seconds left.\n|\n|t:|1787330095\n|switch|p2a: Jynx|Jynx|61/100\n|move|p1a: Exeggutor|Psychic|p2a: Jynx\n|-crit|p2a: Jynx\n|-resisted|p2a: Jynx\n|-damage|p2a: Jynx|26/100\n|-unboost|p2a: Jynx|spa|1\n|-unboost|p2a: Jynx|spd|1\n|\n|upkeep\n|turn|61\n|inactive|Nails has 180 seconds left.\n|\n|t:|1787330115\n|switch|p1a: Jynx|Jynx|81/100 slp\n|move|p2a: Jynx|Blizzard|p1a: Jynx\n|-resisted|p1a: Jynx\n|-damage|p1a: Jynx|67/100 slp\n|\n|upkeep\n|turn|62\n|\n|t:|1787330135\n|switch|p2a: Jolteon|Jolteon|100/100 par\n|-curestatus|p1a: Jynx|slp|[msg]\n|\n|upkeep\n|turn|63\n|inactive|Serpi has 60 seconds left.\n|\n|t:|1787330174\n|switch|p1a: Exeggutor|Exeggutor|55/100 par\n|cant|p2a: Jolteon|par\n|\n|upkeep\n|turn|64\n|inactive|Serpi has 60 seconds left.\n|inactive|Nails has 150 seconds left.\n|inactive|Serpi has 30 seconds left.\n|\n|t:|1787330224\n|switch|p2a: Jynx|Jynx|26/100\n|cant|p1a: Exeggutor|par\n|\n|upkeep\n|turn|65\n|inactive|Nails has 150 seconds left.\n|inactive|Nails has 120 seconds left.\n|\n|t:|1787330267\n|switch|p1a: Jynx|Jynx|67/100\n|move|p2a: Jynx|Psychic|p1a: Jynx\n|-resisted|p1a: Jynx\n|-damage|p1a: Jynx|51/100\n|-unboost|p1a: Jynx|spa|1\n|-unboost|p1a: Jynx|spd|1\n|\n|upkeep\n|turn|66\n|inactive|Nails has 120 seconds left.\n|inactive|Serpi has 30 seconds left.\n|inactive|Serpi has 20 seconds left.\n|inactive|Serpi has 15 seconds left.\n|\n|t:|1787330303\n|switch|p2a: Jolteon|Jolteon|100/100 par\n|move|p1a: Jynx|Blizzard|p2a: Jolteon\n|-damage|p2a: Jolteon|76/100 par\n|\n|upkeep\n|turn|67\n|inactive|Serpi has 25 seconds left this turn.\n|inactive|Serpi has 20 seconds left.\n|inactive|Serpi has 15 seconds left.\n|\n|t:|1787330318\n|switch|p1a: Exeggutor|Exeggutor|55/100 par\n|switch|p2a: Jynx|Jynx|26/100\n|\n|upkeep\n|turn|68\n|inactive|Serpi has 25 seconds left this turn.\n|inactive|Serpi has 20 seconds left.\n|inactive|Serpi has 15 seconds left.\n|\n|t:|1787330329\n|switch|p1a: Jynx|Jynx|51/100\n|move|p2a: Jynx|Blizzard|p1a: Jynx\n|-crit|p1a: Jynx\n|-resisted|p1a: Jynx\n|-damage|p1a: Jynx|9/100\n|\n|upkeep\n|turn|69\n|inactive|Serpi has 25 seconds left this turn.\n|inactive|Serpi has 20 seconds left.\n|inactive|Serpi has 15 seconds left.\n|\n|t:|1787330341\n|move|p1a: Jynx|Lovely Kiss|p2a: Jynx\n|-status|p2a: Jynx|slp|[from] move: Lovely Kiss\n|cant|p2a: Jynx|slp\n|\n|upkeep\n|turn|70\n|inactive|Serpi has 25 seconds left this turn.\n|inactive|Serpi has 20 seconds left.\n|\n|t:|1787330349\n|cant|p2a: Jynx|slp\n|move|p1a: Jynx|Blizzard|p2a: Jynx|[miss]\n|-miss|p1a: Jynx\n|\n|upkeep\n|turn|71\n|inactive|Serpi has 30 seconds left this turn.\n|\n|t:|1787330352\n|move|p1a: Jynx|Psychic|p2a: Jynx\n|-resisted|p2a: Jynx\n|-damage|p2a: Jynx|10/100 slp\n|-curestatus|p2a: Jynx|slp|[msg]\n|\n|upkeep\n|turn|72\n|\n|t:|1787330357\n|move|p1a: Jynx|Psychic|p2a: Jynx\n|-crit|p2a: Jynx\n|-resisted|p2a: Jynx\n|-damage|p2a: Jynx|0 fnt\n|faint|p2a: Jynx\n|c|☆Nails|darn\n|\n|t:|1787330362\n|switch|p2a: Jolteon|Jolteon|76/100 par\n|turn|73\n|\n|t:|1787330373\n|move|p1a: Jynx|Psychic|p2a: Jolteon\n|-crit|p2a: Jolteon\n|-damage|p2a: Jolteon|19/100 par\n|cant|p2a: Jolteon|par\n|\n|upkeep\n|turn|74\n|\n|t:|1787330376\n|move|p1a: Jynx|Psychic|p2a: Jolteon\n|-damage|p2a: Jolteon|0 fnt\n|faint|p2a: Jolteon\n|\n|win|Serpi\n|c|☆Nails|gg\n|c|☆Serpi|gg\n|player|p1|\n","uploadtime":1787330376,"views":"79","formatid":"gen1ou","rating":null,"private":0,"password":null}