{"id":"smogtours-gen1ou-900037","format":"[Gen 1] OU","players":["sadisticnarwhal","Girls See Ghosts"],"log":"|inactive|Battle timer is ON: inactive players will automatically lose when time's up.\n|t:|1768676785\n|gametype|singles\n|player|p1|sadisticnarwhal|#splxviiruiners|\n|player|p2|Girls See Ghosts|#splxviisharks|\n|gen|1\n|tier|[Gen 1] OU\n|rule|Desync Clause Mod: Desyncs changed to move failure.\n|rule|Sleep Clause Mod: Limit one foe put to sleep\n|rule|Freeze Clause Mod: Limit one foe frozen\n|rule|Species Clause: Limit one of each Pokémon\n|rule|OHKO Clause: OHKO moves are banned\n|rule|Evasion Moves Clause: Evasion moves are banned\n|rule|Endless Battle Clause: Forcing endless battles is banned\n|rule|HP Percentage Mod: HP is shown in percentages\n|\n|t:|1768676785\n|teamsize|p1|6\n|teamsize|p2|6\n|start\n|switch|p1a: Starmie|Starmie|100/100\n|switch|p2a: Starmie|Starmie|100/100\n|turn|1\n|c|☆Girls See Ghosts|glhf\n|c|☆sadisticnarwhal|hf\n|c|☆sadisticnarwhal|apparently /splmode is not the command\n|c|☆sadisticnarwhal|gg\n|inactive|Girls See Ghosts has 270 seconds left.\n|rated|Smogon Premier League\n|c|☆Girls See Ghosts|wonderful\n|\n|t:|1768676834\n|switch|p2a: Chansey|Chansey|100/100\n|move|p1a: Starmie|Blizzard|p2a: Chansey\n|-crit|p2a: Chansey\n|-damage|p2a: Chansey|75/100\n|-status|p2a: Chansey|frz\n|\n|upkeep\n|turn|2\n|inactive|sadisticnarwhal has 270 seconds left.\n|\n|t:|1768676876\n|switch|p2a: Starmie|Starmie|100/100\n|move|p1a: Starmie|Psychic|p2a: Starmie\n|-resisted|p2a: Starmie\n|-damage|p2a: Starmie|85/100\n|\n|upkeep\n|turn|3\n|\n|t:|1768676882\n|switch|p1a: Chansey|Chansey|100/100\n|move|p2a: Starmie|Blizzard|p1a: Chansey\n|-damage|p1a: Chansey|89/100\n|-status|p1a: Chansey|frz\n|\n|upkeep\n|turn|4\n|inactive|sadisticnarwhal has 270 seconds left.\n|c|☆Girls See Ghosts|ayyyy\n|inactive|Girls See Ghosts has 270 seconds left.\n|\n|t:|1768676926\n|switch|p2a: Exeggutor|Exeggutor|100/100\n|switch|p1a: Starmie|Starmie|100/100\n|\n|upkeep\n|turn|5\n|inactive|sadisticnarwhal has 270 seconds left.\n|\n|t:|1768676947\n|move|p1a: Starmie|Thunder Wave|p2a: Exeggutor\n|-status|p2a: Exeggutor|par\n|move|p2a: Exeggutor|Sleep Powder|p1a: Starmie\n|-status|p1a: Starmie|slp|[from] move: Sleep Powder\n|\n|upkeep\n|turn|6\n|\n|t:|1768676959\n|cant|p1a: Starmie|slp\n|move|p2a: Exeggutor|Psychic|p1a: Starmie\n|-resisted|p1a: Starmie\n|-damage|p1a: Starmie|80/100 slp\n|\n|upkeep\n|turn|7\n|\n|t:|1768676965\n|switch|p1a: Exeggutor|Exeggutor|100/100\n|cant|p2a: Exeggutor|par\n|\n|upkeep\n|turn|8\n|\n|t:|1768676972\n|move|p1a: Exeggutor|Psychic|p2a: Exeggutor\n|-resisted|p2a: Exeggutor\n|-damage|p2a: Exeggutor|86/100 par\n|-unboost|p2a: Exeggutor|spa|1\n|-unboost|p2a: Exeggutor|spd|1\n|move|p2a: Exeggutor|Psychic|p1a: Exeggutor\n|-resisted|p1a: Exeggutor\n|-damage|p1a: Exeggutor|92/100\n|\n|upkeep\n|turn|9\n|inactive|Girls See Ghosts has 270 seconds left.\n|inactive|sadisticnarwhal has 270 seconds left.\n|\n|t:|1768677000\n|move|p1a: Exeggutor|Psychic|p2a: Exeggutor\n|-resisted|p2a: Exeggutor\n|-damage|p2a: Exeggutor|67/100 par\n|-unboost|p2a: Exeggutor|spa|1\n|-unboost|p2a: Exeggutor|spd|1\n|move|p2a: Exeggutor|Psychic|p1a: Exeggutor\n|-resisted|p1a: Exeggutor\n|-damage|p1a: Exeggutor|85/100\n|\n|upkeep\n|turn|10\n|inactive|sadisticnarwhal has 270 seconds left.\n|inactive|sadisticnarwhal has 240 seconds left.\n|inactive|Girls See Ghosts has 240 seconds left.\n|\n|t:|1768677078\n|switch|p2a: Zapdos|Zapdos|100/100\n|move|p1a: Exeggutor|Psychic|p2a: Zapdos\n|-damage|p2a: Zapdos|73/100\n|\n|upkeep\n|turn|11\n|\n|t:|1768677092\n|switch|p1a: Rhydon|Rhydon|100/100\n|move|p2a: Zapdos|Drill Peck|p1a: Rhydon\n|-crit|p1a: Rhydon\n|-resisted|p1a: Rhydon\n|-damage|p1a: Rhydon|82/100\n|\n|upkeep\n|turn|12\n|\n|t:|1768677102\n|switch|p2a: Starmie|Starmie|85/100\n|move|p1a: Rhydon|Body Slam|p2a: Starmie\n|-damage|p2a: Starmie|57/100\n|\n|upkeep\n|turn|13\n|inactive|sadisticnarwhal has 240 seconds left.\n|\n|t:|1768677110\n|switch|p1a: Starmie|Starmie|80/100 slp\n|move|p2a: Starmie|Recover|p2a: Starmie\n|-heal|p2a: Starmie|100/100\n|\n|upkeep\n|turn|14\n|\n|t:|1768677123\n|cant|p1a: Starmie|slp\n|move|p2a: Starmie|Blizzard|p1a: Starmie\n|-resisted|p1a: Starmie\n|-damage|p1a: Starmie|65/100 slp\n|\n|upkeep\n|turn|15\n|\n|t:|1768677136\n|switch|p2a: Tauros|Tauros|100/100\n|cant|p1a: Starmie|slp\n|\n|upkeep\n|turn|16\n|\n|t:|1768677140\n|switch|p1a: Snorlax|Snorlax|100/100\n|move|p2a: Tauros|Body Slam|p1a: Snorlax\n|-damage|p1a: Snorlax|76/100\n|\n|upkeep\n|turn|17\n|inactive|Girls See Ghosts has 270 seconds left.\n|\n|t:|1768677167\n|switch|p2a: Snorlax|Snorlax|100/100\n|move|p1a: Snorlax|Body Slam|p2a: Snorlax\n|-damage|p2a: Snorlax|73/100\n|\n|upkeep\n|turn|18\n|inactive|sadisticnarwhal has 270 seconds left.\n|\n|t:|1768677175\n|move|p1a: Snorlax|Reflect|p1a: Snorlax\n|-start|p1a: Snorlax|Reflect\n|move|p2a: Snorlax|Body Slam|p1a: Snorlax\n|-damage|p1a: Snorlax|63/100\n|\n|upkeep\n|turn|19\n|\n|t:|1768677180\n|move|p2a: Snorlax|Reflect|p2a: Snorlax\n|-start|p2a: Snorlax|Reflect\n|move|p1a: Snorlax|Body Slam|p2a: Snorlax\n|-damage|p2a: Snorlax|59/100\n|\n|upkeep\n|turn|20\n|\n|t:|1768677186\n|move|p2a: Snorlax|Rest|p2a: Snorlax\n|-status|p2a: Snorlax|slp|[from] move: Rest\n|-heal|p2a: Snorlax|100/100 slp|[silent]\n|move|p1a: Snorlax|Body Slam|p2a: Snorlax\n|-damage|p2a: Snorlax|87/100 slp\n|\n|upkeep\n|turn|21\n|\n|t:|1768677193\n|cant|p2a: Snorlax|slp\n|move|p1a: Snorlax|Body Slam|p2a: Snorlax\n|-damage|p2a: Snorlax|74/100 slp\n|\n|upkeep\n|turn|22\n|\n|t:|1768677197\n|move|p1a: Snorlax|Body Slam|p2a: Snorlax\n|-damage|p2a: Snorlax|61/100 slp\n|-curestatus|p2a: Snorlax|slp|[msg]\n|\n|upkeep\n|turn|23\n|\n|t:|1768677200\n|move|p2a: Snorlax|Rest|p2a: Snorlax\n|-status|p2a: Snorlax|slp|[from] move: Rest\n|-heal|p2a: Snorlax|100/100 slp|[silent]\n|move|p1a: Snorlax|Rest|p1a: Snorlax\n|-status|p1a: Snorlax|slp|[from] move: Rest\n|-heal|p1a: Snorlax|100/100 slp|[silent]\n|\n|upkeep\n|turn|24\n|\n|t:|1768677202\n|cant|p2a: Snorlax|slp\n|cant|p1a: Snorlax|slp\n|\n|upkeep\n|turn|25\n|\n|t:|1768677204\n|-curestatus|p2a: Snorlax|slp|[msg]\n|-curestatus|p1a: Snorlax|slp|[msg]\n|\n|upkeep\n|turn|26\n|\n|t:|1768677206\n|move|p1a: Snorlax|Body Slam|p2a: Snorlax\n|-damage|p2a: Snorlax|87/100\n|move|p2a: Snorlax|Body Slam|p1a: Snorlax\n|-damage|p1a: Snorlax|87/100\n|\n|upkeep\n|turn|27\n|\n|t:|1768677209\n|move|p1a: Snorlax|Body Slam|p2a: Snorlax\n|-damage|p2a: Snorlax|74/100\n|move|p2a: Snorlax|Body Slam|p1a: Snorlax\n|-damage|p1a: Snorlax|74/100\n|\n|upkeep\n|turn|28\n|\n|t:|1768677212\n|move|p1a: Snorlax|Body Slam|p2a: Snorlax\n|-damage|p2a: Snorlax|61/100\n|move|p2a: Snorlax|Body Slam|p1a: Snorlax\n|-damage|p1a: Snorlax|60/100\n|\n|upkeep\n|turn|29\n|\n|t:|1768677215\n|move|p2a: Snorlax|Body Slam|p1a: Snorlax\n|-damage|p1a: Snorlax|45/100\n|move|p1a: Snorlax|Body Slam|p2a: Snorlax\n|-damage|p2a: Snorlax|48/100\n|\n|upkeep\n|turn|30\n|\n|t:|1768677219\n|move|p2a: Snorlax|Rest|p2a: Snorlax\n|-status|p2a: Snorlax|slp|[from] move: Rest\n|-heal|p2a: Snorlax|100/100 slp|[silent]\n|move|p1a: Snorlax|Rest|p1a: Snorlax\n|-status|p1a: Snorlax|slp|[from] move: Rest\n|-heal|p1a: Snorlax|100/100 slp|[silent]\n|\n|upkeep\n|turn|31\n|\n|t:|1768677221\n|cant|p1a: Snorlax|slp\n|cant|p2a: Snorlax|slp\n|\n|upkeep\n|turn|32\n|\n|t:|1768677225\n|-curestatus|p2a: Snorlax|slp|[msg]\n|-curestatus|p1a: Snorlax|slp|[msg]\n|\n|upkeep\n|turn|33\n|\n|t:|1768677227\n|move|p1a: Snorlax|Body Slam|p2a: Snorlax\n|-damage|p2a: Snorlax|88/100\n|move|p2a: Snorlax|Body Slam|p1a: Snorlax\n|-damage|p1a: Snorlax|86/100\n|\n|upkeep\n|turn|34\n|\n|t:|1768677229\n|move|p2a: Snorlax|Body Slam|p1a: Snorlax\n|-damage|p1a: Snorlax|72/100\n|move|p1a: Snorlax|Body Slam|p2a: Snorlax\n|-damage|p2a: Snorlax|74/100\n|\n|upkeep\n|turn|35\n|\n|t:|1768677232\n|move|p2a: Snorlax|Body Slam|p1a: Snorlax\n|-damage|p1a: Snorlax|57/100\n|move|p1a: Snorlax|Body Slam|p2a: Snorlax\n|-damage|p2a: Snorlax|61/100\n|\n|upkeep\n|turn|36\n|\n|t:|1768677240\n|switch|p1a: Exeggutor|Exeggutor|85/100\n|move|p2a: Snorlax|Body Slam|p1a: Exeggutor\n|-damage|p1a: Exeggutor|53/100\n|-status|p1a: Exeggutor|par\n|\n|upkeep\n|turn|37\n|inactive|Girls See Ghosts has 270 seconds left.\n|\n|t:|1768677271\n|switch|p2a: Exeggutor|Exeggutor|67/100 par\n|move|p1a: Exeggutor|Psychic|p2a: Exeggutor\n|-resisted|p2a: Exeggutor\n|-damage|p2a: Exeggutor|54/100 par\n|\n|upkeep\n|turn|38\n|\n|t:|1768677287\n|move|p2a: Exeggutor|Psychic|p1a: Exeggutor\n|-resisted|p1a: Exeggutor\n|-damage|p1a: Exeggutor|40/100 par\n|move|p1a: Exeggutor|Psychic|p2a: Exeggutor\n|-resisted|p2a: Exeggutor\n|-damage|p2a: Exeggutor|40/100 par\n|\n|upkeep\n|turn|39\n|\n|t:|1768677294\n|move|p2a: Exeggutor|Psychic|p1a: Exeggutor\n|-resisted|p1a: Exeggutor\n|-damage|p1a: Exeggutor|26/100 par\n|move|p1a: Exeggutor|Psychic|p2a: Exeggutor\n|-crit|p2a: Exeggutor\n|-resisted|p2a: Exeggutor\n|-damage|p2a: Exeggutor|15/100 par\n|\n|upkeep\n|turn|40\n|\n|t:|1768677302\n|move|p2a: Exeggutor|Psychic|p1a: Exeggutor\n|-resisted|p1a: Exeggutor\n|-damage|p1a: Exeggutor|13/100 par\n|move|p1a: Exeggutor|Mega Drain|p2a: Exeggutor\n|-resisted|p2a: Exeggutor\n|-damage|p2a: Exeggutor|9/100 par\n|-heal|p1a: Exeggutor|16/100 par|[from] drain|[of] p2a: Exeggutor\n|\n|upkeep\n|turn|41\n|\n|t:|1768677308\n|move|p2a: Exeggutor|Psychic|p1a: Exeggutor\n|-resisted|p1a: Exeggutor\n|-damage|p1a: Exeggutor|2/100 par\n|move|p1a: Exeggutor|Explosion|p2a: Exeggutor\n|-damage|p2a: Exeggutor|0 fnt\n|faint|p2a: Exeggutor\n|faint|p1a: Exeggutor\n|\n|t:|1768677329\n|switch|p1a: Snorlax|Snorlax|57/100\n|switch|p2a: Snorlax|Snorlax|61/100\n|turn|42\n|\n|t:|1768677335\n|move|p2a: Snorlax|Body Slam|p1a: Snorlax\n|-damage|p1a: Snorlax|31/100\n|move|p1a: Snorlax|Body Slam|p2a: Snorlax\n|-damage|p2a: Snorlax|35/100\n|\n|upkeep\n|turn|43\n|\n|t:|1768677347\n|move|p1a: Snorlax|Hyper Beam|p2a: Snorlax\n|-damage|p2a: Snorlax|0 fnt\n|faint|p2a: Snorlax\n|inactive|Girls See Ghosts has 270 seconds left.\n|inactive|Girls See Ghosts has 240 seconds left.\n|inactive|Girls See Ghosts has 210 seconds left.\n|\n|t:|1768677432\n|switch|p2a: Tauros|Tauros|100/100\n|turn|44\n|inactive|Girls See Ghosts has 210 seconds left.\n|inactive|sadisticnarwhal has 270 seconds left.\n|inactive|Girls See Ghosts has 180 seconds left.\n|inactive|sadisticnarwhal has 240 seconds left.\n|inactive|Girls See Ghosts has 150 seconds left.\n|\n|t:|1768677507\n|switch|p1a: Chansey|Chansey|89/100 frz\n|move|p2a: Tauros|Hyper Beam|p1a: Chansey\n|-damage|p1a: Chansey|16/100 frz\n|-mustrecharge|p2a: Tauros\n|\n|upkeep\n|turn|45\n|\n|t:|1768677512\n|switch|p1a: Tauros|Tauros|100/100\n|cant|p2a: Tauros|recharge\n|\n|upkeep\n|turn|46\n|inactive|Girls See Ghosts has 150 seconds left.\n|\n|t:|1768677543\n|move|p1a: Tauros|Body Slam|p2a: Tauros\n|-damage|p2a: Tauros|71/100\n|move|p2a: Tauros|Body Slam|p1a: Tauros\n|-damage|p1a: Tauros|69/100\n|\n|upkeep\n|turn|47\n|\n|t:|1768677551\n|move|p2a: Tauros|Body Slam|p1a: Tauros\n|-damage|p1a: Tauros|38/100\n|move|p1a: Tauros|Body Slam|p2a: Tauros\n|-crit|p2a: Tauros\n|-damage|p2a: Tauros|13/100\n|\n|upkeep\n|turn|48\n|inactive|sadisticnarwhal has 240 seconds left.\n|inactive|Girls See Ghosts has 120 seconds left.\n|\n|t:|1768677594\n|switch|p2a: Chansey|Chansey|75/100 frz\n|move|p1a: Tauros|Body Slam|p2a: Chansey\n|-damage|p2a: Chansey|37/100 frz\n|\n|upkeep\n|turn|49\n|\n|t:|1768677611\n|switch|p2a: Zapdos|Zapdos|73/100\n|move|p1a: Tauros|Body Slam|p2a: Zapdos\n|-damage|p2a: Zapdos|44/100\n|\n|upkeep\n|turn|50\n|inactive|Girls See Ghosts has 90 seconds left.\n|inactive|sadisticnarwhal has 210 seconds left.\n|inactive|Girls See Ghosts has 60 seconds left.\n|\n|t:|1768677679\n|switch|p1a: Rhydon|Rhydon|82/100\n|switch|p2a: Starmie|Starmie|100/100\n|\n|upkeep\n|turn|51\n|\n|t:|1768677693\n|switch|p1a: Chansey|Chansey|16/100 frz\n|move|p2a: Starmie|Psychic|p1a: Chansey\n|-damage|p1a: Chansey|2/100 frz\n|-unboost|p1a: Chansey|spa|1\n|-unboost|p1a: Chansey|spd|1\n|\n|upkeep\n|turn|52\n|inactive|Girls See Ghosts has 30 seconds left.\n|\n|t:|1768677732\n|move|p2a: Starmie|Psychic|p1a: Chansey\n|-crit|p1a: Chansey\n|-damage|p1a: Chansey|0 fnt\n|faint|p1a: Chansey\n|\n|t:|1768677733\n|switch|p1a: Starmie|Starmie|65/100 slp\n|turn|53\n|\n|t:|1768677740\n|switch|p2a: Tauros|Tauros|13/100\n|cant|p1a: Starmie|slp\n|\n|upkeep\n|turn|54\n|\n|t:|1768677749\n|switch|p1a: Rhydon|Rhydon|82/100\n|move|p2a: Tauros|Body Slam|p1a: Rhydon\n|-resisted|p1a: Rhydon\n|-damage|p1a: Rhydon|72/100\n|\n|upkeep\n|turn|55\n|\n|t:|1768677757\n|move|p2a: Tauros|Blizzard|p1a: Rhydon\n|-supereffective|p1a: Rhydon\n|-damage|p1a: Rhydon|13/100\n|move|p1a: Rhydon|Body Slam|p2a: Tauros\n|-damage|p2a: Tauros|0 fnt\n|faint|p2a: Tauros\n|\n|t:|1768677768\n|switch|p2a: Starmie|Starmie|100/100\n|turn|56\n|inactive|sadisticnarwhal has 240 seconds left.\n|inactive|sadisticnarwhal has 210 seconds left.\n|inactive|sadisticnarwhal has 180 seconds left.\n|inactive|sadisticnarwhal has 150 seconds left.\n|inactive|sadisticnarwhal has 120 seconds left.\n|inactive|sadisticnarwhal has 90 seconds left.\n|inactive|sadisticnarwhal has 60 seconds left.\n|\n|t:|1768677971\n|switch|p1a: Starmie|Starmie|65/100 slp\n|move|p2a: Starmie|Psychic|p1a: Starmie\n|-resisted|p1a: Starmie\n|-damage|p1a: Starmie|48/100 slp\n|-unboost|p1a: Starmie|spa|1\n|-unboost|p1a: Starmie|spd|1\n|\n|upkeep\n|turn|57\n|inactive|Girls See Ghosts has 60 seconds left.\n|\n|t:|1768677981\n|move|p2a: Starmie|Psychic|p1a: Starmie\n|-resisted|p1a: Starmie\n|-damage|p1a: Starmie|22/100 slp\n|-curestatus|p1a: Starmie|slp|[msg]\n|\n|upkeep\n|turn|58\n|inactive|Girls See Ghosts has 60 seconds left.\n|inactive|sadisticnarwhal has 60 seconds left.\n|inactive|sadisticnarwhal has 30 seconds left.\n|inactive|sadisticnarwhal has 20 seconds left.\n|inactive|sadisticnarwhal has 15 seconds left.\n|inactive|sadisticnarwhal has 10 seconds left.\n|\n|t:|1768678046\n|switch|p1a: Snorlax|Snorlax|31/100\n|move|p2a: Starmie|Psychic|p1a: Snorlax\n|-crit|p1a: Snorlax\n|-damage|p1a: Snorlax|0 fnt\n|faint|p1a: Snorlax\n|inactive|sadisticnarwhal has 15 seconds left this turn.\n|\n|t:|1768678049\n|switch|p1a: Starmie|Starmie|22/100\n|turn|59\n|inactive|sadisticnarwhal has 25 seconds left this turn.\n|inactive|sadisticnarwhal has 20 seconds left.\n|\n|t:|1768678056\n|move|p2a: Starmie|Thunder Wave|p1a: Starmie\n|-status|p1a: Starmie|par\n|cant|p1a: Starmie|par\n|\n|upkeep\n|turn|60\n|inactive|sadisticnarwhal has 30 seconds left this turn.\n|inactive|Girls See Ghosts has 30 seconds left.\n|\n|t:|1768678084\n|switch|p2a: Zapdos|Zapdos|44/100\n|move|p1a: Starmie|Recover|p1a: Starmie\n|-heal|p1a: Starmie|72/100 par\n|\n|upkeep\n|turn|61\n|inactive|sadisticnarwhal has 30 seconds left.\n|\n|t:|1768678097\n|switch|p1a: Rhydon|Rhydon|13/100\n|move|p2a: Zapdos|Drill Peck|p1a: Rhydon\n|-resisted|p1a: Rhydon\n|-damage|p1a: Rhydon|4/100\n|\n|upkeep\n|turn|62\n|\n|t:|1768678102\n|move|p2a: Zapdos|Drill Peck|p1a: Rhydon\n|-resisted|p1a: Rhydon\n|-damage|p1a: Rhydon|0 fnt\n|faint|p1a: Rhydon\n|\n|t:|1768678104\n|switch|p1a: Tauros|Tauros|38/100\n|turn|63\n|inactive|Girls See Ghosts has 60 seconds left.\n|inactive|Girls See Ghosts has 30 seconds left.\n|inactive|Girls See Ghosts has 20 seconds left.\n|\n|t:|1768678149\n|switch|p2a: Chansey|Chansey|37/100 frz\n|move|p1a: Tauros|Hyper Beam|p2a: Chansey\n|-damage|p2a: Chansey|0 fnt\n|faint|p2a: Chansey\n|inactive|Girls See Ghosts has 25 seconds left this turn.\n|\n|t:|1768678153\n|switch|p2a: Starmie|Starmie|100/100\n|turn|64\n|\n|t:|1768678158\n|switch|p1a: Starmie|Starmie|72/100 par\n|move|p2a: Starmie|Thunder Wave|p1a: Starmie\n|-fail|p1a: Starmie|par\n|\n|upkeep\n|turn|65\n|\n|t:|1768678161\n|move|p2a: Starmie|Psychic|p1a: Starmie\n|-crit|p1a: Starmie\n|-resisted|p1a: Starmie\n|-damage|p1a: Starmie|41/100 par\n|cant|p1a: Starmie|par\n|\n|upkeep\n|turn|66\n|\n|t:|1768678171\n|move|p2a: Starmie|Psychic|p1a: Starmie\n|-crit|p1a: Starmie\n|-resisted|p1a: Starmie\n|-damage|p1a: Starmie|7/100 par\n|move|p1a: Starmie|Recover|p1a: Starmie\n|-heal|p1a: Starmie|57/100 par\n|\n|upkeep\n|turn|67\n|inactive|sadisticnarwhal has 90 seconds left.\n|\n|t:|1768678177\n|move|p2a: Starmie|Psychic|p1a: Starmie\n|-crit|p1a: Starmie\n|-resisted|p1a: Starmie\n|-damage|p1a: Starmie|24/100 par\n|move|p1a: Starmie|Thunder Wave|p2a: Starmie\n|-status|p2a: Starmie|par\n|\n|upkeep\n|turn|68\n|inactive|Girls See Ghosts has 60 seconds left.\n|inactive|sadisticnarwhal has 90 seconds left.\n|\n|t:|1768678192\n|move|p1a: Starmie|Recover|p1a: Starmie\n|-heal|p1a: Starmie|74/100 par\n|move|p2a: Starmie|Psychic|p1a: Starmie\n|-resisted|p1a: Starmie\n|-damage|p1a: Starmie|57/100 par\n|-unboost|p1a: Starmie|spa|1\n|-unboost|p1a: Starmie|spd|1\n|\n|upkeep\n|turn|69\n|\n|t:|1768678198\n|move|p2a: Starmie|Psychic|p1a: Starmie\n|-resisted|p1a: Starmie\n|-damage|p1a: Starmie|32/100 par\n|move|p1a: Starmie|Psychic|p2a: Starmie\n|-resisted|p2a: Starmie\n|-damage|p2a: Starmie|89/100 par\n|-unboost|p2a: Starmie|spa|1\n|-unboost|p2a: Starmie|spd|1\n|\n|upkeep\n|turn|70\n|\n|t:|1768678204\n|switch|p2a: Zapdos|Zapdos|44/100\n|move|p1a: Starmie|Recover|p1a: Starmie\n|-heal|p1a: Starmie|82/100 par\n|\n|upkeep\n|turn|71\n|\n|t:|1768678211\n|move|p2a: Zapdos|Agility|p2a: Zapdos\n|-boost|p2a: Zapdos|spe|2\n|move|p1a: Starmie|Thunder Wave|p2a: Zapdos\n|-status|p2a: Zapdos|par\n|\n|upkeep\n|turn|72\n|\n|t:|1768678217\n|cant|p2a: Zapdos|par\n|move|p1a: Starmie|Blizzard|p2a: Zapdos\n|-supereffective|p2a: Zapdos\n|-damage|p2a: Zapdos|16/100 par\n|\n|upkeep\n|turn|73\n|\n|t:|1768678243\n|move|p2a: Zapdos|Thunderbolt|p1a: Starmie\n|-crit|p1a: Starmie\n|-supereffective|p1a: Starmie\n|-damage|p1a: Starmie|0 fnt\n|faint|p1a: Starmie\n|\n|t:|1768678244\n|switch|p1a: Tauros|Tauros|38/100\n|turn|74\n|\n|t:|1768678247\n|move|p1a: Tauros|Body Slam|p2a: Zapdos\n|-crit|p2a: Zapdos\n|-damage|p2a: Zapdos|0 fnt\n|faint|p2a: Zapdos\n|\n|t:|1768678249\n|switch|p2a: Starmie|Starmie|89/100 par\n|turn|75\n|inactive|sadisticnarwhal has 120 seconds left.\n|\n|t:|1768678258\n|move|p1a: Tauros|Thunderbolt|p2a: Starmie\n|-supereffective|p2a: Starmie\n|-damage|p2a: Starmie|52/100 par\n|move|p2a: Starmie|Thunder Wave|p1a: Tauros\n|-status|p1a: Tauros|par\n|\n|upkeep\n|turn|76\n|inactive|Girls See Ghosts has 120 seconds left.\n|inactive|sadisticnarwhal has 120 seconds left.\n|\n|t:|1768678275\n|move|p2a: Starmie|Recover|p2a: Starmie\n|-heal|p2a: Starmie|100/100 par\n|move|p1a: Tauros|Thunderbolt|p2a: Starmie\n|-crit|p2a: Starmie\n|-supereffective|p2a: Starmie\n|-damage|p2a: Starmie|24/100 par\n|\n|upkeep\n|turn|77\n|inactive|Girls See Ghosts has 120 seconds left.\n|\n|t:|1768678281\n|move|p2a: Starmie|Recover|p2a: Starmie\n|-heal|p2a: Starmie|74/100 par\n|move|p1a: Tauros|Thunderbolt|p2a: Starmie\n|-supereffective|p2a: Starmie\n|-damage|p2a: Starmie|38/100 par\n|\n|upkeep\n|turn|78\n|\n|t:|1768678286\n|cant|p2a: Starmie|par\n|move|p1a: Tauros|Thunderbolt|p2a: Starmie\n|-supereffective|p2a: Starmie\n|-damage|p2a: Starmie|0 fnt\n|faint|p2a: Starmie\n|\n|win|sadisticnarwhal\n|c|☆Girls See Ghosts|gg\n|c|☆sadisticnarwhal|gg\n|player|p1|\n","uploadtime":1768678286,"views":"1442","formatid":"gen1ou","rating":null,"private":0,"password":null}