{"id":"smogtours-gen1ou-945403","format":"[Gen 1] OU","players":["Soda Krys","YBW"],"log":"|inactive|Battle timer is ON: inactive players will automatically lose when time's up.\n|t:|1781200480\n|gametype|singles\n|player|p1|Soda Krys|gwynn|\n|player|p2|YBW|#rbtt9moons|\n|gen|1\n|tier|[Gen 1] OU\n|rule|Desync Clause Mod: Desyncs changed to move failure.\n|rule|HP Percentage Mod: HP is shown in percentages\n|rule|Endless Battle Clause: Forcing endless battles is banned\n|rule|Sleep Clause Mod: Limit one foe put to sleep\n|rule|Freeze Clause Mod: Limit one foe frozen\n|rule|Species Clause: Limit one of each Pokémon\n|rule|OHKO Clause: OHKO moves are banned\n|rule|Evasion Moves Clause: Evasion moves are banned\n|\n|t:|1781200480\n|teamsize|p1|6\n|teamsize|p2|6\n|start\n|switch|p1a: Jynx|Jynx|100/100\n|switch|p2a: Alakazam|Alakazam|100/100\n|turn|1\n|c|☆YBW|hf\n|c|☆Soda Krys|hf\n|\n|t:|1781200500\n|move|p2a: Alakazam|Thunder Wave|p1a: Jynx\n|-status|p1a: Jynx|par\n|move|p1a: Jynx|Lovely Kiss|p2a: Alakazam\n|-status|p2a: Alakazam|slp|[from] move: Lovely Kiss\n|\n|upkeep\n|turn|2\n|\n|t:|1781200509\n|switch|p2a: Chansey|Chansey|100/100\n|move|p1a: Jynx|Blizzard|p2a: Chansey\n|-damage|p2a: Chansey|81/100\n|\n|upkeep\n|turn|3\n|\n|t:|1781200515\n|move|p2a: Chansey|Thunderbolt|p1a: Jynx\n|-damage|p1a: Jynx|77/100 par\n|cant|p1a: Jynx|par\n|\n|upkeep\n|turn|4\n|\n|t:|1781200520\n|move|p2a: Chansey|Thunderbolt|p1a: Jynx\n|-damage|p1a: Jynx|52/100 par\n|move|p1a: Jynx|Blizzard|p2a: Chansey\n|-damage|p2a: Chansey|61/100\n|\n|upkeep\n|turn|5\n|\n|t:|1781200526\n|switch|p1a: Chansey|Chansey|100/100\n|move|p2a: Chansey|Soft-Boiled|p2a: Chansey\n|-heal|p2a: Chansey|100/100\n|\n|upkeep\n|turn|6\n|\n|t:|1781200538\n|move|p2a: Chansey|Ice Beam|p1a: Chansey\n|-crit|p1a: Chansey\n|-damage|p1a: Chansey|81/100\n|-status|p1a: Chansey|frz\n|cant|p1a: Chansey|frz\n|\n|upkeep\n|turn|7\n|c|☆YBW|mb\n|\n|t:|1781200550\n|cant|p1a: Chansey|frz\n|move|p2a: Chansey|Thunderbolt|p1a: Chansey\n|-damage|p1a: Chansey|70/100 frz\n|\n|upkeep\n|turn|8\n|\n|t:|1781200558\n|move|p2a: Chansey|Thunderbolt|p1a: Chansey\n|-damage|p1a: Chansey|60/100 frz\n|cant|p1a: Chansey|frz\n|\n|upkeep\n|turn|9\n|\n|t:|1781200565\n|switch|p1a: Rhydon|Rhydon|100/100\n|move|p2a: Chansey|Thunderbolt|p1a: Rhydon\n|-immune|p1a: Rhydon\n|\n|upkeep\n|turn|10\n|\n|t:|1781200570\n|switch|p1a: Starmie|Starmie|100/100\n|move|p2a: Chansey|Thunderbolt|p1a: Starmie\n|-supereffective|p1a: Starmie\n|-damage|p1a: Starmie|53/100\n|\n|upkeep\n|turn|11\n|\n|t:|1781200579\n|move|p1a: Starmie|Thunder Wave|p2a: Chansey\n|-status|p2a: Chansey|par\n|move|p2a: Chansey|Thunder Wave|p1a: Starmie\n|-status|p1a: Starmie|par\n|\n|upkeep\n|turn|12\n|\n|t:|1781200584\n|move|p1a: Starmie|Recover|p1a: Starmie\n|-heal|p1a: Starmie|100/100 par\n|move|p2a: Chansey|Thunderbolt|p1a: Starmie\n|-supereffective|p1a: Starmie\n|-damage|p1a: Starmie|55/100 par\n|\n|upkeep\n|turn|13\n|\n|t:|1781200588\n|move|p1a: Starmie|Recover|p1a: Starmie\n|-heal|p1a: Starmie|100/100 par\n|move|p2a: Chansey|Thunderbolt|p1a: Starmie\n|-supereffective|p1a: Starmie\n|-damage|p1a: Starmie|52/100 par\n|\n|upkeep\n|turn|14\n|\n|t:|1781200592\n|move|p1a: Starmie|Recover|p1a: Starmie\n|-heal|p1a: Starmie|100/100 par\n|move|p2a: Chansey|Thunderbolt|p1a: Starmie\n|-supereffective|p1a: Starmie\n|-damage|p1a: Starmie|49/100 par\n|\n|upkeep\n|turn|15\n|\n|t:|1781200597\n|cant|p1a: Starmie|par\n|move|p2a: Chansey|Thunderbolt|p1a: Starmie\n|-supereffective|p1a: Starmie\n|-damage|p1a: Starmie|2/100 par\n|\n|upkeep\n|turn|16\n|\n|t:|1781200602\n|cant|p1a: Starmie|par\n|move|p2a: Chansey|Thunderbolt|p1a: Starmie\n|-supereffective|p1a: Starmie\n|-damage|p1a: Starmie|0 fnt\n|faint|p1a: Starmie\n|\n|t:|1781200605\n|switch|p1a: Tauros|Tauros|100/100\n|turn|17\n|\n|t:|1781200609\n|move|p1a: Tauros|Body Slam|p2a: Chansey\n|-damage|p2a: Chansey|60/100 par\n|move|p2a: Chansey|Thunder Wave|p1a: Tauros\n|-status|p1a: Tauros|par\n|\n|upkeep\n|turn|18\n|\n|t:|1781200615\n|switch|p2a: Snorlax|Snorlax|100/100\n|cant|p1a: Tauros|par\n|\n|upkeep\n|turn|19\n|\n|t:|1781200620\n|switch|p1a: Snorlax|Snorlax|100/100\n|move|p2a: Snorlax|Earthquake|p1a: Snorlax\n|-damage|p1a: Snorlax|80/100\n|\n|upkeep\n|turn|20\n|\n|t:|1781200626\n|move|p1a: Snorlax|Body Slam|p2a: Snorlax\n|-crit|p2a: Snorlax\n|-damage|p2a: Snorlax|53/100\n|move|p2a: Snorlax|Self-Destruct|p1a: Snorlax\n|-damage|p1a: Snorlax|2/100\n|faint|p2a: Snorlax\n|\n|t:|1781200633\n|switch|p2a: Tauros|Tauros|100/100\n|turn|21\n|\n|t:|1781200637\n|move|p2a: Tauros|Body Slam|p1a: Snorlax\n|-damage|p1a: Snorlax|0 fnt\n|faint|p1a: Snorlax\n|\n|t:|1781200638\n|switch|p1a: Tauros|Tauros|100/100 par\n|turn|22\n|\n|t:|1781200649\n|move|p2a: Tauros|Body Slam|p1a: Tauros\n|-damage|p1a: Tauros|71/100 par\n|move|p1a: Tauros|Body Slam|p2a: Tauros\n|-damage|p2a: Tauros|73/100\n|\n|upkeep\n|turn|23\n|\n|t:|1781200655\n|move|p2a: Tauros|Body Slam|p1a: Tauros\n|-crit|p1a: Tauros\n|-damage|p1a: Tauros|10/100 par\n|cant|p1a: Tauros|par\n|\n|upkeep\n|turn|24\n|c|☆Soda Krys|yeah whatever gg\n|-message|Soda Krys forfeited.\n|\n|win|YBW\n|c|☆YBW|unplayable ye\n|c|☆YBW|mb\n|c|☆YBW|gg\n","uploadtime":1781200664,"views":"149","formatid":"gen1ou","rating":null,"private":0,"password":null}