{"id":"smogtours-gen1ou-960333","format":"[Gen 1] OU","players":["Soda Krys","marcoasd"],"log":"|inactive|Battle timer is ON: inactive players will automatically lose when time's up.\n|t:|1785447677\n|gametype|singles\n|player|p1|Soda Krys|gwynn|\n|player|p2|marcoasd|2|\n|gen|1\n|tier|[Gen 1] OU\n|rule|Desync Clause Mod: Desyncs resolve to link battle behavior from the acting player's perspective.\n|rule|HP Percentage Mod: HP is shown in percentages\n|rule|Endless Battle Clause: Forcing endless battles is banned\n|rule|Sleep Clause Mod: Limit one foe put to sleep\n|rule|Freeze Clause Mod: Limit one foe frozen\n|rule|Species Clause: Limit one of each Pokémon\n|rule|OHKO Clause: OHKO moves are banned\n|rule|Evasion Moves Clause: Evasion moves are banned\n|\n|t:|1785447677\n|teamsize|p1|6\n|teamsize|p2|6\n|start\n|switch|p1a: Gengar|Gengar|100/100\n|switch|p2a: Alakazam|Alakazam|100/100\n|turn|1\n|\n|t:|1785447684\n|switch|p1a: Jynx|Jynx|100/100\n|move|p2a: Alakazam|Psychic|p1a: Jynx\n|-resisted|p1a: Jynx\n|-damage|p1a: Jynx|79/100\n|\n|upkeep\n|turn|2\n|\n|t:|1785447687\n|move|p2a: Alakazam|Thunder Wave|p1a: Jynx\n|-status|p1a: Jynx|par\n|cant|p1a: Jynx|par\n|\n|upkeep\n|turn|3\n|\n|t:|1785447691\n|move|p2a: Alakazam|Seismic Toss|p1a: Jynx\n|-damage|p1a: Jynx|49/100 par\n|move|p1a: Jynx|Lovely Kiss|p2a: Alakazam|[miss]\n|-miss|p1a: Jynx\n|\n|upkeep\n|turn|4\n|\n|t:|1785447697\n|move|p2a: Alakazam|Seismic Toss|p1a: Jynx\n|-damage|p1a: Jynx|19/100 par\n|cant|p1a: Jynx|par\n|\n|upkeep\n|turn|5\n|\n|t:|1785447714\n|switch|p1a: Chansey|Chansey|100/100\n|move|p2a: Alakazam|Seismic Toss|p1a: Chansey\n|-damage|p1a: Chansey|86/100\n|\n|upkeep\n|turn|6\n|\n|t:|1785447731\n|move|p2a: Alakazam|Psychic|p1a: Chansey\n|-damage|p1a: Chansey|68/100\n|-unboost|p1a: Chansey|spa|1\n|-unboost|p1a: Chansey|spd|1\n|move|p1a: Chansey|Thunder Wave|p2a: Alakazam\n|-status|p2a: Alakazam|par\n|\n|upkeep\n|turn|7\n|\n|t:|1785447741\n|move|p1a: Chansey|Soft-Boiled|p1a: Chansey\n|-heal|p1a: Chansey|100/100\n|move|p2a: Alakazam|Thunder Wave|p1a: Chansey\n|-status|p1a: Chansey|par\n|\n|upkeep\n|turn|8\n|\n|t:|1785447746\n|switch|p1a: Snorlax|Snorlax|100/100\n|move|p2a: Alakazam|Psychic|p1a: Snorlax\n|-damage|p1a: Snorlax|66/100\n|\n|upkeep\n|turn|9\n|\n|t:|1785447760\n|switch|p2a: Cloyster|Cloyster|100/100\n|move|p1a: Snorlax|Body Slam|p2a: Cloyster\n|-damage|p2a: Cloyster|79/100\n|\n|upkeep\n|turn|10\n|\n|t:|1785447763\n|switch|p1a: Gengar|Gengar|100/100\n|move|p2a: Cloyster|Blizzard|p1a: Gengar|[miss]\n|-miss|p2a: Cloyster\n|\n|upkeep\n|turn|11\n|\n|t:|1785447768\n|switch|p1a: Snorlax|Snorlax|66/100\n|switch|p2a: Chansey|Chansey|100/100\n|\n|upkeep\n|turn|12\n|\n|t:|1785447772\n|switch|p1a: Chansey|Chansey|100/100 par\n|move|p2a: Chansey|Thunder Wave|p1a: Chansey\n|-fail|p1a: Chansey|par\n|\n|upkeep\n|turn|13\n|\n|t:|1785447777\n|switch|p2a: Alakazam|Alakazam|100/100 par\n|switch|p1a: Snorlax|Snorlax|66/100\n|\n|upkeep\n|turn|14\n|\n|t:|1785447787\n|switch|p2a: Chansey|Chansey|100/100\n|move|p1a: Snorlax|Body Slam|p2a: Chansey\n|-damage|p2a: Chansey|58/100\n|\n|upkeep\n|turn|15\n|\n|t:|1785447790\n|move|p2a: Chansey|Soft-Boiled|p2a: Chansey\n|-heal|p2a: Chansey|100/100\n|move|p1a: Snorlax|Hyper Beam|p2a: Chansey|[miss]\n|-miss|p1a: Snorlax\n|\n|upkeep\n|turn|16\n|\n|t:|1785447796\n|switch|p2a: Snorlax|Snorlax|100/100\n|switch|p1a: Chansey|Chansey|100/100 par\n|\n|upkeep\n|turn|17\n|\n|t:|1785447802\n|move|p2a: Snorlax|Earthquake|p1a: Chansey\n|-damage|p1a: Chansey|70/100 par\n|move|p1a: Chansey|Thunder Wave|p2a: Snorlax\n|-status|p2a: Snorlax|par\n|\n|upkeep\n|turn|18\n|\n|t:|1785447808\n|move|p2a: Snorlax|Body Slam|p1a: Chansey\n|-damage|p1a: Chansey|27/100 par\n|move|p1a: Chansey|Counter|p2a: Snorlax\n|-damage|p2a: Snorlax|0 fnt\n|faint|p2a: Snorlax\n|\n|t:|1785447815\n|switch|p2a: Tauros|Tauros|100/100\n|turn|19\n|\n|t:|1785447820\n|switch|p1a: Exeggutor|Exeggutor|100/100\n|move|p2a: Tauros|Earthquake|p1a: Exeggutor\n|-resisted|p1a: Exeggutor\n|-damage|p1a: Exeggutor|89/100\n|\n|upkeep\n|turn|20\n|\n|t:|1785447829\n|switch|p1a: Snorlax|Snorlax|66/100\n|move|p2a: Tauros|Body Slam|p1a: Snorlax\n|-damage|p1a: Snorlax|40/100\n|\n|upkeep\n|turn|21\n|\n|t:|1785447835\n|move|p2a: Tauros|Hyper Beam|p1a: Snorlax\n|-damage|p1a: Snorlax|0 fnt\n|faint|p1a: Snorlax\n|\n|t:|1785447837\n|switch|p1a: Gengar|Gengar|100/100\n|turn|22\n|\n|t:|1785447843\n|switch|p1a: Tauros|Tauros|100/100\n|switch|p2a: Alakazam|Alakazam|100/100 par\n|\n|upkeep\n|turn|23\n|\n|t:|1785447846\n|move|p1a: Tauros|Hyper Beam|p2a: Alakazam\n|-damage|p2a: Alakazam|13/100 par\n|-mustrecharge|p1a: Tauros\n|move|p2a: Alakazam|Thunder Wave|p1a: Tauros|[miss]\n|-miss|p2a: Alakazam\n|-hint|In Gen 1, moves with 100% accuracy can still miss 1/256 of the time.\n|\n|upkeep\n|turn|24\n|\n|t:|1785447857\n|cant|p1a: Tauros|recharge\n|move|p2a: Alakazam|Thunder Wave|p1a: Tauros\n|-status|p1a: Tauros|par\n|\n|upkeep\n|turn|25\n|\n|t:|1785447868\n|move|p2a: Alakazam|Psychic|p1a: Tauros\n|-damage|p1a: Tauros|57/100 par\n|move|p1a: Tauros|Hyper Beam|p2a: Alakazam|[miss]\n|-miss|p1a: Tauros\n|\n|upkeep\n|turn|26\n|\n|t:|1785447877\n|move|p2a: Alakazam|Psychic|p1a: Tauros\n|-crit|p1a: Tauros\n|-damage|p1a: Tauros|0 fnt\n|faint|p1a: Tauros\n|\n|t:|1785447878\n|switch|p1a: Exeggutor|Exeggutor|89/100\n|turn|27\n|\n|t:|1785447892\n|switch|p2a: Exeggutor|Exeggutor|100/100\n|move|p1a: Exeggutor|Psychic|p2a: Exeggutor\n|-resisted|p2a: Exeggutor\n|-damage|p2a: Exeggutor|88/100\n|-unboost|p2a: Exeggutor|spa|1\n|-unboost|p2a: Exeggutor|spd|1\n|\n|upkeep\n|turn|28\n|\n|t:|1785447900\n|switch|p1a: Jynx|Jynx|19/100 par\n|switch|p2a: Alakazam|Alakazam|13/100 par\n|\n|upkeep\n|turn|29\n|\n|t:|1785447911\n|cant|p2a: Alakazam|par\n|cant|p1a: Jynx|par\n|\n|upkeep\n|turn|30\n|\n|t:|1785447915\n|move|p2a: Alakazam|Recover|p2a: Alakazam\n|-heal|p2a: Alakazam|62/100 par\n|move|p1a: Jynx|Blizzard|p2a: Alakazam\n|-damage|p2a: Alakazam|27/100 par\n|\n|upkeep\n|turn|31\n|\n|t:|1785447921\n|move|p2a: Alakazam|Recover|p2a: Alakazam\n|-heal|p2a: Alakazam|77/100 par\n|move|p1a: Jynx|Rest|p1a: Jynx\n|-status|p1a: Jynx|slp|[from] move: Rest\n|-heal|p1a: Jynx|100/100 slp|[silent]\n|\n|upkeep\n|turn|32\n|\n|t:|1785447929\n|switch|p2a: Tauros|Tauros|100/100\n|cant|p1a: Jynx|slp\n|\n|upkeep\n|turn|33\n|\n|t:|1785447940\n|switch|p1a: Exeggutor|Exeggutor|89/100\n|move|p2a: Tauros|Earthquake|p1a: Exeggutor\n|-resisted|p1a: Exeggutor\n|-damage|p1a: Exeggutor|77/100\n|\n|upkeep\n|turn|34\n|\n|t:|1785447962\n|switch|p2a: Alakazam|Alakazam|77/100 par\n|move|p1a: Exeggutor|Stun Spore|p2a: Alakazam\n|-fail|p2a: Alakazam|par\n|\n|upkeep\n|turn|35\n|\n|t:|1785447967\n|move|p1a: Exeggutor|Psychic|p2a: Alakazam\n|-resisted|p2a: Alakazam\n|-damage|p2a: Alakazam|60/100 par\n|cant|p2a: Alakazam|par\n|\n|upkeep\n|turn|36\n|\n|t:|1785447974\n|move|p1a: Exeggutor|Psychic|p2a: Alakazam\n|-resisted|p2a: Alakazam\n|-damage|p2a: Alakazam|43/100 par\n|move|p2a: Alakazam|Recover|p2a: Alakazam\n|-heal|p2a: Alakazam|93/100 par\n|\n|upkeep\n|turn|37\n|\n|t:|1785447980\n|move|p1a: Exeggutor|Psychic|p2a: Alakazam\n|-crit|p2a: Alakazam\n|-resisted|p2a: Alakazam\n|-damage|p2a: Alakazam|62/100 par\n|move|p2a: Alakazam|Thunder Wave|p1a: Exeggutor\n|-status|p1a: Exeggutor|par\n|\n|upkeep\n|turn|38\n|\n|t:|1785447988\n|move|p2a: Alakazam|Seismic Toss|p1a: Exeggutor\n|-damage|p1a: Exeggutor|52/100 par\n|move|p1a: Exeggutor|Psychic|p2a: Alakazam\n|-resisted|p2a: Alakazam\n|-damage|p2a: Alakazam|46/100 par\n|\n|upkeep\n|turn|39\n|\n|t:|1785447997\n|move|p2a: Alakazam|Seismic Toss|p1a: Exeggutor\n|-damage|p1a: Exeggutor|26/100 par\n|cant|p1a: Exeggutor|par\n|\n|upkeep\n|turn|40\n|\n|t:|1785448023\n|move|p2a: Alakazam|Psychic|p1a: Exeggutor\n|-resisted|p1a: Exeggutor\n|-damage|p1a: Exeggutor|11/100 par\n|move|p1a: Exeggutor|Rest|p1a: Exeggutor\n|-status|p1a: Exeggutor|slp|[from] move: Rest\n|-heal|p1a: Exeggutor|100/100 slp|[silent]\n|\n|upkeep\n|turn|41\n|\n|t:|1785448031\n|switch|p1a: Gengar|Gengar|100/100\n|move|p2a: Alakazam|Recover|p2a: Alakazam\n|-heal|p2a: Alakazam|96/100 par\n|\n|upkeep\n|turn|42\n|\n|t:|1785448038\n|move|p1a: Gengar|Explosion|p2a: Alakazam\n|-crit|p2a: Alakazam\n|-damage|p2a: Alakazam|0 fnt\n|faint|p2a: Alakazam\n|faint|p1a: Gengar\n|\n|t:|1785448056\n|switch|p1a: Exeggutor|Exeggutor|100/100 slp\n|switch|p2a: Tauros|Tauros|100/100\n|turn|43\n|\n|t:|1785448060\n|move|p2a: Tauros|Body Slam|p1a: Exeggutor\n|-damage|p1a: Exeggutor|74/100 slp\n|cant|p1a: Exeggutor|slp\n|\n|upkeep\n|turn|44\n|\n|t:|1785448065\n|move|p2a: Tauros|Body Slam|p1a: Exeggutor\n|-damage|p1a: Exeggutor|47/100 slp\n|-curestatus|p1a: Exeggutor|slp|[msg]\n|\n|upkeep\n|turn|45\n|inactive|marcoasd has 270 seconds left.\n|\n|t:|1785448096\n|move|p2a: Tauros|Hyper Beam|p1a: Exeggutor\n|-damage|p1a: Exeggutor|0 fnt\n|faint|p1a: Exeggutor\n|-message|Soda Krys forfeited.\n|\n|win|marcoasd\n|c|☆marcoasd|ggs\n|c|☆Soda Krys|gg\n|player|p1|\n","uploadtime":1785448097,"views":"90","formatid":"gen1ou","rating":null,"private":0,"password":null}