{"id":"smogtours-gen1ou-822921","format":"[Gen 1] OU","players":["shiloh","chuva de perereca"],"log":"|inactive|Battle timer is ON: inactive players will automatically lose when time's up.\n|t:|1740938697\n|gametype|singles\n|player|p1|shiloh|#splxvitigers2|\n|player|p2|chuva de perereca|lyra|\n|teamsize|p1|6\n|teamsize|p2|6\n|gen|1\n|tier|[Gen 1] OU\n|rule|Desync Clause Mod: Desyncs changed to move failure.\n|rule|Sleep Clause Mod: Limit one foe put to sleep\n|rule|Freeze Clause Mod: Limit one foe frozen\n|rule|Species Clause: Limit one of each Pokémon\n|rule|OHKO Clause: OHKO moves are banned\n|rule|Evasion Moves Clause: Evasion moves are banned\n|rule|Endless Battle Clause: Forcing endless battles is banned\n|rule|HP Percentage Mod: HP is shown in percentages\n|\n|t:|1740938697\n|start\n|switch|p1a: DOMINION|Alakazam|100/100\n|switch|p2a: Alakazam|Alakazam|100/100\n|turn|1\n|c|☆chuva de perereca|hf\n|rated|Smogon Premier League\n|\n|t:|1740938706\n|switch|p1a: DEVOTION|Exeggutor|100/100\n|move|p2a: Alakazam|Seismic Toss|p1a: DEVOTION\n|-damage|p1a: DEVOTION|75/100\n|\n|upkeep\n|turn|2\n|\n|t:|1740938708\n|move|p2a: Alakazam|Thunder Wave|p1a: DEVOTION\n|-status|p1a: DEVOTION|par\n|cant|p1a: DEVOTION|par\n|\n|upkeep\n|turn|3\n|\n|t:|1740938710\n|move|p2a: Alakazam|Seismic Toss|p1a: DEVOTION\n|-damage|p1a: DEVOTION|50/100 par\n|move|p1a: DEVOTION|Sleep Powder|p2a: Alakazam\n|-status|p2a: Alakazam|slp|[from] move: Sleep Powder\n|\n|upkeep\n|turn|4\n|\n|t:|1740938715\n|switch|p2a: Snorlax|Snorlax|100/100\n|switch|p1a: STORMBLESSED|Tauros|100/100\n|\n|upkeep\n|turn|5\n|\n|t:|1740938720\n|move|p1a: STORMBLESSED|Body Slam|p2a: Snorlax\n|-damage|p2a: Snorlax|74/100\n|move|p2a: Snorlax|Body Slam|p1a: STORMBLESSED\n|-damage|p1a: STORMBLESSED|68/100\n|\n|upkeep\n|turn|6\n|\n|t:|1740938725\n|move|p1a: STORMBLESSED|Body Slam|p2a: Snorlax\n|-crit|p2a: Snorlax\n|-damage|p2a: Snorlax|28/100\n|move|p2a: Snorlax|Self-Destruct|p1a: STORMBLESSED\n|-damage|p1a: STORMBLESSED|0 fnt\n|faint|p1a: STORMBLESSED\n|faint|p2a: Snorlax\n|\n|t:|1740938739\n|switch|p1a: DOMINION|Alakazam|100/100\n|switch|p2a: Exeggutor|Exeggutor|100/100\n|turn|7\n|\n|t:|1740938743\n|switch|p1a: DEVOTION|Exeggutor|50/100 par\n|move|p2a: Exeggutor|Sleep Powder|p1a: DEVOTION|[miss]\n|-miss|p2a: Exeggutor\n|\n|upkeep\n|turn|8\n|\n|t:|1740938747\n|move|p2a: Exeggutor|Psychic|p1a: DEVOTION\n|-crit|p1a: DEVOTION\n|-resisted|p1a: DEVOTION\n|-damage|p1a: DEVOTION|25/100 par\n|move|p1a: DEVOTION|Stun Spore|p2a: Exeggutor\n|-status|p2a: Exeggutor|par\n|\n|upkeep\n|turn|9\n|\n|t:|1740938751\n|switch|p2a: Alakazam|Alakazam|100/100 slp\n|move|p1a: DEVOTION|Explosion|p2a: Alakazam\n|-damage|p2a: Alakazam|0 fnt\n|faint|p2a: Alakazam\n|faint|p1a: DEVOTION\n|\n|t:|1740938765\n|switch|p2a: Exeggutor|Exeggutor|100/100 par\n|switch|p1a: DOMINION|Alakazam|100/100\n|turn|10\n|\n|t:|1740938769\n|move|p1a: DOMINION|Seismic Toss|p2a: Exeggutor\n|-damage|p2a: Exeggutor|75/100 par\n|cant|p2a: Exeggutor|par\n|\n|upkeep\n|turn|11\n|\n|t:|1740938772\n|move|p1a: DOMINION|Seismic Toss|p2a: Exeggutor\n|-damage|p2a: Exeggutor|50/100 par\n|move|p2a: Exeggutor|Sleep Powder|p1a: DOMINION\n|-status|p1a: DOMINION|slp|[from] move: Sleep Powder\n|\n|upkeep\n|turn|12\n|\n|t:|1740938775\n|cant|p1a: DOMINION|slp\n|move|p2a: Exeggutor|Stun Spore|p1a: DOMINION\n|-fail|p1a: DOMINION\n|\n|upkeep\n|turn|13\n|\n|t:|1740938777\n|switch|p2a: Tauros|Tauros|100/100\n|cant|p1a: DOMINION|slp\n|\n|upkeep\n|turn|14\n|\n|t:|1740938778\n|switch|p1a: ENDOWMENT|Snorlax|100/100\n|move|p2a: Tauros|Body Slam|p1a: ENDOWMENT\n|-damage|p1a: ENDOWMENT|76/100\n|\n|upkeep\n|turn|15\n|\n|t:|1740938781\n|move|p2a: Tauros|Earthquake|p1a: ENDOWMENT\n|-damage|p1a: ENDOWMENT|58/100\n|move|p1a: ENDOWMENT|Body Slam|p2a: Tauros\n|-damage|p2a: Tauros|69/100\n|\n|upkeep\n|turn|16\n|\n|t:|1740938784\n|switch|p2a: Rhydon|Rhydon|100/100\n|switch|p1a: AMBITION|Starmie|100/100\n|\n|upkeep\n|turn|17\n|\n|t:|1740938790\n|switch|p2a: Starmie|Starmie|100/100\n|move|p1a: AMBITION|Thunder Wave|p2a: Starmie\n|-status|p2a: Starmie|par\n|\n|upkeep\n|turn|18\n|\n|t:|1740938801\n|move|p1a: AMBITION|Thunderbolt|p2a: Starmie\n|-supereffective|p2a: Starmie\n|-damage|p2a: Starmie|52/100 par\n|cant|p2a: Starmie|par\n|\n|upkeep\n|turn|19\n|\n|t:|1740938805\n|switch|p2a: Exeggutor|Exeggutor|50/100 par\n|move|p1a: AMBITION|Thunderbolt|p2a: Exeggutor\n|-resisted|p2a: Exeggutor\n|-damage|p2a: Exeggutor|42/100 par\n|\n|upkeep\n|turn|20\n|\n|t:|1740938811\n|switch|p1a: ENDOWMENT|Snorlax|58/100\n|cant|p2a: Exeggutor|par\n|\n|upkeep\n|turn|21\n|\n|t:|1740938814\n|switch|p2a: Rhydon|Rhydon|100/100\n|move|p1a: ENDOWMENT|Body Slam|p2a: Rhydon\n|-resisted|p2a: Rhydon\n|-damage|p2a: Rhydon|89/100\n|-status|p2a: Rhydon|par\n|\n|upkeep\n|turn|22\n|\n|t:|1740938823\n|switch|p1a: AMBITION|Starmie|100/100\n|cant|p2a: Rhydon|par\n|\n|upkeep\n|turn|23\n|\n|t:|1740938825\n|switch|p2a: Exeggutor|Exeggutor|42/100 par\n|move|p1a: AMBITION|Surf|p2a: Exeggutor\n|-resisted|p2a: Exeggutor\n|-damage|p2a: Exeggutor|31/100 par\n|\n|upkeep\n|turn|24\n|\n|t:|1740938831\n|switch|p1a: DOMINION|Alakazam|100/100 slp\n|move|p2a: Exeggutor|Rest|p2a: Exeggutor\n|-status|p2a: Exeggutor|slp|[from] move: Rest\n|-heal|p2a: Exeggutor|100/100 slp|[silent]\n|\n|upkeep\n|turn|25\n|\n|t:|1740938833\n|cant|p1a: DOMINION|slp\n|cant|p2a: Exeggutor|slp\n|\n|upkeep\n|turn|26\n|\n|t:|1740938835\n|cant|p1a: DOMINION|slp\n|-curestatus|p2a: Exeggutor|slp|[msg]\n|\n|upkeep\n|turn|27\n|\n|t:|1740938837\n|cant|p1a: DOMINION|slp\n|move|p2a: Exeggutor|Sleep Powder|p1a: DOMINION\n|-fail|p1a: DOMINION|slp\n|\n|upkeep\n|turn|28\n|\n|t:|1740938843\n|switch|p1a: CULTIVATION|Rhydon|100/100\n|move|p2a: Exeggutor|Sleep Powder|p1a: CULTIVATION\n|-message|Sleep Clause Mod activated.\n|-hint|Sleep Clause Mod prevents players from putting more than one of their opponent's Pokémon to sleep at a time\n|\n|upkeep\n|turn|29\n|\n|t:|1740938849\n|switch|p1a: DOMINION|Alakazam|100/100 slp\n|move|p2a: Exeggutor|Psychic|p1a: DOMINION\n|-resisted|p1a: DOMINION\n|-damage|p1a: DOMINION|85/100 slp\n|\n|upkeep\n|turn|30\n|\n|t:|1740938854\n|cant|p1a: DOMINION|slp\n|move|p2a: Exeggutor|Sleep Powder|p1a: DOMINION|[miss]\n|-miss|p2a: Exeggutor\n|\n|upkeep\n|turn|31\n|\n|t:|1740938862\n|-curestatus|p1a: DOMINION|slp|[msg]\n|move|p2a: Exeggutor|Sleep Powder|p1a: DOMINION\n|-status|p1a: DOMINION|slp|[from] move: Sleep Powder\n|\n|upkeep\n|turn|32\n|\n|t:|1740938866\n|cant|p1a: DOMINION|slp\n|move|p2a: Exeggutor|Psychic|p1a: DOMINION\n|-resisted|p1a: DOMINION\n|-damage|p1a: DOMINION|68/100 slp\n|\n|upkeep\n|turn|33\n|\n|t:|1740938868\n|cant|p1a: DOMINION|slp\n|move|p2a: Exeggutor|Psychic|p1a: DOMINION\n|-resisted|p1a: DOMINION\n|-damage|p1a: DOMINION|52/100 slp\n|\n|upkeep\n|turn|34\n|\n|t:|1740938871\n|cant|p1a: DOMINION|slp\n|move|p2a: Exeggutor|Psychic|p1a: DOMINION\n|-resisted|p1a: DOMINION\n|-damage|p1a: DOMINION|34/100 slp\n|-unboost|p1a: DOMINION|spa|1\n|-unboost|p1a: DOMINION|spd|1\n|\n|upkeep\n|turn|35\n|\n|t:|1740938877\n|cant|p1a: DOMINION|slp\n|move|p2a: Exeggutor|Stun Spore|p1a: DOMINION\n|-fail|p1a: DOMINION\n|\n|upkeep\n|turn|36\n|\n|t:|1740938881\n|cant|p1a: DOMINION|slp\n|move|p2a: Exeggutor|Psychic|p1a: DOMINION\n|-resisted|p1a: DOMINION\n|-damage|p1a: DOMINION|9/100 slp\n|\n|upkeep\n|turn|37\n|\n|t:|1740938887\n|switch|p1a: ENDOWMENT|Snorlax|58/100\n|move|p2a: Exeggutor|Stun Spore|p1a: ENDOWMENT\n|-status|p1a: ENDOWMENT|par\n|\n|upkeep\n|turn|38\n|\n|t:|1740938891\n|switch|p2a: Rhydon|Rhydon|89/100 par\n|move|p1a: ENDOWMENT|Reflect|p1a: ENDOWMENT\n|-start|p1a: ENDOWMENT|Reflect\n|\n|upkeep\n|turn|39\n|\n|t:|1740938895\n|move|p2a: Rhydon|Substitute|p2a: Rhydon\n|-start|p2a: Rhydon|Substitute\n|-damage|p2a: Rhydon|64/100 par\n|move|p1a: ENDOWMENT|Rest|p1a: ENDOWMENT\n|-status|p1a: ENDOWMENT|slp|[from] move: Rest\n|-heal|p1a: ENDOWMENT|100/100 slp|[silent]\n|\n|upkeep\n|turn|40\n|\n|t:|1740938897\n|move|p2a: Rhydon|Rest|p2a: Rhydon\n|-status|p2a: Rhydon|slp|[from] move: Rest\n|-heal|p2a: Rhydon|100/100 slp|[silent]\n|cant|p1a: ENDOWMENT|slp\n|\n|upkeep\n|turn|41\n|\n|t:|1740938898\n|cant|p2a: Rhydon|slp\n|-curestatus|p1a: ENDOWMENT|slp|[msg]\n|\n|upkeep\n|turn|42\n|\n|t:|1740938900\n|-curestatus|p2a: Rhydon|slp|[msg]\n|move|p1a: ENDOWMENT|Self-Destruct|p2a: Rhydon\n|-resisted|p2a: Rhydon\n|-end|p2a: Rhydon|Substitute\n|-hint|In Gen 1, the user of Self-Destruct will not take damage if it breaks a Substitute.\n|\n|upkeep\n|turn|43\n|\n|t:|1740938903\n|move|p2a: Rhydon|Substitute|p2a: Rhydon\n|-start|p2a: Rhydon|Substitute\n|-damage|p2a: Rhydon|76/100\n|move|p1a: ENDOWMENT|Body Slam|p2a: Rhydon\n|-resisted|p2a: Rhydon\n|-activate|p2a: Rhydon|Substitute|[damage]\n|\n|upkeep\n|turn|44\n|\n|t:|1740938908\n|move|p2a: Rhydon|Earthquake|p1a: ENDOWMENT\n|-damage|p1a: ENDOWMENT|83/100\n|move|p1a: ENDOWMENT|Self-Destruct|p2a: Rhydon\n|-resisted|p2a: Rhydon\n|-end|p2a: Rhydon|Substitute\n|-hint|In Gen 1, the user of Self-Destruct will not take damage if it breaks a Substitute.\n|\n|upkeep\n|turn|45\n|\n|t:|1740938917\n|move|p2a: Rhydon|Substitute|p2a: Rhydon\n|-start|p2a: Rhydon|Substitute\n|-damage|p2a: Rhydon|51/100\n|move|p1a: ENDOWMENT|Body Slam|p2a: Rhydon\n|-resisted|p2a: Rhydon\n|-activate|p2a: Rhydon|Substitute|[damage]\n|\n|upkeep\n|turn|46\n|\n|t:|1740938922\n|move|p2a: Rhydon|Earthquake|p1a: ENDOWMENT\n|-damage|p1a: ENDOWMENT|66/100\n|move|p1a: ENDOWMENT|Body Slam|p2a: Rhydon\n|-resisted|p2a: Rhydon\n|-activate|p2a: Rhydon|Substitute|[damage]\n|\n|upkeep\n|turn|47\n|\n|t:|1740938926\n|move|p2a: Rhydon|Earthquake|p1a: ENDOWMENT\n|-damage|p1a: ENDOWMENT|49/100\n|move|p1a: ENDOWMENT|Rest|p1a: ENDOWMENT\n|-status|p1a: ENDOWMENT|slp|[from] move: Rest\n|-heal|p1a: ENDOWMENT|100/100 slp|[silent]\n|\n|upkeep\n|turn|48\n|\n|t:|1740938929\n|move|p2a: Rhydon|Earthquake|p1a: ENDOWMENT\n|-damage|p1a: ENDOWMENT|84/100 slp\n|cant|p1a: ENDOWMENT|slp\n|\n|upkeep\n|turn|49\n|\n|t:|1740938931\n|move|p2a: Rhydon|Earthquake|p1a: ENDOWMENT\n|-damage|p1a: ENDOWMENT|68/100 slp\n|-curestatus|p1a: ENDOWMENT|slp|[msg]\n|\n|upkeep\n|turn|50\n|\n|t:|1740938934\n|move|p2a: Rhydon|Earthquake|p1a: ENDOWMENT\n|-damage|p1a: ENDOWMENT|51/100\n|move|p1a: ENDOWMENT|Self-Destruct|p2a: Rhydon\n|-resisted|p2a: Rhydon\n|-end|p2a: Rhydon|Substitute\n|-hint|In Gen 1, the user of Self-Destruct will not take damage if it breaks a Substitute.\n|\n|upkeep\n|turn|51\n|\n|t:|1740938941\n|move|p2a: Rhydon|Substitute|p2a: Rhydon\n|-start|p2a: Rhydon|Substitute\n|-damage|p2a: Rhydon|26/100\n|move|p1a: ENDOWMENT|Self-Destruct|p2a: Rhydon\n|-resisted|p2a: Rhydon\n|-end|p2a: Rhydon|Substitute\n|-hint|In Gen 1, the user of Self-Destruct will not take damage if it breaks a Substitute.\n|\n|upkeep\n|turn|52\n|\n|t:|1740938947\n|switch|p1a: AMBITION|Starmie|100/100\n|move|p2a: Rhydon|Rest|p2a: Rhydon\n|-status|p2a: Rhydon|slp|[from] move: Rest\n|-heal|p2a: Rhydon|100/100 slp|[silent]\n|\n|upkeep\n|turn|53\n|\n|t:|1740938953\n|switch|p2a: Exeggutor|Exeggutor|100/100\n|move|p1a: AMBITION|Thunder Wave|p2a: Exeggutor\n|-status|p2a: Exeggutor|par\n|\n|upkeep\n|turn|54\n|\n|t:|1740938956\n|switch|p1a: ENDOWMENT|Snorlax|51/100\n|move|p2a: Exeggutor|Stun Spore|p1a: ENDOWMENT|[miss]\n|-miss|p2a: Exeggutor\n|\n|upkeep\n|turn|55\n|\n|t:|1740938959\n|switch|p2a: Rhydon|Rhydon|100/100 slp\n|move|p1a: ENDOWMENT|Body Slam|p2a: Rhydon\n|-resisted|p2a: Rhydon\n|-damage|p2a: Rhydon|89/100 slp\n|\n|upkeep\n|turn|56\n|\n|t:|1740938962\n|switch|p1a: CULTIVATION|Rhydon|100/100\n|cant|p2a: Rhydon|slp\n|\n|upkeep\n|turn|57\n|\n|t:|1740938965\n|switch|p2a: Exeggutor|Exeggutor|100/100 par\n|move|p1a: CULTIVATION|Rock Slide|p2a: Exeggutor\n|-damage|p2a: Exeggutor|70/100 par\n|\n|upkeep\n|turn|58\n|\n|t:|1740938969\n|move|p1a: CULTIVATION|Rock Slide|p2a: Exeggutor\n|-damage|p2a: Exeggutor|41/100 par\n|move|p2a: Exeggutor|Rest|p2a: Exeggutor\n|-status|p2a: Exeggutor|slp|[from] move: Rest\n|-heal|p2a: Exeggutor|100/100 slp|[silent]\n|\n|upkeep\n|turn|59\n|\n|t:|1740938972\n|move|p1a: CULTIVATION|Rock Slide|p2a: Exeggutor\n|-crit|p2a: Exeggutor\n|-damage|p2a: Exeggutor|45/100 slp\n|cant|p2a: Exeggutor|slp\n|\n|upkeep\n|turn|60\n|\n|t:|1740938979\n|switch|p2a: Starmie|Starmie|52/100 par\n|move|p1a: CULTIVATION|Substitute|p1a: CULTIVATION\n|-start|p1a: CULTIVATION|Substitute\n|-damage|p1a: CULTIVATION|76/100\n|\n|upkeep\n|turn|61\n|\n|t:|1740938982\n|move|p1a: CULTIVATION|Earthquake|p2a: Starmie\n|-damage|p2a: Starmie|7/100 par\n|move|p2a: Starmie|Psychic|p1a: CULTIVATION\n|-end|p1a: CULTIVATION|Substitute\n|\n|upkeep\n|turn|62\n|\n|t:|1740938986\n|move|p1a: CULTIVATION|Earthquake|p2a: Starmie\n|-damage|p2a: Starmie|0 fnt\n|faint|p2a: Starmie\n|\n|t:|1740938988\n|switch|p2a: Tauros|Tauros|69/100\n|turn|63\n|\n|t:|1740938993\n|switch|p1a: AMBITION|Starmie|100/100\n|move|p2a: Tauros|Earthquake|p1a: AMBITION\n|-damage|p1a: AMBITION|72/100\n|\n|upkeep\n|turn|64\n|\n|t:|1740938996\n|switch|p1a: CULTIVATION|Rhydon|76/100\n|move|p2a: Tauros|Body Slam|p1a: CULTIVATION\n|-crit|p1a: CULTIVATION\n|-resisted|p1a: CULTIVATION\n|-damage|p1a: CULTIVATION|56/100\n|\n|upkeep\n|turn|65\n|\n|t:|1740939000\n|move|p2a: Tauros|Body Slam|p1a: CULTIVATION\n|-resisted|p1a: CULTIVATION\n|-damage|p1a: CULTIVATION|46/100\n|-status|p1a: CULTIVATION|par\n|move|p1a: CULTIVATION|Earthquake|p2a: Tauros\n|-damage|p2a: Tauros|26/100\n|\n|upkeep\n|turn|66\n|\n|t:|1740939005\n|move|p2a: Tauros|Earthquake|p1a: CULTIVATION\n|-crit|p1a: CULTIVATION\n|-supereffective|p1a: CULTIVATION\n|-damage|p1a: CULTIVATION|0 fnt\n|faint|p1a: CULTIVATION\n|\n|t:|1740939008\n|switch|p1a: AMBITION|Starmie|72/100\n|turn|67\n|\n|t:|1740939015\n|switch|p1a: DOMINION|Alakazam|9/100 slp\n|move|p2a: Tauros|Body Slam|p1a: DOMINION\n|-damage|p1a: DOMINION|0 fnt\n|faint|p1a: DOMINION\n|\n|t:|1740939017\n|switch|p1a: AMBITION|Starmie|72/100\n|turn|68\n|\n|t:|1740939022\n|move|p1a: AMBITION|Surf|p2a: Tauros\n|-damage|p2a: Tauros|0 fnt\n|faint|p2a: Tauros\n|\n|t:|1740939024\n|switch|p2a: Exeggutor|Exeggutor|45/100 slp\n|turn|69\n|\n|t:|1740939026\n|move|p1a: AMBITION|Surf|p2a: Exeggutor\n|-resisted|p2a: Exeggutor\n|-damage|p2a: Exeggutor|34/100 slp\n|-curestatus|p2a: Exeggutor|slp|[msg]\n|\n|upkeep\n|turn|70\n|\n|t:|1740939029\n|move|p1a: AMBITION|Thunder Wave|p2a: Exeggutor\n|-status|p2a: Exeggutor|par\n|move|p2a: Exeggutor|Rest|p2a: Exeggutor\n|-status|p2a: Exeggutor|slp|[from] move: Rest\n|-heal|p2a: Exeggutor|100/100 slp|[silent]\n|\n|upkeep\n|turn|71\n|\n|t:|1740939031\n|move|p1a: AMBITION|Surf|p2a: Exeggutor\n|-resisted|p2a: Exeggutor\n|-damage|p2a: Exeggutor|89/100 slp\n|cant|p2a: Exeggutor|slp\n|\n|upkeep\n|turn|72\n|\n|t:|1740939033\n|move|p1a: AMBITION|Surf|p2a: Exeggutor\n|-resisted|p2a: Exeggutor\n|-damage|p2a: Exeggutor|77/100 slp\n|-curestatus|p2a: Exeggutor|slp|[msg]\n|\n|upkeep\n|turn|73\n|\n|t:|1740939035\n|move|p1a: AMBITION|Thunder Wave|p2a: Exeggutor\n|-status|p2a: Exeggutor|par\n|move|p2a: Exeggutor|Sleep Powder|p1a: AMBITION\n|-status|p1a: AMBITION|slp|[from] move: Sleep Powder\n|\n|upkeep\n|turn|74\n|\n|t:|1740939040\n|switch|p2a: Rhydon|Rhydon|89/100 slp\n|-curestatus|p1a: AMBITION|slp|[msg]\n|\n|upkeep\n|turn|75\n|\n|t:|1740939046\n|switch|p2a: Exeggutor|Exeggutor|77/100 par\n|move|p1a: AMBITION|Surf|p2a: Exeggutor\n|-crit|p2a: Exeggutor\n|-resisted|p2a: Exeggutor\n|-damage|p2a: Exeggutor|52/100 par\n|\n|upkeep\n|turn|76\n|\n|t:|1740939048\n|move|p1a: AMBITION|Surf|p2a: Exeggutor\n|-resisted|p2a: Exeggutor\n|-damage|p2a: Exeggutor|39/100 par\n|cant|p2a: Exeggutor|par\n|\n|upkeep\n|turn|77\n|\n|t:|1740939051\n|move|p1a: AMBITION|Surf|p2a: Exeggutor\n|-crit|p2a: Exeggutor\n|-resisted|p2a: Exeggutor\n|-damage|p2a: Exeggutor|15/100 par\n|cant|p2a: Exeggutor|par\n|\n|upkeep\n|turn|78\n|\n|t:|1740939053\n|move|p1a: AMBITION|Surf|p2a: Exeggutor\n|-resisted|p2a: Exeggutor\n|-damage|p2a: Exeggutor|4/100 par\n|move|p2a: Exeggutor|Rest|p2a: Exeggutor\n|-status|p2a: Exeggutor|slp|[from] move: Rest\n|-heal|p2a: Exeggutor|100/100 slp|[silent]\n|\n|upkeep\n|turn|79\n|\n|t:|1740939055\n|move|p1a: AMBITION|Surf|p2a: Exeggutor\n|-resisted|p2a: Exeggutor\n|-damage|p2a: Exeggutor|88/100 slp\n|cant|p2a: Exeggutor|slp\n|\n|upkeep\n|turn|80\n|\n|t:|1740939056\n|move|p1a: AMBITION|Surf|p2a: Exeggutor\n|-resisted|p2a: Exeggutor\n|-damage|p2a: Exeggutor|75/100 slp\n|-curestatus|p2a: Exeggutor|slp|[msg]\n|\n|upkeep\n|turn|81\n|\n|t:|1740939059\n|move|p1a: AMBITION|Thunder Wave|p2a: Exeggutor\n|-status|p2a: Exeggutor|par\n|cant|p2a: Exeggutor|par\n|\n|upkeep\n|turn|82\n|\n|t:|1740939061\n|move|p1a: AMBITION|Surf|p2a: Exeggutor\n|-resisted|p2a: Exeggutor\n|-damage|p2a: Exeggutor|63/100 par\n|cant|p2a: Exeggutor|par\n|\n|upkeep\n|turn|83\n|\n|t:|1740939063\n|move|p1a: AMBITION|Surf|p2a: Exeggutor\n|-resisted|p2a: Exeggutor\n|-damage|p2a: Exeggutor|50/100 par\n|cant|p2a: Exeggutor|par\n|\n|upkeep\n|turn|84\n|\n|t:|1740939066\n|switch|p1a: ENDOWMENT|Snorlax|51/100\n|cant|p2a: Exeggutor|par\n|\n|upkeep\n|turn|85\n|\n|t:|1740939071\n|switch|p1a: AMBITION|Starmie|72/100\n|cant|p2a: Exeggutor|par\n|\n|upkeep\n|turn|86\n|\n|t:|1740939073\n|switch|p1a: ENDOWMENT|Snorlax|51/100\n|move|p2a: Exeggutor|Rest|p2a: Exeggutor\n|-status|p2a: Exeggutor|slp|[from] move: Rest\n|-heal|p2a: Exeggutor|100/100 slp|[silent]\n|\n|upkeep\n|turn|87\n|\n|t:|1740939077\n|switch|p1a: AMBITION|Starmie|72/100\n|switch|p2a: Rhydon|Rhydon|89/100 slp\n|\n|upkeep\n|turn|88\n|\n|t:|1740939081\n|move|p1a: AMBITION|Surf|p2a: Rhydon\n|-supereffective|p2a: Rhydon\n|-damage|p2a: Rhydon|0 fnt\n|faint|p2a: Rhydon\n|\n|t:|1740939084\n|switch|p2a: Exeggutor|Exeggutor|100/100 slp\n|turn|89\n|\n|t:|1740939096\n|move|p1a: AMBITION|Surf|p2a: Exeggutor\n|-resisted|p2a: Exeggutor\n|-damage|p2a: Exeggutor|88/100 slp\n|cant|p2a: Exeggutor|slp\n|\n|upkeep\n|turn|90\n|\n|t:|1740939103\n|move|p1a: AMBITION|Surf|p2a: Exeggutor\n|-resisted|p2a: Exeggutor\n|-damage|p2a: Exeggutor|77/100 slp\n|-curestatus|p2a: Exeggutor|slp|[msg]\n|\n|upkeep\n|turn|91\n|\n|t:|1740939107\n|move|p1a: AMBITION|Thunder Wave|p2a: Exeggutor\n|-status|p2a: Exeggutor|par\n|move|p2a: Exeggutor|Sleep Powder|p1a: AMBITION\n|-status|p1a: AMBITION|slp|[from] move: Sleep Powder\n|\n|upkeep\n|turn|92\n|\n|t:|1740939109\n|cant|p1a: AMBITION|slp\n|move|p2a: Exeggutor|Psychic|p1a: AMBITION\n|-resisted|p1a: AMBITION\n|-damage|p1a: AMBITION|53/100 slp\n|\n|upkeep\n|turn|93\n|\n|t:|1740939112\n|cant|p1a: AMBITION|slp\n|move|p2a: Exeggutor|Psychic|p1a: AMBITION\n|-resisted|p1a: AMBITION\n|-damage|p1a: AMBITION|35/100 slp\n|\n|upkeep\n|turn|94\n|\n|t:|1740939116\n|switch|p1a: ENDOWMENT|Snorlax|51/100\n|move|p2a: Exeggutor|Stun Spore|p1a: ENDOWMENT\n|-status|p1a: ENDOWMENT|par\n|\n|upkeep\n|turn|95\n|\n|t:|1740939119\n|cant|p2a: Exeggutor|par\n|move|p1a: ENDOWMENT|Self-Destruct|p2a: Exeggutor\n|-damage|p2a: Exeggutor|0 fnt\n|faint|p2a: Exeggutor\n|faint|p1a: ENDOWMENT\n|\n|win|shiloh\n","uploadtime":1740939119,"views":"1501","formatid":"gen1ou","rating":null,"private":0,"password":null}