{"id":"smogtours-gen1ou-904407","format":"[Gen 1] OU","players":["Isza","Girls See Ghosts"],"log":"|inactive|Battle timer is ON: inactive players will automatically lose when time's up.\n|t:|1769916013\n|gametype|singles\n|player|p1|Isza|#scl5foxes|\n|player|p2|Girls See Ghosts|#splxviisharks|\n|gen|1\n|tier|[Gen 1] OU\n|rule|Desync Clause Mod: Desyncs changed to move failure.\n|rule|Sleep Clause Mod: Limit one foe put to sleep\n|rule|Freeze Clause Mod: Limit one foe frozen\n|rule|Species Clause: Limit one of each Pokémon\n|rule|OHKO Clause: OHKO moves are banned\n|rule|Evasion Moves Clause: Evasion moves are banned\n|rule|Endless Battle Clause: Forcing endless battles is banned\n|rule|HP Percentage Mod: HP is shown in percentages\n|\n|t:|1769916013\n|teamsize|p1|6\n|teamsize|p2|6\n|start\n|switch|p1a: Jynx|Jynx|100/100\n|switch|p2a: Jynx|Jynx|100/100\n|turn|1\n|c|☆Isza|hf\n|c|☆Girls See Ghosts|glhf\n|c|☆Girls See Ghosts|can someone put the spl mode\n|c|☆Girls See Ghosts|idk how\n|inactive|Girls See Ghosts has 270 seconds left.\n|\n|t:|1769916051\n|move|p1a: Jynx|Lovely Kiss|p2a: Jynx\n|-status|p2a: Jynx|slp|[from] move: Lovely Kiss\n|cant|p2a: Jynx|slp\n|\n|upkeep\n|turn|2\n|rated|Smogon Premier League\n|c|☆Girls See Ghosts|ty\n|\n|t:|1769916080\n|switch|p2a: Chansey|Chansey|100/100\n|move|p1a: Jynx|Blizzard|p2a: Chansey\n|-damage|p2a: Chansey|81/100\n|\n|upkeep\n|turn|3\n|\n|t:|1769916087\n|switch|p1a: Chansey|Chansey|100/100\n|move|p2a: Chansey|Thunder Wave|p1a: Chansey\n|-status|p1a: Chansey|par\n|\n|upkeep\n|turn|4\n|\n|t:|1769916093\n|move|p2a: Chansey|Thunderbolt|p1a: Chansey\n|-damage|p1a: Chansey|90/100 par\n|move|p1a: Chansey|Thunder Wave|p2a: Chansey\n|-status|p2a: Chansey|par\n|\n|upkeep\n|turn|5\n|\n|t:|1769916102\n|switch|p2a: Snorlax|Snorlax|100/100\n|move|p1a: Chansey|Ice Beam|p2a: Snorlax\n|-damage|p2a: Snorlax|82/100\n|\n|upkeep\n|turn|6\n|\n|t:|1769916115\n|switch|p1a: Snorlax|Snorlax|100/100\n|move|p2a: Snorlax|Earthquake|p1a: Snorlax\n|-damage|p1a: Snorlax|81/100\n|\n|upkeep\n|turn|7\n|\n|t:|1769916122\n|move|p2a: Snorlax|Body Slam|p1a: Snorlax\n|-damage|p1a: Snorlax|56/100\n|move|p1a: Snorlax|Reflect|p1a: Snorlax\n|-start|p1a: Snorlax|Reflect\n|\n|upkeep\n|turn|8\n|\n|t:|1769916127\n|move|p2a: Snorlax|Reflect|p2a: Snorlax\n|-start|p2a: Snorlax|Reflect\n|move|p1a: Snorlax|Rest|p1a: Snorlax\n|-status|p1a: Snorlax|slp|[from] move: Rest\n|-heal|p1a: Snorlax|100/100 slp|[silent]\n|\n|upkeep\n|turn|9\n|\n|t:|1769916155\n|cant|p1a: Snorlax|slp\n|move|p2a: Snorlax|Body Slam|p1a: Snorlax\n|-damage|p1a: Snorlax|88/100 slp\n|\n|upkeep\n|turn|10\n|\n|t:|1769916158\n|move|p2a: Snorlax|Body Slam|p1a: Snorlax\n|-damage|p1a: Snorlax|76/100 slp\n|-curestatus|p1a: Snorlax|slp|[msg]\n|\n|upkeep\n|turn|11\n|\n|t:|1769916161\n|move|p1a: Snorlax|Body Slam|p2a: Snorlax\n|-damage|p2a: Snorlax|68/100\n|move|p2a: Snorlax|Body Slam|p1a: Snorlax\n|-damage|p1a: Snorlax|61/100\n|\n|upkeep\n|turn|12\n|\n|t:|1769916165\n|move|p2a: Snorlax|Body Slam|p1a: Snorlax\n|-crit|p1a: Snorlax\n|-damage|p1a: Snorlax|14/100\n|move|p1a: Snorlax|Rest|p1a: Snorlax\n|-status|p1a: Snorlax|slp|[from] move: Rest\n|-heal|p1a: Snorlax|100/100 slp|[silent]\n|\n|upkeep\n|turn|13\n|\n|t:|1769916172\n|cant|p1a: Snorlax|slp\n|move|p2a: Snorlax|Body Slam|p1a: Snorlax\n|-damage|p1a: Snorlax|87/100 slp\n|\n|upkeep\n|turn|14\n|\n|t:|1769916176\n|-curestatus|p1a: Snorlax|slp|[msg]\n|move|p2a: Snorlax|Body Slam|p1a: Snorlax\n|-damage|p1a: Snorlax|74/100\n|\n|upkeep\n|turn|15\n|\n|t:|1769916184\n|move|p2a: Snorlax|Rest|p2a: Snorlax\n|-status|p2a: Snorlax|slp|[from] move: Rest\n|-heal|p2a: Snorlax|100/100 slp|[silent]\n|move|p1a: Snorlax|Body Slam|p2a: Snorlax\n|-crit|p2a: Snorlax\n|-damage|p2a: Snorlax|52/100 slp\n|\n|upkeep\n|turn|16\n|\n|t:|1769916190\n|switch|p1a: Starmie|Starmie|100/100\n|cant|p2a: Snorlax|slp\n|\n|upkeep\n|turn|17\n|\n|t:|1769916195\n|switch|p1a: Snorlax|Snorlax|74/100\n|switch|p2a: Chansey|Chansey|81/100 par\n|\n|upkeep\n|turn|18\n|\n|t:|1769916208\n|move|p1a: Snorlax|Body Slam|p2a: Chansey\n|-damage|p2a: Chansey|40/100 par\n|move|p2a: Chansey|Thunder Wave|p1a: Snorlax\n|-status|p1a: Snorlax|par\n|\n|upkeep\n|turn|19\n|\n|t:|1769916217\n|move|p2a: Chansey|Soft-Boiled|p2a: Chansey\n|-heal|p2a: Chansey|90/100 par\n|move|p1a: Snorlax|Body Slam|p2a: Chansey\n|-damage|p2a: Chansey|49/100 par\n|\n|upkeep\n|turn|20\n|inactive|Girls See Ghosts has 270 seconds left.\n|inactive|Girls See Ghosts has 240 seconds left.\n|inactive|Girls See Ghosts has 210 seconds left.\n|inactive|Girls See Ghosts has 180 seconds left.\n|inactive|Girls See Ghosts has 150 seconds left.\n|\n|t:|1769916367\n|switch|p2a: Zapdos|Zapdos|100/100\n|cant|p1a: Snorlax|par\n|\n|upkeep\n|turn|21\n|\n|t:|1769916379\n|switch|p2a: Exeggutor|Exeggutor|100/100\n|switch|p1a: Jynx|Jynx|100/100\n|\n|upkeep\n|turn|22\n|\n|t:|1769916392\n|switch|p2a: Chansey|Chansey|49/100 par\n|move|p1a: Jynx|Blizzard|p2a: Chansey\n|-crit|p2a: Chansey\n|-damage|p2a: Chansey|10/100 par\n|\n|upkeep\n|turn|23\n|\n|t:|1769916399\n|switch|p2a: Jynx|Jynx|100/100 slp\n|move|p1a: Jynx|Psychic|p2a: Jynx\n|-resisted|p2a: Jynx\n|-damage|p2a: Jynx|85/100 slp\n|\n|upkeep\n|turn|24\n|\n|t:|1769916418\n|switch|p1a: Tauros|Tauros|100/100\n|cant|p2a: Jynx|slp\n|\n|upkeep\n|turn|25\n|\n|t:|1769916431\n|move|p1a: Tauros|Body Slam|p2a: Jynx\n|-damage|p2a: Jynx|29/100 slp\n|cant|p2a: Jynx|slp\n|\n|upkeep\n|turn|26\n|\n|t:|1769916440\n|move|p1a: Tauros|Body Slam|p2a: Jynx\n|-damage|p2a: Jynx|0 fnt\n|faint|p2a: Jynx\n|\n|t:|1769916443\n|switch|p2a: Tauros|Tauros|100/100\n|turn|27\n|inactive|Isza has 270 seconds left.\n|inactive|Isza has 240 seconds left.\n|\n|t:|1769916510\n|move|p1a: Tauros|Body Slam|p2a: Tauros\n|-damage|p2a: Tauros|73/100\n|move|p2a: Tauros|Body Slam|p1a: Tauros\n|-damage|p1a: Tauros|71/100\n|\n|upkeep\n|turn|28\n|inactive|Isza has 240 seconds left.\n|\n|t:|1769916517\n|move|p2a: Tauros|Body Slam|p1a: Tauros\n|-damage|p1a: Tauros|40/100\n|move|p1a: Tauros|Body Slam|p2a: Tauros\n|-damage|p2a: Tauros|42/100\n|\n|upkeep\n|turn|29\n|inactive|Isza has 240 seconds left.\n|inactive|Girls See Ghosts has 180 seconds left.\n|inactive|Isza has 210 seconds left.\n|\n|t:|1769916574\n|switch|p2a: Exeggutor|Exeggutor|100/100\n|switch|p1a: Exeggutor|Exeggutor|100/100\n|\n|upkeep\n|turn|30\n|inactive|Isza has 180 seconds left.\n|\n|t:|1769916604\n|switch|p2a: Snorlax|Snorlax|52/100 slp\n|move|p1a: Exeggutor|Sleep Powder|p2a: Snorlax|[miss]\n|-miss|p1a: Exeggutor\n|\n|upkeep\n|turn|31\n|inactive|Girls See Ghosts has 150 seconds left.\n|\n|t:|1769916638\n|switch|p2a: Chansey|Chansey|10/100 par\n|move|p1a: Exeggutor|Psychic|p2a: Chansey\n|-damage|p2a: Chansey|0 fnt\n|faint|p2a: Chansey\n|inactive|Girls See Ghosts has 120 seconds left.\n|\n|t:|1769916658\n|switch|p2a: Exeggutor|Exeggutor|100/100\n|turn|32\n|inactive|Girls See Ghosts has 120 seconds left.\n|\n|t:|1769916676\n|switch|p1a: Chansey|Chansey|90/100 par\n|move|p2a: Exeggutor|Explosion|p1a: Chansey\n|-damage|p1a: Chansey|0 fnt\n|faint|p1a: Chansey\n|faint|p2a: Exeggutor\n|inactive|Girls See Ghosts has 120 seconds left.\n|inactive|Isza has 180 seconds left.\n|\n|t:|1769916692\n|switch|p2a: Zapdos|Zapdos|100/100\n|switch|p1a: Exeggutor|Exeggutor|100/100\n|turn|33\n|inactive|Girls See Ghosts has 120 seconds left.\n|\n|t:|1769916707\n|switch|p2a: Snorlax|Snorlax|52/100 slp\n|move|p1a: Exeggutor|Sleep Powder|p2a: Snorlax\n|-fail|p2a: Snorlax|slp\n|\n|upkeep\n|turn|34\n|\n|t:|1769916713\n|switch|p2a: Zapdos|Zapdos|100/100\n|move|p1a: Exeggutor|Psychic|p2a: Zapdos\n|-damage|p2a: Zapdos|72/100\n|\n|upkeep\n|turn|35\n|\n|t:|1769916723\n|move|p2a: Zapdos|Drill Peck|p1a: Exeggutor\n|-crit|p1a: Exeggutor\n|-supereffective|p1a: Exeggutor\n|-damage|p1a: Exeggutor|3/100\n|move|p1a: Exeggutor|Sleep Powder|p2a: Zapdos|[miss]\n|-miss|p1a: Exeggutor\n|\n|upkeep\n|turn|36\n|\n|t:|1769916732\n|move|p2a: Zapdos|Drill Peck|p1a: Exeggutor\n|-supereffective|p1a: Exeggutor\n|-damage|p1a: Exeggutor|0 fnt\n|faint|p1a: Exeggutor\n|\n|t:|1769916734\n|switch|p1a: Jynx|Jynx|100/100\n|turn|37\n|inactive|Girls See Ghosts has 150 seconds left.\n|\n|t:|1769916740\n|switch|p2a: Snorlax|Snorlax|52/100 slp\n|move|p1a: Jynx|Blizzard|p2a: Snorlax\n|-damage|p2a: Snorlax|19/100 slp\n|\n|upkeep\n|turn|38\n|\n|t:|1769916749\n|move|p1a: Jynx|Psychic|p2a: Snorlax\n|-damage|p2a: Snorlax|0 fnt\n|faint|p2a: Snorlax\n|\n|t:|1769916751\n|switch|p2a: Tauros|Tauros|42/100\n|turn|39\n|\n|t:|1769916765\n|switch|p1a: Snorlax|Snorlax|74/100 par\n|move|p2a: Tauros|Body Slam|p1a: Snorlax\n|-crit|p1a: Snorlax\n|-damage|p1a: Snorlax|23/100 par\n|\n|upkeep\n|turn|40\n|\n|t:|1769916773\n|move|p2a: Tauros|Body Slam|p1a: Snorlax\n|-damage|p1a: Snorlax|0 fnt\n|faint|p1a: Snorlax\n|inactive|Isza has 240 seconds left.\n|\n|t:|1769916786\n|switch|p1a: Starmie|Starmie|100/100\n|turn|41\n|\n|t:|1769916790\n|move|p1a: Starmie|Thunder Wave|p2a: Tauros\n|-status|p2a: Tauros|par\n|move|p2a: Tauros|Body Slam|p1a: Starmie\n|-damage|p1a: Starmie|69/100\n|\n|upkeep\n|turn|42\n|\n|t:|1769916797\n|move|p1a: Starmie|Psychic|p2a: Tauros\n|-damage|p2a: Tauros|2/100 par\n|move|p2a: Tauros|Body Slam|p1a: Starmie\n|-damage|p1a: Starmie|37/100\n|\n|upkeep\n|turn|43\n|inactive|Isza has 240 seconds left.\n|\n|t:|1769916841\n|move|p1a: Starmie|Psychic|p2a: Tauros\n|-damage|p2a: Tauros|0 fnt\n|faint|p2a: Tauros\n|\n|t:|1769916844\n|switch|p2a: Zapdos|Zapdos|72/100\n|turn|44\n|\n|t:|1769916849\n|move|p1a: Starmie|Psychic|p2a: Zapdos\n|-damage|p2a: Zapdos|46/100\n|move|p2a: Zapdos|Agility|p2a: Zapdos\n|-boost|p2a: Zapdos|spe|2\n|\n|upkeep\n|turn|45\n|\n|t:|1769916853\n|move|p2a: Zapdos|Thunderbolt|p1a: Starmie\n|-crit|p1a: Starmie\n|-supereffective|p1a: Starmie\n|-damage|p1a: Starmie|0 fnt\n|faint|p1a: Starmie\n|\n|t:|1769916856\n|switch|p1a: Jynx|Jynx|100/100\n|turn|46\n|\n|t:|1769916859\n|move|p2a: Zapdos|Drill Peck|p1a: Jynx\n|-damage|p1a: Jynx|52/100\n|move|p1a: Jynx|Blizzard|p2a: Zapdos|[miss]\n|-miss|p1a: Jynx\n|\n|upkeep\n|turn|47\n|\n|t:|1769916864\n|move|p2a: Zapdos|Drill Peck|p1a: Jynx\n|-damage|p1a: Jynx|6/100\n|move|p1a: Jynx|Blizzard|p2a: Zapdos\n|-supereffective|p2a: Zapdos\n|-damage|p2a: Zapdos|0 fnt\n|faint|p2a: Zapdos\n|\n|win|Isza\n|c|☆Isza|gg\n|c|☆Girls See Ghosts|ggà\n|player|p2|\n","uploadtime":1769916864,"views":"1000","formatid":"gen1ou","rating":null,"private":0,"password":null}