{"id":"smogtours-gen1ou-822558","format":"[Gen 1] OU","players":["Amaranth","Kaz"],"log":"|inactive|Battle timer is ON: inactive players will automatically lose when time's up.\n|t:|1740847599\n|gametype|singles\n|player|p1|Amaranth|#amaranth|\n|player|p2|Kaz|#splxviclassiest2|\n|teamsize|p1|6\n|teamsize|p2|6\n|gen|1\n|tier|[Gen 1] OU\n|rule|Desync Clause Mod: Desyncs changed to move failure.\n|rule|Sleep Clause Mod: Limit one foe put to sleep\n|rule|Freeze Clause Mod: Limit one foe frozen\n|rule|Species Clause: Limit one of each Pokémon\n|rule|OHKO Clause: OHKO moves are banned\n|rule|Evasion Moves Clause: Evasion moves are banned\n|rule|Endless Battle Clause: Forcing endless battles is banned\n|rule|HP Percentage Mod: HP is shown in percentages\n|\n|t:|1740847599\n|start\n|switch|p1a: Alakazam|Alakazam|100/100\n|switch|p2a: Starmie|Starmie|100/100\n|turn|1\n|c|☆Amaranth|glhf\n|\n|t:|1740847606\n|switch|p2a: Exeggutor|Exeggutor|100/100\n|move|p1a: Alakazam|Thunder Wave|p2a: Exeggutor\n|-status|p2a: Exeggutor|par\n|\n|upkeep\n|turn|2\n|c|☆Kaz|you too\n|\n|t:|1740847612\n|move|p1a: Alakazam|Seismic Toss|p2a: Exeggutor\n|-damage|p2a: Exeggutor|75/100 par\n|cant|p2a: Exeggutor|par\n|\n|upkeep\n|turn|3\n|rated|Smogon Premier League\n|\n|t:|1740847617\n|move|p1a: Alakazam|Seismic Toss|p2a: Exeggutor\n|-damage|p2a: Exeggutor|50/100 par\n|move|p2a: Exeggutor|Sleep Powder|p1a: Alakazam\n|-status|p1a: Alakazam|slp|[from] move: Sleep Powder\n|\n|upkeep\n|turn|4\n|\n|t:|1740847630\n|switch|p1a: Chansey|Chansey|100/100\n|switch|p2a: Tauros|Tauros|100/100\n|\n|upkeep\n|turn|5\n|\n|t:|1740847635\n|switch|p2a: Chansey|Chansey|100/100\n|move|p1a: Chansey|Sing|p2a: Chansey\n|-status|p2a: Chansey|slp|[from] move: Sing\n|\n|upkeep\n|turn|6\n|inactive|Kaz has 270 seconds left.\n|\n|t:|1740847678\n|switch|p2a: Starmie|Starmie|100/100\n|move|p1a: Chansey|Thunder Wave|p2a: Starmie\n|-status|p2a: Starmie|par\n|\n|upkeep\n|turn|7\n|\n|t:|1740847688\n|move|p1a: Chansey|Seismic Toss|p2a: Starmie\n|-damage|p2a: Starmie|70/100 par\n|cant|p2a: Starmie|par\n|\n|upkeep\n|turn|8\n|\n|t:|1740847697\n|move|p1a: Chansey|Seismic Toss|p2a: Starmie\n|-damage|p2a: Starmie|39/100 par\n|cant|p2a: Starmie|par\n|\n|upkeep\n|turn|9\n|\n|t:|1740847703\n|switch|p1a: Starmie|Starmie|100/100\n|move|p2a: Starmie|Thunder Wave|p1a: Starmie\n|-status|p1a: Starmie|par\n|\n|upkeep\n|turn|10\n|\n|t:|1740847710\n|switch|p2a: Exeggutor|Exeggutor|50/100 par\n|move|p1a: Starmie|Thunderbolt|p2a: Exeggutor\n|-resisted|p2a: Exeggutor\n|-damage|p2a: Exeggutor|42/100 par\n|\n|upkeep\n|turn|11\n|\n|t:|1740847717\n|move|p1a: Starmie|Blizzard|p2a: Exeggutor\n|-supereffective|p2a: Exeggutor\n|-damage|p2a: Exeggutor|1/100 par\n|cant|p2a: Exeggutor|par\n|\n|upkeep\n|turn|12\n|\n|t:|1740847722\n|switch|p2a: Chansey|Chansey|100/100 slp\n|cant|p1a: Starmie|par\n|\n|upkeep\n|turn|13\n|\n|t:|1740847726\n|switch|p1a: Tauros|Tauros|100/100\n|-curestatus|p2a: Chansey|slp|[msg]\n|\n|upkeep\n|turn|14\n|c|☆Amaranth|XD\n|\n|t:|1740847747\n|switch|p1a: Chansey|Chansey|100/100\n|move|p2a: Chansey|Thunder Wave|p1a: Chansey\n|-status|p1a: Chansey|par\n|\n|upkeep\n|turn|15\n|inactive|Kaz has 270 seconds left.\n|inactive|Kaz has 240 seconds left.\n|\n|t:|1740847820\n|move|p2a: Chansey|Seismic Toss|p1a: Chansey\n|-damage|p1a: Chansey|86/100 par\n|move|p1a: Chansey|Sing|p2a: Chansey\n|-status|p2a: Chansey|slp|[from] move: Sing\n|\n|upkeep\n|turn|16\n|\n|t:|1740847828\n|switch|p1a: Snorlax|Snorlax|100/100\n|cant|p2a: Chansey|slp\n|\n|upkeep\n|turn|17\n|\n|t:|1740847849\n|switch|p2a: Exeggutor|Exeggutor|1/100 par\n|move|p1a: Snorlax|Body Slam|p2a: Exeggutor\n|-damage|p2a: Exeggutor|0 fnt\n|faint|p2a: Exeggutor\n|inactive|Kaz has 210 seconds left.\n|\n|t:|1740847861\n|switch|p2a: Rhydon|Rhydon|100/100\n|turn|18\n|\n|t:|1740847866\n|move|p2a: Rhydon|Earthquake|p1a: Snorlax\n|-damage|p1a: Snorlax|68/100\n|move|p1a: Snorlax|Reflect|p1a: Snorlax\n|-start|p1a: Snorlax|Reflect\n|\n|upkeep\n|turn|19\n|\n|t:|1740847884\n|move|p2a: Rhydon|Substitute|p2a: Rhydon\n|-start|p2a: Rhydon|Substitute\n|-damage|p2a: Rhydon|76/100\n|move|p1a: Snorlax|Earthquake|p2a: Rhydon\n|-supereffective|p2a: Rhydon\n|-end|p2a: Rhydon|Substitute\n|\n|upkeep\n|turn|20\n|inactive|Kaz has 210 seconds left.\n|inactive|Kaz has 180 seconds left.\n|inactive|Kaz has 150 seconds left.\n|\n|t:|1740847964\n|switch|p2a: Starmie|Starmie|39/100 par\n|move|p1a: Snorlax|Earthquake|p2a: Starmie\n|-damage|p2a: Starmie|9/100 par\n|\n|upkeep\n|turn|21\n|\n|t:|1740847968\n|move|p1a: Snorlax|Body Slam|p2a: Starmie\n|-damage|p2a: Starmie|0 fnt\n|faint|p2a: Starmie\n|\n|t:|1740847971\n|switch|p2a: Persian|Persian|100/100\n|turn|22\n|\n|t:|1740847993\n|move|p2a: Persian|Slash|p1a: Snorlax\n|-crit|p1a: Snorlax\n|-damage|p1a: Snorlax|37/100\n|move|p1a: Snorlax|Body Slam|p2a: Persian\n|-damage|p2a: Persian|60/100\n|\n|upkeep\n|turn|23\n|inactive|Kaz has 180 seconds left.\n|\n|t:|1740848001\n|move|p2a: Persian|Body Slam|p1a: Snorlax\n|-damage|p1a: Snorlax|27/100\n|move|p1a: Snorlax|Body Slam|p2a: Persian\n|-damage|p2a: Persian|14/100\n|\n|upkeep\n|turn|24\n|\n|t:|1740848007\n|switch|p1a: Alakazam|Alakazam|100/100 slp\n|move|p2a: Persian|Slash|p1a: Alakazam\n|-crit|p1a: Alakazam\n|-damage|p1a: Alakazam|37/100 slp\n|\n|upkeep\n|turn|25\n|inactive|Kaz has 180 seconds left.\n|\n|t:|1740848032\n|switch|p2a: Rhydon|Rhydon|76/100\n|-curestatus|p1a: Alakazam|slp|[msg]\n|\n|upkeep\n|turn|26\n|inactive|Kaz has 180 seconds left.\n|c|☆Amaranth|whoa i can do that too?\n|\n|t:|1740848053\n|switch|p1a: Exeggutor|Exeggutor|100/100\n|move|p2a: Rhydon|Earthquake|p1a: Exeggutor\n|-resisted|p1a: Exeggutor\n|-damage|p1a: Exeggutor|82/100\n|\n|upkeep\n|turn|27\n|inactive|Kaz has 150 seconds left.\n|\n|t:|1740848089\n|move|p1a: Exeggutor|Psychic|p2a: Rhydon\n|-damage|p2a: Rhydon|26/100\n|move|p2a: Rhydon|Body Slam|p1a: Exeggutor\n|-damage|p1a: Exeggutor|61/100\n|\n|upkeep\n|turn|28\n|inactive|Kaz has 150 seconds left.\n|inactive|Kaz has 120 seconds left.\n|\n|t:|1740848151\n|switch|p2a: Chansey|Chansey|100/100 slp\n|move|p1a: Exeggutor|Psychic|p2a: Chansey\n|-damage|p2a: Chansey|82/100 slp\n|\n|upkeep\n|turn|29\n|\n|t:|1740848157\n|switch|p1a: Tauros|Tauros|100/100\n|cant|p2a: Chansey|slp\n|\n|upkeep\n|turn|30\n|\n|t:|1740848172\n|switch|p2a: Rhydon|Rhydon|26/100\n|move|p1a: Tauros|Body Slam|p2a: Rhydon\n|-resisted|p2a: Rhydon\n|-damage|p2a: Rhydon|16/100\n|\n|upkeep\n|turn|31\n|\n|t:|1740848180\n|switch|p2a: Tauros|Tauros|100/100\n|move|p1a: Tauros|Blizzard|p2a: Tauros\n|-damage|p2a: Tauros|76/100\n|\n|upkeep\n|turn|32\n|\n|t:|1740848185\n|move|p2a: Tauros|Body Slam|p1a: Tauros\n|-damage|p1a: Tauros|72/100\n|move|p1a: Tauros|Body Slam|p2a: Tauros\n|-damage|p2a: Tauros|49/100\n|\n|upkeep\n|turn|33\n|inactive|Kaz has 120 seconds left.\n|inactive|Amaranth has 270 seconds left.\n|\n|t:|1740848217\n|switch|p1a: Chansey|Chansey|86/100 par\n|move|p2a: Tauros|Hyper Beam|p1a: Chansey\n|-damage|p1a: Chansey|16/100 par\n|-mustrecharge|p2a: Tauros\n|\n|upkeep\n|turn|34\n|\n|t:|1740848221\n|cant|p2a: Tauros|recharge\n|move|p1a: Chansey|Thunder Wave|p2a: Tauros\n|-status|p2a: Tauros|par\n|\n|upkeep\n|turn|35\n|\n|t:|1740848231\n|switch|p1a: Snorlax|Snorlax|27/100\n|cant|p2a: Tauros|par\n|\n|upkeep\n|turn|36\n|\n|t:|1740848235\n|move|p1a: Snorlax|Body Slam|p2a: Tauros\n|-damage|p2a: Tauros|16/100 par\n|move|p2a: Tauros|Rest|p2a: Tauros\n|-status|p2a: Tauros|slp|[from] move: Rest\n|-heal|p2a: Tauros|100/100 slp|[silent]\n|\n|upkeep\n|turn|37\n|\n|t:|1740848238\n|move|p1a: Snorlax|Body Slam|p2a: Tauros\n|-damage|p2a: Tauros|67/100 slp\n|cant|p2a: Tauros|slp\n|\n|upkeep\n|turn|38\n|inactive|Kaz has 150 seconds left.\n|\n|t:|1740848244\n|move|p1a: Snorlax|Body Slam|p2a: Tauros\n|-damage|p2a: Tauros|36/100 slp\n|-curestatus|p2a: Tauros|slp|[msg]\n|\n|upkeep\n|turn|39\n|inactive|Kaz has 150 seconds left.\n|\n|t:|1740848278\n|move|p1a: Snorlax|Earthquake|p2a: Tauros\n|-damage|p2a: Tauros|10/100\n|move|p2a: Tauros|Rest|p2a: Tauros\n|-status|p2a: Tauros|slp|[from] move: Rest\n|-heal|p2a: Tauros|100/100 slp|[silent]\n|\n|upkeep\n|turn|40\n|\n|t:|1740848281\n|move|p1a: Snorlax|Body Slam|p2a: Tauros\n|-damage|p2a: Tauros|70/100 slp\n|cant|p2a: Tauros|slp\n|\n|upkeep\n|turn|41\n|\n|t:|1740848283\n|move|p1a: Snorlax|Body Slam|p2a: Tauros\n|-damage|p2a: Tauros|41/100 slp\n|-curestatus|p2a: Tauros|slp|[msg]\n|\n|upkeep\n|turn|42\n|\n|t:|1740848286\n|move|p1a: Snorlax|Earthquake|p2a: Tauros\n|-damage|p2a: Tauros|16/100\n|move|p2a: Tauros|Rest|p2a: Tauros\n|-status|p2a: Tauros|slp|[from] move: Rest\n|-heal|p2a: Tauros|100/100 slp|[silent]\n|\n|upkeep\n|turn|43\n|\n|t:|1740848288\n|move|p1a: Snorlax|Body Slam|p2a: Tauros\n|-damage|p2a: Tauros|71/100 slp\n|cant|p2a: Tauros|slp\n|\n|upkeep\n|turn|44\n|\n|t:|1740848290\n|move|p1a: Snorlax|Body Slam|p2a: Tauros\n|-damage|p2a: Tauros|42/100 slp\n|-curestatus|p2a: Tauros|slp|[msg]\n|\n|upkeep\n|turn|45\n|\n|t:|1740848292\n|move|p1a: Snorlax|Earthquake|p2a: Tauros\n|-damage|p2a: Tauros|15/100\n|move|p2a: Tauros|Rest|p2a: Tauros\n|-status|p2a: Tauros|slp|[from] move: Rest\n|-heal|p2a: Tauros|100/100 slp|[silent]\n|\n|upkeep\n|turn|46\n|\n|t:|1740848295\n|move|p1a: Snorlax|Body Slam|p2a: Tauros\n|-damage|p2a: Tauros|70/100 slp\n|cant|p2a: Tauros|slp\n|\n|upkeep\n|turn|47\n|\n|t:|1740848307\n|move|p1a: Snorlax|Body Slam|p2a: Tauros\n|-damage|p2a: Tauros|40/100 slp\n|-curestatus|p2a: Tauros|slp|[msg]\n|\n|upkeep\n|turn|48\n|\n|t:|1740848327\n|move|p1a: Snorlax|Earthquake|p2a: Tauros\n|-damage|p2a: Tauros|15/100\n|move|p2a: Tauros|Rest|p2a: Tauros\n|-status|p2a: Tauros|slp|[from] move: Rest\n|-heal|p2a: Tauros|100/100 slp|[silent]\n|\n|upkeep\n|turn|49\n|\n|t:|1740848330\n|move|p1a: Snorlax|Body Slam|p2a: Tauros\n|-damage|p2a: Tauros|67/100 slp\n|cant|p2a: Tauros|slp\n|\n|upkeep\n|turn|50\n|\n|t:|1740848335\n|move|p1a: Snorlax|Body Slam|p2a: Tauros\n|-damage|p2a: Tauros|38/100 slp\n|-curestatus|p2a: Tauros|slp|[msg]\n|\n|upkeep\n|turn|51\n|\n|t:|1740848343\n|move|p1a: Snorlax|Earthquake|p2a: Tauros\n|-damage|p2a: Tauros|14/100\n|move|p2a: Tauros|Rest|p2a: Tauros\n|-status|p2a: Tauros|slp|[from] move: Rest\n|-heal|p2a: Tauros|100/100 slp|[silent]\n|\n|upkeep\n|turn|52\n|\n|t:|1740848347\n|move|p1a: Snorlax|Body Slam|p2a: Tauros\n|-damage|p2a: Tauros|70/100 slp\n|cant|p2a: Tauros|slp\n|\n|upkeep\n|turn|53\n|\n|t:|1740848348\n|move|p1a: Snorlax|Body Slam|p2a: Tauros\n|-damage|p2a: Tauros|41/100 slp\n|-curestatus|p2a: Tauros|slp|[msg]\n|\n|upkeep\n|turn|54\n|\n|t:|1740848351\n|move|p1a: Snorlax|Earthquake|p2a: Tauros\n|-damage|p2a: Tauros|18/100\n|move|p2a: Tauros|Rest|p2a: Tauros\n|-status|p2a: Tauros|slp|[from] move: Rest\n|-heal|p2a: Tauros|100/100 slp|[silent]\n|\n|upkeep\n|turn|55\n|\n|t:|1740848353\n|move|p1a: Snorlax|Body Slam|p2a: Tauros\n|-damage|p2a: Tauros|69/100 slp\n|cant|p2a: Tauros|slp\n|\n|upkeep\n|turn|56\n|\n|t:|1740848354\n|move|p1a: Snorlax|Body Slam|p2a: Tauros\n|-damage|p2a: Tauros|39/100 slp\n|-curestatus|p2a: Tauros|slp|[msg]\n|\n|upkeep\n|turn|57\n|\n|t:|1740848357\n|switch|p1a: Tauros|Tauros|72/100\n|move|p2a: Tauros|Rest|p2a: Tauros\n|-status|p2a: Tauros|slp|[from] move: Rest\n|-heal|p2a: Tauros|100/100 slp|[silent]\n|\n|upkeep\n|turn|58\n|\n|t:|1740848371\n|move|p1a: Tauros|Body Slam|p2a: Tauros\n|-damage|p2a: Tauros|71/100 slp\n|cant|p2a: Tauros|slp\n|\n|upkeep\n|turn|59\n|\n|t:|1740848375\n|move|p1a: Tauros|Body Slam|p2a: Tauros\n|-damage|p2a: Tauros|41/100 slp\n|-curestatus|p2a: Tauros|slp|[msg]\n|\n|upkeep\n|turn|60\n|\n|t:|1740848379\n|switch|p2a: Chansey|Chansey|82/100 slp\n|move|p1a: Tauros|Hyper Beam|p2a: Chansey\n|-damage|p2a: Chansey|15/100 slp\n|-mustrecharge|p1a: Tauros\n|\n|upkeep\n|turn|61\n|\n|t:|1740848381\n|switch|p2a: Persian|Persian|14/100\n|cant|p1a: Tauros|recharge\n|\n|upkeep\n|turn|62\n|\n|t:|1740848407\n|switch|p2a: Chansey|Chansey|15/100 slp\n|move|p1a: Tauros|Body Slam|p2a: Chansey\n|-damage|p2a: Chansey|0 fnt\n|faint|p2a: Chansey\n|\n|t:|1740848409\n|switch|p2a: Tauros|Tauros|41/100\n|turn|63\n|\n|t:|1740848414\n|move|p2a: Tauros|Rest|p2a: Tauros\n|-status|p2a: Tauros|slp|[from] move: Rest\n|-heal|p2a: Tauros|100/100 slp|[silent]\n|move|p1a: Tauros|Body Slam|p2a: Tauros\n|-damage|p2a: Tauros|69/100 slp\n|\n|upkeep\n|turn|64\n|\n|t:|1740848416\n|move|p1a: Tauros|Body Slam|p2a: Tauros\n|-damage|p2a: Tauros|40/100 slp\n|cant|p2a: Tauros|slp\n|\n|upkeep\n|turn|65\n|\n|t:|1740848420\n|switch|p1a: Alakazam|Alakazam|37/100\n|-curestatus|p2a: Tauros|slp|[msg]\n|\n|upkeep\n|turn|66\n|\n|t:|1740848426\n|move|p1a: Alakazam|Psychic|p2a: Tauros\n|-damage|p2a: Tauros|0 fnt\n|faint|p2a: Tauros\n|\n|t:|1740848428\n|switch|p2a: Persian|Persian|14/100\n|turn|67\n|\n|t:|1740848432\n|move|p1a: Alakazam|Psychic|p2a: Persian\n|-damage|p2a: Persian|0 fnt\n|faint|p2a: Persian\n|\n|t:|1740848434\n|switch|p2a: Rhydon|Rhydon|16/100\n|turn|68\n|\n|t:|1740848435\n|move|p1a: Alakazam|Psychic|p2a: Rhydon\n|-damage|p2a: Rhydon|0 fnt\n|faint|p2a: Rhydon\n|\n|win|Amaranth\n|c|☆Amaranth|ggs\n|c|☆Kaz|gg\n|player|p2|\n","uploadtime":1740848435,"views":"1879","formatid":"gen1ou","rating":null,"private":0,"password":null}