{"id":"smogtours-gen1ou-900408","format":"[Gen 1] OU","players":["BeeOrSomething","Sceptross"],"log":"|inactive|Battle timer is ON: inactive players will automatically lose when time's up.\n|t:|1768753731\n|gametype|singles\n|player|p1|BeeOrSomething|#beeorsomething|\n|player|p2|Sceptross|#splxviicryonicles|\n|gen|1\n|tier|[Gen 1] OU\n|rule|Desync Clause Mod: Desyncs changed to move failure.\n|rule|Sleep Clause Mod: Limit one foe put to sleep\n|rule|Freeze Clause Mod: Limit one foe frozen\n|rule|Species Clause: Limit one of each Pokémon\n|rule|OHKO Clause: OHKO moves are banned\n|rule|Evasion Moves Clause: Evasion moves are banned\n|rule|Endless Battle Clause: Forcing endless battles is banned\n|rule|HP Percentage Mod: HP is shown in percentages\n|\n|t:|1768753731\n|teamsize|p1|6\n|teamsize|p2|6\n|start\n|switch|p1a: Make A Contract|Jynx|100/100\n|switch|p2a: Jynx|Jynx|100/100\n|turn|1\n|c|☆BeeOrSomething|glhf\n|c|☆Sceptross|gl hf\n|rated|Smogon Premier League\n|\n|t:|1768753741\n|move|p1a: Make A Contract|Lovely Kiss|p2a: Jynx|[miss]\n|-miss|p1a: Make A Contract\n|move|p2a: Jynx|Lovely Kiss|p1a: Make A Contract\n|-status|p1a: Make A Contract|slp|[from] move: Lovely Kiss\n|\n|upkeep\n|turn|2\n|\n|t:|1768753754\n|switch|p1a: So Stupid|Starmie|100/100\n|switch|p2a: Tauros|Tauros|100/100\n|\n|upkeep\n|turn|3\n|\n|t:|1768753770\n|switch|p1a: Not Alone Anymore|Chansey|100/100\n|switch|p2a: Chansey|Chansey|100/100\n|\n|upkeep\n|turn|4\n|\n|t:|1768753775\n|move|p1a: Not Alone Anymore|Sing|p2a: Chansey|[miss]\n|-miss|p1a: Not Alone Anymore\n|move|p2a: Chansey|Thunder Wave|p1a: Not Alone Anymore\n|-status|p1a: Not Alone Anymore|par\n|\n|upkeep\n|turn|5\n|\n|t:|1768753782\n|switch|p2a: Jynx|Jynx|100/100\n|cant|p1a: Not Alone Anymore|par\n|\n|upkeep\n|turn|6\n|\n|t:|1768753787\n|switch|p2a: Chansey|Chansey|100/100\n|move|p1a: Not Alone Anymore|Sing|p2a: Chansey\n|-status|p2a: Chansey|slp|[from] move: Sing\n|\n|upkeep\n|turn|7\n|\n|t:|1768753809\n|switch|p2a: Snorlax|Snorlax|100/100\n|switch|p1a: Not Afraid Anymore|Snorlax|100/100\n|\n|upkeep\n|turn|8\n|\n|t:|1768753814\n|move|p2a: Snorlax|Body Slam|p1a: Not Afraid Anymore\n|-damage|p1a: Not Afraid Anymore|76/100\n|move|p1a: Not Afraid Anymore|Reflect|p1a: Not Afraid Anymore\n|-start|p1a: Not Afraid Anymore|Reflect\n|\n|upkeep\n|turn|9\n|\n|t:|1768753816\n|move|p1a: Not Afraid Anymore|Body Slam|p2a: Snorlax\n|-damage|p2a: Snorlax|76/100\n|move|p2a: Snorlax|Reflect|p2a: Snorlax\n|-start|p2a: Snorlax|Reflect\n|\n|upkeep\n|turn|10\n|\n|t:|1768753822\n|move|p1a: Not Afraid Anymore|Body Slam|p2a: Snorlax\n|-damage|p2a: Snorlax|62/100\n|move|p2a: Snorlax|Body Slam|p1a: Not Afraid Anymore\n|-damage|p1a: Not Afraid Anymore|63/100\n|\n|upkeep\n|turn|11\n|\n|t:|1768753856\n|move|p1a: Not Afraid Anymore|Self-Destruct|p2a: Snorlax\n|-damage|p2a: Snorlax|18/100\n|faint|p1a: Not Afraid Anymore\n|inactive|BeeOrSomething has 270 seconds left.\n|\n|t:|1768753870\n|switch|p1a: So Stupid|Starmie|100/100\n|turn|12\n|inactive|BeeOrSomething has 270 seconds left.\n|\n|t:|1768753882\n|switch|p2a: Chansey|Chansey|100/100 slp\n|move|p1a: So Stupid|Psychic|p2a: Chansey\n|-damage|p2a: Chansey|87/100 slp\n|-unboost|p2a: Chansey|spa|1\n|-unboost|p2a: Chansey|spd|1\n|\n|upkeep\n|turn|13\n|\n|t:|1768753891\n|switch|p2a: Starmie|Starmie|100/100\n|move|p1a: So Stupid|Thunder Wave|p2a: Starmie\n|-status|p2a: Starmie|par\n|\n|upkeep\n|turn|14\n|inactive|BeeOrSomething has 270 seconds left.\n|inactive|BeeOrSomething has 240 seconds left.\n|\n|t:|1768753965\n|switch|p1a: Not Alone Anymore|Chansey|100/100 par\n|move|p2a: Starmie|Thunder Wave|p1a: Not Alone Anymore\n|-fail|p1a: Not Alone Anymore|par\n|\n|upkeep\n|turn|15\n|\n|t:|1768753975\n|move|p2a: Starmie|Psychic|p1a: Not Alone Anymore\n|-crit|p1a: Not Alone Anymore\n|-damage|p1a: Not Alone Anymore|71/100 par\n|-unboost|p1a: Not Alone Anymore|spa|1\n|-unboost|p1a: Not Alone Anymore|spd|1\n|cant|p1a: Not Alone Anymore|par\n|\n|upkeep\n|turn|16\n|\n|t:|1768753985\n|switch|p1a: So Stupid|Starmie|100/100\n|move|p2a: Starmie|Psychic|p1a: So Stupid\n|-resisted|p1a: So Stupid\n|-damage|p1a: So Stupid|85/100\n|-unboost|p1a: So Stupid|spa|1\n|-unboost|p1a: So Stupid|spd|1\n|\n|upkeep\n|turn|17\n|inactive|BeeOrSomething has 210 seconds left.\n|inactive|Sceptross has 270 seconds left.\n|inactive|BeeOrSomething has 180 seconds left.\n|\n|t:|1768754053\n|switch|p1a: Not Alone Anymore|Chansey|71/100 par\n|move|p2a: Starmie|Thunder Wave|p1a: Not Alone Anymore\n|-fail|p1a: Not Alone Anymore|par\n|\n|upkeep\n|turn|18\n|inactive|BeeOrSomething has 180 seconds left.\n|\n|t:|1768754059\n|move|p2a: Starmie|Psychic|p1a: Not Alone Anymore\n|-damage|p1a: Not Alone Anymore|57/100 par\n|-unboost|p1a: Not Alone Anymore|spa|1\n|-unboost|p1a: Not Alone Anymore|spd|1\n|move|p1a: Not Alone Anymore|Soft-Boiled|p1a: Not Alone Anymore\n|-heal|p1a: Not Alone Anymore|100/100 par\n|\n|upkeep\n|turn|19\n|inactive|BeeOrSomething has 180 seconds left.\n|\n|t:|1768754072\n|move|p2a: Starmie|Psychic|p1a: Not Alone Anymore\n|-damage|p1a: Not Alone Anymore|77/100 par\n|-unboost|p1a: Not Alone Anymore|spa|1\n|-unboost|p1a: Not Alone Anymore|spd|1\n|cant|p1a: Not Alone Anymore|par\n|\n|upkeep\n|turn|20\n|\n|t:|1768754088\n|switch|p1a: So Stupid|Starmie|85/100\n|move|p2a: Starmie|Thunder Wave|p1a: So Stupid|[miss]\n|-miss|p2a: Starmie\n|-hint|In Gen 1, moves with 100% accuracy can still miss 1/256 of the time.\n|\n|upkeep\n|turn|21\n|inactive|BeeOrSomething has 180 seconds left.\n|inactive|Sceptross has 270 seconds left.\n|inactive|BeeOrSomething has 150 seconds left.\n|\n|t:|1768754148\n|switch|p1a: Not Alone Anymore|Chansey|77/100 par\n|move|p2a: Starmie|Psychic|p1a: Not Alone Anymore\n|-damage|p1a: Not Alone Anymore|62/100 par\n|\n|upkeep\n|turn|22\n|\n|t:|1768754157\n|cant|p2a: Starmie|par\n|cant|p1a: Not Alone Anymore|par\n|\n|upkeep\n|turn|23\n|\n|t:|1768754166\n|move|p2a: Starmie|Psychic|p1a: Not Alone Anymore\n|-damage|p1a: Not Alone Anymore|48/100 par\n|move|p1a: Not Alone Anymore|Soft-Boiled|p1a: Not Alone Anymore\n|-heal|p1a: Not Alone Anymore|98/100 par\n|\n|upkeep\n|turn|24\n|inactive|BeeOrSomething has 150 seconds left.\n|\n|t:|1768754172\n|move|p2a: Starmie|Psychic|p1a: Not Alone Anymore\n|-damage|p1a: Not Alone Anymore|83/100 par\n|cant|p1a: Not Alone Anymore|par\n|\n|upkeep\n|turn|25\n|\n|t:|1768754176\n|move|p2a: Starmie|Psychic|p1a: Not Alone Anymore\n|-damage|p1a: Not Alone Anymore|67/100 par\n|-unboost|p1a: Not Alone Anymore|spa|1\n|-unboost|p1a: Not Alone Anymore|spd|1\n|move|p1a: Not Alone Anymore|Soft-Boiled|p1a: Not Alone Anymore\n|-heal|p1a: Not Alone Anymore|100/100 par\n|\n|upkeep\n|turn|26\n|\n|t:|1768754183\n|cant|p2a: Starmie|par\n|move|p1a: Not Alone Anymore|Ice Beam|p2a: Starmie\n|-resisted|p2a: Starmie\n|-damage|p2a: Starmie|93/100 par\n|\n|upkeep\n|turn|27\n|\n|t:|1768754190\n|move|p2a: Starmie|Thunder Wave|p1a: Not Alone Anymore\n|-fail|p1a: Not Alone Anymore|par\n|move|p1a: Not Alone Anymore|Thunder Wave|p2a: Starmie\n|-fail|p2a: Starmie|par\n|\n|upkeep\n|turn|28\n|\n|t:|1768754194\n|move|p2a: Starmie|Thunder Wave|p1a: Not Alone Anymore\n|-fail|p1a: Not Alone Anymore|par\n|move|p1a: Not Alone Anymore|Ice Beam|p2a: Starmie\n|-resisted|p2a: Starmie\n|-damage|p2a: Starmie|85/100 par\n|\n|upkeep\n|turn|29\n|\n|t:|1768754198\n|move|p2a: Starmie|Recover|p2a: Starmie\n|-heal|p2a: Starmie|100/100 par\n|cant|p1a: Not Alone Anymore|par\n|\n|upkeep\n|turn|30\n|\n|t:|1768754203\n|move|p2a: Starmie|Thunder Wave|p1a: Not Alone Anymore\n|-fail|p1a: Not Alone Anymore|par\n|move|p1a: Not Alone Anymore|Ice Beam|p2a: Starmie\n|-resisted|p2a: Starmie\n|-damage|p2a: Starmie|92/100 par\n|\n|upkeep\n|turn|31\n|\n|t:|1768754209\n|switch|p1a: Truly Wonderful|Rhydon|100/100\n|cant|p2a: Starmie|par\n|\n|upkeep\n|turn|32\n|inactive|BeeOrSomething has 210 seconds left.\n|\n|t:|1768754222\n|move|p1a: Truly Wonderful|Earthquake|p2a: Starmie\n|-damage|p2a: Starmie|41/100 par\n|move|p2a: Starmie|Blizzard|p1a: Truly Wonderful\n|-supereffective|p1a: Truly Wonderful\n|-damage|p1a: Truly Wonderful|34/100\n|\n|upkeep\n|turn|33\n|inactive|BeeOrSomething has 210 seconds left.\n|inactive|Sceptross has 270 seconds left.\n|inactive|BeeOrSomething has 180 seconds left.\n|inactive|Sceptross has 240 seconds left.\n|\n|t:|1768754284\n|switch|p2a: Jynx|Jynx|100/100\n|move|p1a: Truly Wonderful|Substitute|p1a: Truly Wonderful\n|-start|p1a: Truly Wonderful|Substitute\n|-damage|p1a: Truly Wonderful|9/100\n|\n|upkeep\n|turn|34\n|\n|t:|1768754290\n|move|p2a: Jynx|Psychic|p1a: Truly Wonderful\n|-crit|p1a: Truly Wonderful\n|-end|p1a: Truly Wonderful|Substitute\n|move|p1a: Truly Wonderful|Rock Slide|p2a: Jynx\n|-supereffective|p2a: Jynx\n|-damage|p2a: Jynx|0 fnt\n|faint|p2a: Jynx\n|inactive|Sceptross has 240 seconds left.\n|\n|t:|1768754301\n|switch|p2a: Tauros|Tauros|100/100\n|turn|35\n|\n|t:|1768754304\n|switch|p1a: Make A Contract|Jynx|100/100 slp\n|move|p2a: Tauros|Body Slam|p1a: Make A Contract\n|-damage|p1a: Make A Contract|50/100 slp\n|\n|upkeep\n|turn|36\n|inactive|Sceptross has 240 seconds left.\n|inactive|Sceptross has 210 seconds left.\n|\n|t:|1768754360\n|switch|p2a: Starmie|Starmie|41/100 par\n|cant|p1a: Make A Contract|slp\n|\n|upkeep\n|turn|37\n|inactive|Sceptross has 210 seconds left.\n|\n|t:|1768754373\n|switch|p1a: Truly Wonderful|Rhydon|9/100\n|move|p2a: Starmie|Recover|p2a: Starmie\n|-heal|p2a: Starmie|91/100 par\n|\n|upkeep\n|turn|38\n|inactive|Sceptross has 210 seconds left.\n|inactive|Sceptross has 180 seconds left.\n|inactive|Sceptross has 150 seconds left.\n|inactive|Sceptross has 120 seconds left.\n|inactive|Sceptross has 90 seconds left.\n|inactive|Sceptross has 60 seconds left.\n|\n|t:|1768754555\n|move|p1a: Truly Wonderful|Earthquake|p2a: Starmie\n|-crit|p2a: Starmie\n|-damage|p2a: Starmie|0 fnt\n|faint|p2a: Starmie\n|\n|t:|1768754559\n|switch|p2a: Tauros|Tauros|100/100\n|turn|39\n|\n|t:|1768754562\n|switch|p1a: Make A Contract|Jynx|50/100 slp\n|move|p2a: Tauros|Body Slam|p1a: Make A Contract\n|-crit|p1a: Make A Contract\n|-damage|p1a: Make A Contract|0 fnt\n|faint|p1a: Make A Contract\n|\n|t:|1768754566\n|switch|p1a: So Stupid|Starmie|85/100\n|turn|40\n|\n|t:|1768754584\n|switch|p2a: Chansey|Chansey|87/100 slp\n|move|p1a: So Stupid|Thunder Wave|p2a: Chansey|[miss]\n|-miss|p1a: So Stupid\n|-hint|In Gen 1, moves with 100% accuracy can still miss 1/256 of the time.\n|\n|upkeep\n|turn|41\n|\n|t:|1768754599\n|switch|p1a: Very Best Friend|Tauros|100/100\n|switch|p2a: Tauros|Tauros|100/100\n|\n|upkeep\n|turn|42\n|\n|t:|1768754606\n|move|p1a: Very Best Friend|Body Slam|p2a: Tauros\n|-damage|p2a: Tauros|72/100\n|move|p2a: Tauros|Body Slam|p1a: Very Best Friend\n|-damage|p1a: Very Best Friend|71/100\n|\n|upkeep\n|turn|43\n|\n|t:|1768754615\n|move|p2a: Tauros|Blizzard|p1a: Very Best Friend\n|-damage|p1a: Very Best Friend|44/100\n|move|p1a: Very Best Friend|Body Slam|p2a: Tauros\n|-damage|p2a: Tauros|43/100\n|\n|upkeep\n|turn|44\n|inactive|Sceptross has 90 seconds left.\n|\n|t:|1768754627\n|switch|p1a: Not Alone Anymore|Chansey|100/100 par\n|move|p2a: Tauros|Hyper Beam|p1a: Not Alone Anymore\n|-damage|p1a: Not Alone Anymore|37/100 par\n|-mustrecharge|p2a: Tauros\n|\n|upkeep\n|turn|45\n|\n|t:|1768754638\n|cant|p2a: Tauros|recharge\n|cant|p1a: Not Alone Anymore|par\n|\n|upkeep\n|turn|46\n|\n|t:|1768754643\n|move|p2a: Tauros|Body Slam|p1a: Not Alone Anymore\n|-damage|p1a: Not Alone Anymore|0 fnt\n|faint|p1a: Not Alone Anymore\n|inactive|BeeOrSomething has 240 seconds left.\n|\n|t:|1768754649\n|switch|p1a: So Stupid|Starmie|85/100\n|turn|47\n|inactive|Sceptross has 120 seconds left.\n|\n|t:|1768754660\n|switch|p2a: Chansey|Chansey|87/100 slp\n|move|p1a: So Stupid|Thunder Wave|p2a: Chansey\n|-fail|p2a: Chansey\n|\n|upkeep\n|turn|48\n|inactive|Sceptross has 120 seconds left.\n|\n|t:|1768754670\n|switch|p2a: Tauros|Tauros|43/100\n|move|p1a: So Stupid|Psychic|p2a: Tauros\n|-damage|p2a: Tauros|6/100\n|-unboost|p2a: Tauros|spa|1\n|-unboost|p2a: Tauros|spd|1\n|\n|upkeep\n|turn|49\n|\n|t:|1768754674\n|switch|p2a: Chansey|Chansey|87/100 slp\n|move|p1a: So Stupid|Psychic|p2a: Chansey\n|-damage|p2a: Chansey|71/100 slp\n|-unboost|p2a: Chansey|spa|1\n|-unboost|p2a: Chansey|spd|1\n|\n|upkeep\n|turn|50\n|\n|t:|1768754683\n|move|p1a: So Stupid|Psychic|p2a: Chansey\n|-damage|p2a: Chansey|48/100 slp\n|cant|p2a: Chansey|slp\n|\n|upkeep\n|turn|51\n|\n|t:|1768754695\n|switch|p2a: Snorlax|Snorlax|18/100\n|move|p1a: So Stupid|Psychic|p2a: Snorlax\n|-damage|p2a: Snorlax|0 fnt\n|faint|p2a: Snorlax\n|\n|t:|1768754698\n|switch|p2a: Chansey|Chansey|48/100 slp\n|turn|52\n|\n|t:|1768754704\n|switch|p1a: Very Best Friend|Tauros|44/100\n|cant|p2a: Chansey|slp\n|\n|upkeep\n|turn|53\n|inactive|Sceptross has 150 seconds left.\n|\n|t:|1768754722\n|switch|p2a: Rhydon|Rhydon|100/100\n|move|p1a: Very Best Friend|Earthquake|p2a: Rhydon\n|-supereffective|p2a: Rhydon\n|-damage|p2a: Rhydon|66/100\n|\n|upkeep\n|turn|54\n|inactive|Sceptross has 150 seconds left.\n|\n|t:|1768754728\n|move|p1a: Very Best Friend|Earthquake|p2a: Rhydon\n|-supereffective|p2a: Rhydon\n|-damage|p2a: Rhydon|31/100\n|move|p2a: Rhydon|Earthquake|p1a: Very Best Friend\n|-damage|p1a: Very Best Friend|2/100\n|\n|upkeep\n|turn|55\n|\n|t:|1768754731\n|move|p1a: Very Best Friend|Earthquake|p2a: Rhydon\n|-supereffective|p2a: Rhydon\n|-damage|p2a: Rhydon|0 fnt\n|faint|p2a: Rhydon\n|\n|t:|1768754732\n|switch|p2a: Tauros|Tauros|6/100\n|turn|56\n|\n|t:|1768754741\n|switch|p1a: Truly Wonderful|Rhydon|9/100\n|move|p2a: Tauros|Body Slam|p1a: Truly Wonderful\n|-resisted|p1a: Truly Wonderful\n|-damage|p1a: Truly Wonderful|0 fnt\n|faint|p1a: Truly Wonderful\n|\n|t:|1768754744\n|switch|p1a: So Stupid|Starmie|85/100\n|turn|57\n|\n|t:|1768754749\n|switch|p2a: Chansey|Chansey|48/100 slp\n|move|p1a: So Stupid|Psychic|p2a: Chansey\n|-damage|p2a: Chansey|33/100 slp\n|\n|upkeep\n|turn|58\n|\n|t:|1768754753\n|switch|p1a: Very Best Friend|Tauros|2/100\n|cant|p2a: Chansey|slp\n|\n|upkeep\n|turn|59\n|\n|t:|1768754758\n|move|p1a: Very Best Friend|Body Slam|p2a: Chansey\n|-damage|p2a: Chansey|0 fnt\n|faint|p2a: Chansey\n|\n|t:|1768754759\n|switch|p2a: Tauros|Tauros|6/100\n|turn|60\n|\n|t:|1768754760\n|move|p1a: Very Best Friend|Body Slam|p2a: Tauros\n|-crit|p2a: Tauros\n|-damage|p2a: Tauros|0 fnt\n|faint|p2a: Tauros\n|\n|win|BeeOrSomething\n|c|☆BeeOrSomething|ggs\n|c|☆Sceptross|ggs\n|player|p1|\n","uploadtime":1768754760,"views":"1710","formatid":"gen1ou","rating":null,"private":0,"password":null}