{"id":"smogtours-gen1ou-968638","format":"[Gen 1] OU","players":["Amaranth","wooooo rby"],"log":"|inactive|Battle timer is ON: inactive players will automatically lose when time's up.\n|t:|1788618006\n|gametype|singles\n|player|p1|Amaranth|#amaranth|\n|player|p2|wooooo rby|lucas|\n|gen|1\n|tier|[Gen 1] OU\n|rule|Desync Clause Mod: Desyncs resolve to link battle behavior from the acting player's perspective.\n|rule|HP Percentage Mod: HP is shown in percentages\n|rule|Endless Battle Clause: Forcing endless battles is banned\n|rule|Sleep Clause Mod: Limit one foe put to sleep\n|rule|Freeze Clause Mod: Limit one foe frozen\n|rule|Species Clause: Limit one of each Pokémon\n|rule|OHKO Clause: OHKO moves are banned\n|rule|Evasion Moves Clause: Evasion moves are banned\n|\n|t:|1788618006\n|teamsize|p1|6\n|teamsize|p2|6\n|start\n|switch|p1a: Gengar|Gengar|100/100\n|switch|p2a: Starmie|Starmie|100/100\n|turn|1\n|c|☆wooooo rby|hf\n|c|☆Amaranth|glhf\n|\n|t:|1788618023\n|move|p2a: Starmie|Psychic|p1a: Gengar\n|-supereffective|p1a: Gengar\n|-damage|p1a: Gengar|48/100\n|-unboost|p1a: Gengar|spa|1\n|-unboost|p1a: Gengar|spd|1\n|move|p1a: Gengar|Hypnosis|p2a: Starmie\n|-status|p2a: Starmie|slp|[from] move: Hypnosis\n|\n|upkeep\n|turn|2\n|inactive|wooooo rby has 270 seconds left.\n|\n|t:|1788618054\n|switch|p2a: Exeggutor|Exeggutor|100/100\n|move|p1a: Gengar|Night Shade|p2a: Exeggutor\n|-damage|p2a: Exeggutor|75/100\n|\n|upkeep\n|turn|3\n|\n|t:|1788618059\n|move|p1a: Gengar|Explosion|p2a: Exeggutor\n|-damage|p2a: Exeggutor|14/100\n|faint|p1a: Gengar\n|\n|t:|1788618064\n|switch|p1a: Tauros|Tauros|100/100\n|turn|4\n|\n|t:|1788618066\n|switch|p2a: Snorlax|Snorlax|100/100\n|move|p1a: Tauros|Body Slam|p2a: Snorlax\n|-crit|p2a: Snorlax\n|-damage|p2a: Snorlax|54/100\n|\n|upkeep\n|turn|5\n|\n|t:|1788618071\n|move|p1a: Tauros|Body Slam|p2a: Snorlax\n|-damage|p2a: Snorlax|31/100\n|move|p2a: Snorlax|Body Slam|p1a: Tauros\n|-damage|p1a: Tauros|71/100\n|\n|upkeep\n|turn|6\n|\n|t:|1788618076\n|switch|p2a: Cloyster|Cloyster|100/100\n|move|p1a: Tauros|Hyper Beam|p2a: Cloyster\n|-crit|p2a: Cloyster\n|-damage|p2a: Cloyster|27/100\n|-mustrecharge|p1a: Tauros\n|\n|upkeep\n|turn|7\n|\n|t:|1788618087\n|cant|p1a: Tauros|recharge\n|move|p2a: Cloyster|Explosion|p1a: Tauros\n|-damage|p1a: Tauros|0 fnt\n|faint|p1a: Tauros\n|faint|p2a: Cloyster\n|\n|t:|1788618099\n|switch|p1a: Alakazam|Alakazam|100/100\n|switch|p2a: Chansey|Chansey|100/100\n|turn|8\n|\n|t:|1788618104\n|move|p1a: Alakazam|Thunder Wave|p2a: Chansey\n|-status|p2a: Chansey|par\n|move|p2a: Chansey|Sing|p1a: Alakazam\n|-status|p1a: Alakazam|slp|[from] move: Sing\n|\n|upkeep\n|turn|9\n|\n|t:|1788618110\n|switch|p1a: Snorlax|Snorlax|100/100\n|move|p2a: Chansey|Thunder Wave|p1a: Snorlax\n|-status|p1a: Snorlax|par\n|\n|upkeep\n|turn|10\n|inactive|wooooo rby has 270 seconds left.\n|inactive|Amaranth has 270 seconds left.\n|\n|t:|1788618154\n|switch|p2a: Starmie|Starmie|100/100 slp\n|move|p1a: Snorlax|Body Slam|p2a: Starmie\n|-crit|p2a: Starmie\n|-damage|p2a: Starmie|35/100 slp\n|\n|upkeep\n|turn|11\n|\n|t:|1788618157\n|cant|p2a: Starmie|slp\n|move|p1a: Snorlax|Body Slam|p2a: Starmie\n|-damage|p2a: Starmie|0 fnt\n|faint|p2a: Starmie\n|\n|t:|1788618160\n|switch|p2a: Snorlax|Snorlax|31/100\n|turn|12\n|\n|t:|1788618164\n|switch|p1a: Exeggutor|Exeggutor|100/100\n|move|p2a: Snorlax|Rest|p2a: Snorlax\n|-status|p2a: Snorlax|slp|[from] move: Rest\n|-heal|p2a: Snorlax|100/100 slp|[silent]\n|\n|upkeep\n|turn|13\n|\n|t:|1788618171\n|switch|p2a: Chansey|Chansey|100/100 par\n|move|p1a: Exeggutor|Psychic|p2a: Chansey\n|-crit|p2a: Chansey\n|-damage|p2a: Chansey|70/100 par\n|-unboost|p2a: Chansey|spa|1\n|-unboost|p2a: Chansey|spd|1\n|\n|upkeep\n|turn|14\n|\n|t:|1788618176\n|move|p1a: Exeggutor|Explosion|p2a: Chansey\n|-damage|p2a: Chansey|0 fnt\n|faint|p2a: Chansey\n|faint|p1a: Exeggutor\n|\n|t:|1788618180\n|switch|p1a: Articuno|Articuno|100/100\n|switch|p2a: Tauros|Tauros|100/100\n|turn|15\n|\n|t:|1788618206\n|move|p2a: Tauros|Body Slam|p1a: Articuno\n|-crit|p1a: Articuno\n|-damage|p1a: Articuno|50/100\n|move|p1a: Articuno|Agility|p1a: Articuno\n|-boost|p1a: Articuno|spe|2\n|\n|upkeep\n|turn|16\n|\n|t:|1788618224\n|move|p1a: Articuno|Blizzard|p2a: Tauros\n|-damage|p2a: Tauros|46/100\n|-status|p2a: Tauros|frz\n|cant|p2a: Tauros|frz\n|\n|upkeep\n|turn|17\n|\n|t:|1788618228\n|move|p1a: Articuno|Ice Beam|p2a: Tauros\n|-crit|p2a: Tauros\n|-damage|p2a: Tauros|0 fnt\n|faint|p2a: Tauros\n|\n|t:|1788618230\n|switch|p2a: Snorlax|Snorlax|100/100 slp\n|turn|18\n|\n|t:|1788618235\n|move|p1a: Articuno|Blizzard|p2a: Snorlax\n|-crit|p2a: Snorlax\n|-damage|p2a: Snorlax|20/100 slp\n|cant|p2a: Snorlax|slp\n|\n|upkeep\n|turn|19\n|c|☆wooooo rby|gg\n|c|☆Amaranth|gg\n|\n|t:|1788618239\n|move|p1a: Articuno|Ice Beam|p2a: Snorlax\n|-damage|p2a: Snorlax|0 fnt\n|faint|p2a: Snorlax\n|\n|t:|1788618241\n|switch|p2a: Exeggutor|Exeggutor|14/100\n|turn|20\n|\n|t:|1788618242\n|move|p1a: Articuno|Ice Beam|p2a: Exeggutor\n|-supereffective|p2a: Exeggutor\n|-damage|p2a: Exeggutor|0 fnt\n|faint|p2a: Exeggutor\n|\n|win|Amaranth\n","uploadtime":1788618242,"views":"130","formatid":"gen1ou","rating":null,"private":0,"password":null}