{"id":"smogtours-gen1ou-944941","format":"[Gen 1] OU","players":["A Real Jester","big will 2024"],"log":"|inactive|Battle timer is ON: inactive players will automatically lose when time's up.\n|t:|1780952212\n|gametype|singles\n|player|p1|A Real Jester|red-gen1rb|\n|player|p2|big will 2024|morty-gen2|\n|gen|1\n|tier|[Gen 1] OU\n|rule|Desync Clause Mod: Desyncs changed to move failure.\n|rule|HP Percentage Mod: HP is shown in percentages\n|rule|Endless Battle Clause: Forcing endless battles is banned\n|rule|Sleep Clause Mod: Limit one foe put to sleep\n|rule|Freeze Clause Mod: Limit one foe frozen\n|rule|Species Clause: Limit one of each Pokémon\n|rule|OHKO Clause: OHKO moves are banned\n|rule|Evasion Moves Clause: Evasion moves are banned\n|\n|t:|1780952212\n|teamsize|p1|6\n|teamsize|p2|6\n|start\n|switch|p1a: Luv (Sic) Part 3|Jynx|100/100\n|switch|p2a: SC Possession|Alakazam|100/100\n|turn|1\n|inactive|big will 2024 also wants the timer to be on.\n|c|☆big will 2024|been a wild ride man\n|c|☆big will 2024|lets finish strong\n|c|☆big will 2024|hf\n|c|☆A Real Jester|you too\n|\n|t:|1780952238\n|move|p2a: SC Possession|Thunder Wave|p1a: Luv (Sic) Part 3\n|-status|p1a: Luv (Sic) Part 3|par\n|move|p1a: Luv (Sic) Part 3|Lovely Kiss|p2a: SC Possession\n|-status|p2a: SC Possession|slp|[from] move: Lovely Kiss\n|\n|upkeep\n|turn|2\n|inactive|big will 2024 has 270 seconds left.\n|inactive|A Real Jester has 270 seconds left.\n|c|+Quarante8|whats this for\n|c|☆big will 2024|invite\n|c|+Quarante8|ooh\n|c|+Quarante8|g3?\n|c|☆big will 2024|yeye\n|c|+zacpz|is this spl\n|c|+Quarante8|cool\n|inactive|A Real Jester has 240 seconds left.\n|c|☆big will 2024|no zac its ballspl\n|c|☆big will 2024|more important tournament\n|\n|t:|1780952318\n|switch|p2a: RG|Slowbro|100/100\n|move|p1a: Luv (Sic) Part 3|Ice Beam|p2a: RG\n|-crit|p2a: RG\n|-resisted|p2a: RG\n|-damage|p2a: RG|70/100\n|\n|upkeep\n|turn|3\n|c|+zacpz|the legendario ballspl\n|c|+zacpz|woah\n|inactive|A Real Jester has 240 seconds left.\n|inactive|big will 2024 has 240 seconds left.\n|inactive|A Real Jester has 210 seconds left.\n|inactive|A Real Jester has 180 seconds left.\n|\n|t:|1780952398\n|move|p2a: RG|Thunder Wave|p1a: Luv (Sic) Part 3\n|-fail|p1a: Luv (Sic) Part 3|par\n|move|p1a: Luv (Sic) Part 3|Psychic|p2a: RG\n|-crit|p2a: RG\n|-resisted|p2a: RG\n|-damage|p2a: RG|39/100\n|\n|upkeep\n|turn|4\n|\n|t:|1780952406\n|switch|p1a: Reflection Eternal|Chansey|100/100\n|move|p2a: RG|Rest|p2a: RG\n|-status|p2a: RG|slp|[from] move: Rest\n|-heal|p2a: RG|100/100 slp|[silent]\n|\n|upkeep\n|turn|5\n|\n|t:|1780952423\n|switch|p2a: SC Possession|Alakazam|100/100 slp\n|move|p1a: Reflection Eternal|Thunder Wave|p2a: SC Possession\n|-fail|p2a: SC Possession\n|\n|upkeep\n|turn|6\n|\n|t:|1780952429\n|cant|p2a: SC Possession|slp\n|move|p1a: Reflection Eternal|Thunder Wave|p2a: SC Possession\n|-fail|p2a: SC Possession\n|\n|upkeep\n|turn|7\n|\n|t:|1780952432\n|switch|p1a: Modal Soul|Tauros|100/100\n|cant|p2a: SC Possession|slp\n|\n|upkeep\n|turn|8\n|\n|t:|1780952440\n|switch|p2a: Kim the Jenks|Exeggutor|100/100\n|move|p1a: Modal Soul|Body Slam|p2a: Kim the Jenks\n|-crit|p2a: Kim the Jenks\n|-damage|p2a: Kim the Jenks|49/100\n|\n|upkeep\n|turn|9\n|\n|t:|1780952457\n|switch|p1a: Luv (Sic) Part 3|Jynx|100/100 par\n|switch|p2a: Bed and Desk|Snorlax|100/100\n|\n|upkeep\n|turn|10\n|\n|t:|1780952462\n|switch|p1a: Ordinary Joe|Snorlax|100/100\n|move|p2a: Bed and Desk|Body Slam|p1a: Ordinary Joe\n|-damage|p1a: Ordinary Joe|75/100\n|\n|upkeep\n|turn|11\n|\n|t:|1780952465\n|move|p1a: Ordinary Joe|Reflect|p1a: Ordinary Joe\n|-start|p1a: Ordinary Joe|Reflect\n|move|p2a: Bed and Desk|Counter|p1a: Ordinary Joe\n|-fail|p2a: Bed and Desk\n|\n|upkeep\n|turn|12\n|inactive|big will 2024 has 270 seconds left.\n|\n|t:|1780952472\n|move|p1a: Ordinary Joe|Ice Beam|p2a: Bed and Desk\n|-damage|p2a: Bed and Desk|87/100\n|move|p2a: Bed and Desk|Counter|p1a: Ordinary Joe\n|-fail|p2a: Bed and Desk\n|\n|upkeep\n|turn|13\n|\n|t:|1780952477\n|move|p1a: Ordinary Joe|Ice Beam|p2a: Bed and Desk\n|-damage|p2a: Bed and Desk|73/100\n|move|p2a: Bed and Desk|Body Slam|p1a: Ordinary Joe\n|-damage|p1a: Ordinary Joe|61/100\n|\n|upkeep\n|turn|14\n|inactive|A Real Jester has 240 seconds left.\n|inactive|big will 2024 has 270 seconds left.\n|inactive|A Real Jester has 210 seconds left.\n|inactive|A Real Jester has 180 seconds left.\n|\n|t:|1780952563\n|move|p2a: Bed and Desk|Body Slam|p1a: Ordinary Joe\n|-damage|p1a: Ordinary Joe|48/100\n|move|p1a: Ordinary Joe|Ice Beam|p2a: Bed and Desk\n|-crit|p2a: Bed and Desk\n|-damage|p2a: Bed and Desk|46/100\n|\n|upkeep\n|turn|15\n|inactive|big will 2024 has 270 seconds left.\n|\n|t:|1780952575\n|switch|p2a: Kim the Jenks|Exeggutor|49/100\n|move|p1a: Ordinary Joe|Rest|p1a: Ordinary Joe\n|-status|p1a: Ordinary Joe|slp|[from] move: Rest\n|-heal|p1a: Ordinary Joe|100/100 slp|[silent]\n|\n|upkeep\n|turn|16\n|inactive|A Real Jester has 180 seconds left.\n|\n|t:|1780952603\n|switch|p1a: Flowers|Exeggutor|100/100\n|move|p2a: Kim the Jenks|Psychic|p1a: Flowers\n|-resisted|p1a: Flowers\n|-damage|p1a: Flowers|88/100\n|\n|upkeep\n|turn|17\n|inactive|big will 2024 has 270 seconds left.\n|inactive|A Real Jester has 150 seconds left.\n|\n|t:|1780952645\n|switch|p1a: Ordinary Joe|Snorlax|100/100 slp\n|move|p2a: Kim the Jenks|Sleep Powder|p1a: Ordinary Joe\n|-fail|p1a: Ordinary Joe|slp\n|\n|upkeep\n|turn|18\n|\n|t:|1780952649\n|switch|p1a: Luv (Sic) Part 3|Jynx|100/100 par\n|move|p2a: Kim the Jenks|Psychic|p1a: Luv (Sic) Part 3\n|-resisted|p1a: Luv (Sic) Part 3\n|-damage|p1a: Luv (Sic) Part 3|82/100 par\n|\n|upkeep\n|turn|19\n|\n|t:|1780952653\n|switch|p2a: RG|Slowbro|100/100 slp\n|move|p1a: Luv (Sic) Part 3|Ice Beam|p2a: RG\n|-resisted|p2a: RG\n|-damage|p2a: RG|85/100 slp\n|\n|upkeep\n|turn|20\n|inactive|A Real Jester has 150 seconds left.\n|inactive|big will 2024 has 270 seconds left.\n|inactive|A Real Jester has 120 seconds left.\n|\n|t:|1780952717\n|switch|p2a: Bed and Desk|Snorlax|46/100\n|switch|p1a: Modal Soul|Tauros|100/100\n|\n|upkeep\n|turn|21\n|inactive|A Real Jester has 120 seconds left.\n|\n|t:|1780952732\n|switch|p1a: Ordinary Joe|Snorlax|100/100 slp\n|move|p2a: Bed and Desk|Self-Destruct|p1a: Ordinary Joe\n|-damage|p1a: Ordinary Joe|23/100 slp\n|faint|p2a: Bed and Desk\n|\n|t:|1780952742\n|switch|p2a: Perez|Tauros|100/100\n|turn|22\n|\n|t:|1780952747\n|move|p2a: Perez|Body Slam|p1a: Ordinary Joe\n|-damage|p1a: Ordinary Joe|0 fnt\n|faint|p1a: Ordinary Joe\n|\n|t:|1780952753\n|switch|p1a: Horizon|Starmie|100/100\n|turn|23\n|\n|t:|1780952757\n|switch|p2a: SC Possession|Alakazam|100/100 slp\n|move|p1a: Horizon|Blizzard|p2a: SC Possession\n|-damage|p2a: SC Possession|78/100 slp\n|\n|upkeep\n|turn|24\n|\n|t:|1780952764\n|switch|p1a: Modal Soul|Tauros|100/100\n|cant|p2a: SC Possession|slp\n|\n|upkeep\n|turn|25\n|inactive|big will 2024 has 270 seconds left.\n|\n|t:|1780952794\n|switch|p2a: Loaded Gun|Zapdos|100/100\n|move|p1a: Modal Soul|Body Slam|p2a: Loaded Gun\n|-damage|p2a: Loaded Gun|72/100\n|-status|p2a: Loaded Gun|par\n|\n|upkeep\n|turn|26\n|inactive|A Real Jester has 150 seconds left.\n|\n|t:|1780952820\n|switch|p1a: Luv (Sic) Part 3|Jynx|82/100 par\n|cant|p2a: Loaded Gun|par\n|\n|upkeep\n|turn|27\n|inactive|big will 2024 has 270 seconds left.\n|\n|t:|1780952837\n|switch|p2a: RG|Slowbro|85/100 slp\n|switch|p1a: Reflection Eternal|Chansey|100/100\n|\n|upkeep\n|turn|28\n|\n|t:|1780952843\n|switch|p2a: Kim the Jenks|Exeggutor|49/100\n|move|p1a: Reflection Eternal|Thunderbolt|p2a: Kim the Jenks\n|-resisted|p2a: Kim the Jenks\n|-damage|p2a: Kim the Jenks|41/100\n|-status|p2a: Kim the Jenks|par\n|\n|upkeep\n|turn|29\n|inactive|big will 2024 has 270 seconds left.\n|\n|t:|1780952851\n|switch|p1a: Luv (Sic) Part 3|Jynx|82/100 par\n|switch|p2a: Perez|Tauros|100/100\n|\n|upkeep\n|turn|30\n|\n|t:|1780952856\n|switch|p1a: Flowers|Exeggutor|88/100\n|move|p2a: Perez|Body Slam|p1a: Flowers\n|-crit|p1a: Flowers\n|-damage|p1a: Flowers|32/100\n|-status|p1a: Flowers|par\n|\n|upkeep\n|turn|31\n|inactive|big will 2024 has 270 seconds left.\n|inactive|A Real Jester has 150 seconds left.\n|\n|t:|1780952886\n|move|p2a: Perez|Blizzard|p1a: Flowers\n|-supereffective|p1a: Flowers\n|-damage|p1a: Flowers|0 fnt\n|faint|p1a: Flowers\n|\n|t:|1780952889\n|switch|p1a: Horizon|Starmie|100/100\n|turn|32\n|inactive|big will 2024 has 270 seconds left.\n|\n|t:|1780952917\n|switch|p2a: RG|Slowbro|85/100 slp\n|move|p1a: Horizon|Psychic|p2a: RG\n|-resisted|p2a: RG\n|-damage|p2a: RG|68/100 slp\n|\n|upkeep\n|turn|33\n|\n|t:|1780952919\n|switch|p1a: Modal Soul|Tauros|100/100\n|cant|p2a: RG|slp\n|\n|upkeep\n|turn|34\n|inactive|big will 2024 has 270 seconds left.\n|\n|t:|1780952929\n|switch|p2a: SC Possession|Alakazam|78/100 slp\n|move|p1a: Modal Soul|Thunderbolt|p2a: SC Possession\n|-crit|p2a: SC Possession\n|-damage|p2a: SC Possession|48/100 slp\n|\n|upkeep\n|turn|35\n|\n|t:|1780952935\n|cant|p2a: SC Possession|slp\n|move|p1a: Modal Soul|Body Slam|p2a: SC Possession\n|-damage|p2a: SC Possession|0 fnt\n|faint|p2a: SC Possession\n|inactive|big will 2024 has 270 seconds left.\n|inactive|big will 2024 has 240 seconds left.\n|\n|t:|1780952990\n|switch|p2a: Loaded Gun|Zapdos|72/100 par\n|turn|36\n|inactive|A Real Jester has 180 seconds left.\n|inactive|A Real Jester has 150 seconds left.\n|\n|t:|1780953073\n|switch|p1a: Luv (Sic) Part 3|Jynx|82/100 par\n|cant|p2a: Loaded Gun|par\n|\n|upkeep\n|turn|37\n|\n|t:|1780953094\n|switch|p2a: RG|Slowbro|68/100 slp\n|move|p1a: Luv (Sic) Part 3|Ice Beam|p2a: RG\n|-crit|p2a: RG\n|-resisted|p2a: RG\n|-damage|p2a: RG|39/100 slp\n|\n|upkeep\n|turn|38\n|inactive|A Real Jester has 120 seconds left.\n|\n|t:|1780953122\n|switch|p1a: Reflection Eternal|Chansey|100/100\n|-curestatus|p2a: RG|slp|[msg]\n|\n|upkeep\n|turn|39\n|inactive|big will 2024 has 210 seconds left.\n|inactive|A Real Jester has 120 seconds left.\n|inactive|big will 2024 has 180 seconds left.\n|\n|t:|1780953175\n|switch|p2a: Kim the Jenks|Exeggutor|41/100 par\n|move|p1a: Reflection Eternal|Ice Beam|p2a: Kim the Jenks\n|-supereffective|p2a: Kim the Jenks\n|-damage|p2a: Kim the Jenks|8/100 par\n|\n|upkeep\n|turn|40\n|\n|t:|1780953183\n|move|p1a: Reflection Eternal|Ice Beam|p2a: Kim the Jenks\n|-supereffective|p2a: Kim the Jenks\n|-damage|p2a: Kim the Jenks|0 fnt\n|faint|p2a: Kim the Jenks\n|\n|t:|1780953186\n|switch|p2a: Perez|Tauros|100/100\n|turn|41\n|\n|t:|1780953190\n|move|p2a: Perez|Hyper Beam|p1a: Reflection Eternal\n|-crit|p1a: Reflection Eternal\n|-damage|p1a: Reflection Eternal|0 fnt\n|faint|p1a: Reflection Eternal\n|inactive|A Real Jester has 120 seconds left.\n|\n|t:|1780953209\n|switch|p1a: Horizon|Starmie|100/100\n|turn|42\n|inactive|big will 2024 has 210 seconds left.\n|inactive|A Real Jester has 90 seconds left.\n|inactive|big will 2024 has 180 seconds left.\n|\n|t:|1780953250\n|switch|p2a: RG|Slowbro|39/100\n|move|p1a: Horizon|Thunder Wave|p2a: RG\n|-status|p2a: RG|par\n|\n|upkeep\n|turn|43\n|inactive|A Real Jester has 90 seconds left.\n|inactive|big will 2024 has 180 seconds left.\n|\n|t:|1780953265\n|move|p1a: Horizon|Psychic|p2a: RG\n|-crit|p2a: RG\n|-resisted|p2a: RG\n|-damage|p2a: RG|9/100 par\n|move|p2a: RG|Thunder Wave|p1a: Horizon\n|-status|p1a: Horizon|par\n|\n|upkeep\n|turn|44\n|\n|t:|1780953271\n|move|p1a: Horizon|Psychic|p2a: RG\n|-resisted|p2a: RG\n|-damage|p2a: RG|0 fnt\n|faint|p2a: RG\n|\n|t:|1780953273\n|switch|p2a: Loaded Gun|Zapdos|72/100 par\n|turn|45\n|\n|t:|1780953278\n|switch|p1a: Luv (Sic) Part 3|Jynx|82/100 par\n|cant|p2a: Loaded Gun|par\n|\n|upkeep\n|turn|46\n|\n|t:|1780953289\n|move|p2a: Loaded Gun|Thunderbolt|p1a: Luv (Sic) Part 3\n|-damage|p1a: Luv (Sic) Part 3|43/100 par\n|move|p1a: Luv (Sic) Part 3|Ice Beam|p2a: Loaded Gun\n|-supereffective|p2a: Loaded Gun\n|-damage|p2a: Loaded Gun|24/100 par\n|\n|upkeep\n|turn|47\n|\n|t:|1780953293\n|move|p2a: Loaded Gun|Drill Peck|p1a: Luv (Sic) Part 3\n|-crit|p1a: Luv (Sic) Part 3\n|-damage|p1a: Luv (Sic) Part 3|0 fnt\n|faint|p1a: Luv (Sic) Part 3\n|\n|t:|1780953301\n|switch|p1a: Modal Soul|Tauros|100/100\n|turn|48\n|\n|t:|1780953304\n|move|p1a: Modal Soul|Body Slam|p2a: Loaded Gun\n|-crit|p2a: Loaded Gun\n|-damage|p2a: Loaded Gun|0 fnt\n|faint|p2a: Loaded Gun\n|\n|t:|1780953305\n|switch|p2a: Perez|Tauros|100/100\n|turn|49\n|\n|t:|1780953322\n|move|p1a: Modal Soul|Body Slam|p2a: Perez\n|-damage|p2a: Perez|69/100\n|move|p2a: Perez|Hyper Beam|p1a: Modal Soul\n|-crit|p1a: Modal Soul\n|-damage|p1a: Modal Soul|0 fnt\n|faint|p1a: Modal Soul\n|\n|t:|1780953326\n|switch|p1a: Horizon|Starmie|100/100 par\n|turn|50\n|\n|t:|1780953329\n|move|p2a: Perez|Body Slam|p1a: Horizon\n|-damage|p1a: Horizon|65/100 par\n|move|p1a: Horizon|Thunder Wave|p2a: Perez\n|-status|p2a: Perez|par\n|\n|upkeep\n|turn|51\n|\n|t:|1780953334\n|cant|p1a: Horizon|par\n|move|p2a: Perez|Body Slam|p1a: Horizon\n|-damage|p1a: Horizon|30/100 par\n|\n|upkeep\n|turn|52\n|\n|t:|1780953338\n|move|p1a: Horizon|Recover|p1a: Horizon\n|-heal|p1a: Horizon|80/100 par\n|move|p2a: Perez|Body Slam|p1a: Horizon\n|-damage|p1a: Horizon|43/100 par\n|\n|upkeep\n|turn|53\n|\n|t:|1780953342\n|cant|p1a: Horizon|par\n|move|p2a: Perez|Body Slam|p1a: Horizon\n|-damage|p1a: Horizon|10/100 par\n|\n|upkeep\n|turn|54\n|\n|t:|1780953345\n|move|p1a: Horizon|Recover|p1a: Horizon\n|-heal|p1a: Horizon|60/100 par\n|move|p2a: Perez|Hyper Beam|p1a: Horizon\n|-damage|p1a: Horizon|5/100 par\n|-mustrecharge|p2a: Perez\n|\n|upkeep\n|turn|55\n|inactive|A Real Jester has 210 seconds left.\n|inactive|A Real Jester has 180 seconds left.\n|c|☆big will 2024|i deserve to get crit rn ftr\n|inactive|A Real Jester has 150 seconds left.\n|\n|t:|1780953424\n|move|p1a: Horizon|Psychic|p2a: Perez\n|-damage|p2a: Perez|29/100 par\n|cant|p2a: Perez|recharge\n|\n|upkeep\n|turn|56\n|\n|t:|1780953428\n|cant|p1a: Horizon|par\n|move|p2a: Perez|Body Slam|p1a: Horizon\n|-damage|p1a: Horizon|0 fnt\n|faint|p1a: Horizon\n|\n|win|big will 2024\n|c|☆A Real Jester|ggs\n|c|☆big will 2024|ggs\n|c|☆big will 2024|sorry about this one\n","uploadtime":1780953428,"views":"113","formatid":"gen1ou","rating":null,"private":0,"password":null}