{"id":"smogtours-gen1ou-948109","format":"[Gen 1] OU","players":["TPM","TheStupe"],"log":"|inactive|Battle timer is ON: inactive players will automatically lose when time's up.\n|t:|1781904741\n|gametype|singles\n|player|p1|TPM|#rbywc2025|\n|player|p2|TheStupe|psychicf-gen4|\n|gen|1\n|tier|[Gen 1] OU\n|rule|Desync Clause Mod: Desyncs changed to move failure.\n|rule|HP Percentage Mod: HP is shown in percentages\n|rule|Endless Battle Clause: Forcing endless battles is banned\n|rule|Sleep Clause Mod: Limit one foe put to sleep\n|rule|Freeze Clause Mod: Limit one foe frozen\n|rule|Species Clause: Limit one of each Pokémon\n|rule|OHKO Clause: OHKO moves are banned\n|rule|Evasion Moves Clause: Evasion moves are banned\n|\n|t:|1781904741\n|teamsize|p1|6\n|teamsize|p2|6\n|start\n|switch|p1a: Tauros|Tauros|100/100\n|switch|p2a: Alakazam|Alakazam|100/100\n|turn|1\n|c|☆TheStupe|glhf\n|inactive|TPM has 270 seconds left.\n|c|☆TPM|You too! \n|c|☆TPM|Been looking forward to this one :) \n|c|☆TheStupe|Yeee\n|\n|t:|1781904786\n|move|p2a: Alakazam|Thunder Wave|p1a: Tauros\n|-status|p1a: Tauros|par\n|move|p1a: Tauros|Body Slam|p2a: Alakazam\n|-crit|p2a: Alakazam\n|-damage|p2a: Alakazam|0 fnt\n|faint|p2a: Alakazam\n|c|☆TPM|We take those \n|\n|t:|1781904805\n|switch|p2a: Tauros|Tauros|100/100\n|turn|2\n|inactive|TPM has 270 seconds left.\n|\n|t:|1781904853\n|move|p2a: Tauros|Body Slam|p1a: Tauros\n|-damage|p1a: Tauros|72/100 par\n|cant|p1a: Tauros|par\n|\n|upkeep\n|turn|3\n|\n|t:|1781904867\n|switch|p1a: Starmie|Starmie|100/100\n|move|p2a: Tauros|Body Slam|p1a: Starmie\n|-damage|p1a: Starmie|65/100\n|\n|upkeep\n|turn|4\n|inactive|TPM has 240 seconds left.\n|inactive|TPM has 210 seconds left.\n|\n|t:|1781904924\n|switch|p1a: Chansey|Chansey|100/100\n|switch|p2a: Chansey|Chansey|100/100\n|\n|upkeep\n|turn|5\n|inactive|TheStupe has 270 seconds left.\n|\n|t:|1781904972\n|switch|p2a: Exeggutor|Exeggutor|100/100\n|move|p1a: Chansey|Sing|p2a: Exeggutor|[miss]\n|-miss|p1a: Chansey\n|\n|upkeep\n|turn|6\n|inactive|TPM has 210 seconds left.\n|\n|t:|1781904997\n|move|p2a: Exeggutor|Sleep Powder|p1a: Chansey\n|-status|p1a: Chansey|slp|[from] move: Sleep Powder\n|-curestatus|p1a: Chansey|slp|[msg]\n|\n|upkeep\n|turn|7\n|inactive|TPM has 210 seconds left.\n|\n|t:|1781905024\n|switch|p1a: Tauros|Tauros|72/100 par\n|move|p2a: Exeggutor|Sleep Powder|p1a: Tauros\n|-fail|p1a: Tauros\n|\n|upkeep\n|turn|8\n|\n|t:|1781905037\n|move|p2a: Exeggutor|Psychic|p1a: Tauros\n|-damage|p1a: Tauros|29/100 par\n|move|p1a: Tauros|Body Slam|p2a: Exeggutor\n|-damage|p2a: Exeggutor|71/100\n|\n|upkeep\n|turn|9\n|\n|t:|1781905049\n|move|p2a: Exeggutor|Psychic|p1a: Tauros\n|-damage|p1a: Tauros|0 fnt\n|faint|p1a: Tauros\n|\n|t:|1781905052\n|switch|p1a: Lapras|Lapras|100/100\n|turn|10\n|\n|t:|1781905067\n|switch|p2a: Lapras|Lapras|100/100\n|move|p1a: Lapras|Blizzard|p2a: Lapras\n|-resisted|p2a: Lapras\n|-damage|p2a: Lapras|93/100\n|\n|upkeep\n|turn|11\n|inactive|TPM has 180 seconds left.\n|\n|t:|1781905117\n|move|p2a: Lapras|Thunderbolt|p1a: Lapras\n|-supereffective|p1a: Lapras\n|-damage|p1a: Lapras|66/100\n|move|p1a: Lapras|Thunderbolt|p2a: Lapras\n|-supereffective|p2a: Lapras\n|-damage|p2a: Lapras|61/100\n|\n|upkeep\n|turn|12\n|inactive|TPM has 150 seconds left.\n|\n|t:|1781905145\n|move|p1a: Lapras|Thunderbolt|p2a: Lapras\n|-supereffective|p2a: Lapras\n|-damage|p2a: Lapras|27/100\n|move|p2a: Lapras|Thunderbolt|p1a: Lapras\n|-supereffective|p1a: Lapras\n|-damage|p1a: Lapras|31/100\n|\n|upkeep\n|turn|13\n|\n|t:|1781905153\n|switch|p1a: Starmie|Starmie|65/100\n|move|p2a: Lapras|Thunderbolt|p1a: Starmie\n|-supereffective|p1a: Starmie\n|-damage|p1a: Starmie|18/100\n|\n|upkeep\n|turn|14\n|inactive|TPM has 150 seconds left.\n|\n|t:|1781905170\n|switch|p2a: Chansey|Chansey|100/100\n|move|p1a: Starmie|Recover|p1a: Starmie\n|-heal|p1a: Starmie|67/100\n|\n|upkeep\n|turn|15\n|\n|t:|1781905176\n|switch|p1a: Chansey|Chansey|100/100\n|switch|p2a: Exeggutor|Exeggutor|71/100\n|\n|upkeep\n|turn|16\n|inactive|TPM has 150 seconds left.\n|\n|t:|1781905207\n|switch|p1a: Lapras|Lapras|31/100\n|move|p2a: Exeggutor|Sleep Powder|p1a: Lapras|[miss]\n|-miss|p2a: Exeggutor\n|\n|upkeep\n|turn|17\n|\n|t:|1781905227\n|switch|p2a: Lapras|Lapras|27/100\n|move|p1a: Lapras|Blizzard|p2a: Lapras\n|-resisted|p2a: Lapras\n|-damage|p2a: Lapras|20/100\n|\n|upkeep\n|turn|18\n|\n|t:|1781905233\n|switch|p1a: Starmie|Starmie|67/100\n|move|p2a: Lapras|Thunderbolt|p1a: Starmie\n|-supereffective|p1a: Starmie\n|-damage|p1a: Starmie|20/100\n|\n|upkeep\n|turn|19\n|inactive|TPM has 120 seconds left.\n|\n|t:|1781905274\n|move|p1a: Starmie|Thunderbolt|p2a: Lapras\n|-supereffective|p2a: Lapras\n|-damage|p2a: Lapras|0 fnt\n|faint|p2a: Lapras\n|\n|t:|1781905298\n|switch|p2a: Exeggutor|Exeggutor|71/100\n|turn|20\n|inactive|TPM has 90 seconds left.\n|\n|t:|1781905332\n|move|p1a: Starmie|Thunder Wave|p2a: Exeggutor\n|-status|p2a: Exeggutor|par\n|cant|p2a: Exeggutor|par\n|\n|upkeep\n|turn|21\n|\n|t:|1781905337\n|move|p1a: Starmie|Recover|p1a: Starmie\n|-heal|p1a: Starmie|70/100\n|move|p2a: Exeggutor|Sleep Powder|p1a: Starmie|[miss]\n|-miss|p2a: Exeggutor\n|\n|upkeep\n|turn|22\n|\n|t:|1781905344\n|move|p1a: Starmie|Surf|p2a: Exeggutor\n|-resisted|p2a: Exeggutor\n|-damage|p2a: Exeggutor|59/100 par\n|cant|p2a: Exeggutor|par\n|\n|upkeep\n|turn|23\n|c|☆TPM|Mb\n|\n|t:|1781905357\n|move|p1a: Starmie|Surf|p2a: Exeggutor\n|-resisted|p2a: Exeggutor\n|-damage|p2a: Exeggutor|46/100 par\n|move|p2a: Exeggutor|Sleep Powder|p1a: Starmie|[miss]\n|-miss|p2a: Exeggutor\n|\n|upkeep\n|turn|24\n|inactive|TPM has 90 seconds left.\n|\n|t:|1781905393\n|switch|p1a: Lapras|Lapras|31/100\n|move|p2a: Exeggutor|Sleep Powder|p1a: Lapras\n|-status|p1a: Lapras|slp|[from] move: Sleep Powder\n|\n|upkeep\n|turn|25\n|\n|t:|1781905406\n|switch|p1a: Starmie|Starmie|70/100\n|move|p2a: Exeggutor|Psychic|p1a: Starmie\n|-resisted|p1a: Starmie\n|-damage|p1a: Starmie|52/100\n|-unboost|p1a: Starmie|spa|1\n|-unboost|p1a: Starmie|spd|1\n|\n|upkeep\n|turn|26\n|\n|t:|1781905419\n|move|p1a: Starmie|Recover|p1a: Starmie\n|-heal|p1a: Starmie|100/100\n|move|p2a: Exeggutor|Stun Spore|p1a: Starmie|[miss]\n|-miss|p2a: Exeggutor\n|\n|upkeep\n|turn|27\n|inactive|TPM has 90 seconds left.\n|inactive|TPM has 60 seconds left.\n|\n|t:|1781905462\n|switch|p1a: Lapras|Lapras|31/100 slp\n|cant|p2a: Exeggutor|par\n|\n|upkeep\n|turn|28\n|inactive|TPM has 60 seconds left.\n|\n|t:|1781905482\n|-curestatus|p1a: Lapras|slp|[msg]\n|move|p2a: Exeggutor|Psychic|p1a: Lapras\n|-damage|p1a: Lapras|3/100\n|\n|upkeep\n|turn|29\n|c|☆TheStupe|wp\n|\n|t:|1781905491\n|switch|p2a: Chansey|Chansey|100/100\n|move|p1a: Lapras|Blizzard|p2a: Chansey\n|-damage|p2a: Chansey|81/100\n|\n|upkeep\n|turn|30\n|inactive|TPM has 60 seconds left.\n|\n|t:|1781905517\n|switch|p1a: Chansey|Chansey|100/100\n|move|p2a: Chansey|Ice Beam|p1a: Chansey\n|-damage|p1a: Chansey|89/100\n|\n|upkeep\n|turn|31\n|inactive|TPM has 30 seconds left.\n|\n|t:|1781905540\n|move|p1a: Chansey|Seismic Toss|p2a: Chansey\n|-damage|p2a: Chansey|67/100\n|move|p2a: Chansey|Thunder Wave|p1a: Chansey\n|-status|p1a: Chansey|par\n|\n|upkeep\n|turn|32\n|inactive|TPM has 30 seconds left.\n|\n|t:|1781905556\n|switch|p2a: Exeggutor|Exeggutor|46/100 par\n|cant|p1a: Chansey|par\n|\n|upkeep\n|turn|33\n|inactive|TPM has 30 seconds left.\n|\n|t:|1781905571\n|switch|p1a: Starmie|Starmie|100/100\n|move|p2a: Exeggutor|Psychic|p1a: Starmie\n|-resisted|p1a: Starmie\n|-damage|p1a: Starmie|83/100\n|\n|upkeep\n|turn|34\n|inactive|TPM has 30 seconds left.\n|\n|t:|1781905581\n|move|p1a: Starmie|Surf|p2a: Exeggutor\n|-crit|p2a: Exeggutor\n|-resisted|p2a: Exeggutor\n|-damage|p2a: Exeggutor|21/100 par\n|move|p2a: Exeggutor|Sleep Powder|p1a: Starmie|[miss]\n|-miss|p2a: Exeggutor\n|\n|upkeep\n|turn|35\n|inactive|TPM has 30 seconds left.\n|c|☆TPM|Sorry about this egg having the worst luck \n|inactive|TPM has 20 seconds left.\n|\n|t:|1781905602\n|switch|p1a: Lapras|Lapras|3/100\n|move|p2a: Exeggutor|Sleep Powder|p1a: Lapras\n|-status|p1a: Lapras|slp|[from] move: Sleep Powder\n|\n|upkeep\n|turn|36\n|inactive|TPM has 30 seconds left this turn.\n|\n|t:|1781905610\n|switch|p1a: Starmie|Starmie|83/100\n|move|p2a: Exeggutor|Psychic|p1a: Starmie\n|-crit|p1a: Starmie\n|-resisted|p1a: Starmie\n|-damage|p1a: Starmie|44/100\n|\n|upkeep\n|turn|37\n|inactive|TPM has 30 seconds left.\n|\n|t:|1781905618\n|move|p1a: Starmie|Recover|p1a: Starmie\n|-heal|p1a: Starmie|94/100\n|move|p2a: Exeggutor|Stun Spore|p1a: Starmie\n|-status|p1a: Starmie|par\n|\n|upkeep\n|turn|38\n|\n|t:|1781905624\n|cant|p1a: Starmie|par\n|move|p2a: Exeggutor|Explosion|p1a: Starmie\n|-damage|p1a: Starmie|10/100 par\n|faint|p2a: Exeggutor\n|\n|t:|1781905632\n|switch|p2a: Tauros|Tauros|100/100\n|turn|39\n|inactive|TPM has 30 seconds left.\n|\n|t:|1781905659\n|switch|p1a: Lapras|Lapras|3/100 slp\n|move|p2a: Tauros|Body Slam|p1a: Lapras\n|-damage|p1a: Lapras|0 fnt\n|faint|p1a: Lapras\n|inactive|TPM has 30 seconds left this turn.\n|\n|t:|1781905661\n|switch|p1a: Snorlax|Snorlax|100/100\n|turn|40\n|\n|t:|1781905669\n|switch|p2a: Snorlax|Snorlax|100/100\n|move|p1a: Snorlax|Body Slam|p2a: Snorlax\n|-damage|p2a: Snorlax|73/100\n|\n|upkeep\n|turn|41\n|inactive|TPM has 30 seconds left.\n|inactive|TPM has 20 seconds left.\n|\n|t:|1781905695\n|move|p2a: Snorlax|Reflect|p2a: Snorlax\n|-start|p2a: Snorlax|Reflect\n|move|p1a: Snorlax|Body Slam|p2a: Snorlax\n|-damage|p2a: Snorlax|58/100\n|\n|upkeep\n|turn|42\n|inactive|TPM has 30 seconds left this turn.\n|inactive|TPM has 20 seconds left.\n|inactive|TPM has 15 seconds left.\n|\n|t:|1781905713\n|move|p1a: Snorlax|Body Slam|p2a: Snorlax\n|-damage|p2a: Snorlax|45/100\n|move|p2a: Snorlax|Rest|p2a: Snorlax\n|-status|p2a: Snorlax|slp|[from] move: Rest\n|-heal|p2a: Snorlax|100/100 slp|[silent]\n|\n|upkeep\n|turn|43\n|inactive|TPM has 25 seconds left this turn.\n|inactive|TPM has 20 seconds left.\n|inactive|TPM has 15 seconds left.\n|inactive|TPM has 10 seconds left.\n|\n|t:|1781905729\n|switch|p1a: Chansey|Chansey|89/100 par\n|cant|p2a: Snorlax|slp\n|\n|upkeep\n|turn|44\n|inactive|TPM has 20 seconds left this turn.\n|\n|t:|1781905749\n|switch|p2a: Chansey|Chansey|67/100\n|cant|p1a: Chansey|par\n|\n|upkeep\n|turn|45\n|inactive|TPM has 30 seconds left this turn.\n|\n|t:|1781905756\n|move|p2a: Chansey|Soft-Boiled|p2a: Chansey\n|-heal|p2a: Chansey|100/100\n|move|p1a: Chansey|Sing|p2a: Chansey\n|-status|p2a: Chansey|slp|[from] move: Sing\n|\n|upkeep\n|turn|46\n|inactive|TPM has 30 seconds left.\n|inactive|TPM has 20 seconds left.\n|inactive|TPM has 15 seconds left.\n|\n|t:|1781905781\n|switch|p2a: Snorlax|Snorlax|100/100 slp\n|switch|p1a: Starmie|Starmie|10/100 par\n|\n|upkeep\n|turn|47\n|inactive|TPM has 25 seconds left this turn.\n|inactive|TPM has 20 seconds left.\n|\n|t:|1781905787\n|-curestatus|p2a: Snorlax|slp|[msg]\n|move|p1a: Starmie|Thunder Wave|p2a: Snorlax\n|-status|p2a: Snorlax|par\n|\n|upkeep\n|turn|48\n|inactive|TPM has 30 seconds left this turn.\n|inactive|TPM has 20 seconds left.\n|inactive|TPM has 15 seconds left.\n|\n|t:|1781905806\n|move|p1a: Starmie|Recover|p1a: Starmie\n|-heal|p1a: Starmie|60/100 par\n|move|p2a: Snorlax|Hyper Beam|p1a: Starmie\n|-damage|p1a: Starmie|0 fnt\n|faint|p1a: Starmie\n|inactive|TPM has 20 seconds left this turn.\n|inactive|TPM has 15 seconds left.\n|\n|t:|1781905811\n|switch|p1a: Golem|Golem|100/100\n|turn|49\n|inactive|TPM has 25 seconds left this turn.\n|inactive|TPM has 20 seconds left.\n|\n|t:|1781905829\n|move|p1a: Golem|Earthquake|p2a: Snorlax\n|-damage|p2a: Snorlax|68/100 par\n|cant|p2a: Snorlax|par\n|\n|upkeep\n|turn|50\n|inactive|TPM has 30 seconds left this turn.\n|\n|t:|1781905837\n|switch|p2a: Chansey|Chansey|100/100 slp\n|move|p1a: Golem|Earthquake|p2a: Chansey\n|-damage|p2a: Chansey|54/100 slp\n|\n|upkeep\n|turn|51\n|inactive|TPM has 30 seconds left.\n|inactive|TPM has 20 seconds left.\n|\n|t:|1781905854\n|switch|p1a: Snorlax|Snorlax|100/100\n|cant|p2a: Chansey|slp\n|\n|upkeep\n|turn|52\n|inactive|TPM has 30 seconds left this turn.\n|\n|t:|1781905859\n|cant|p2a: Chansey|slp\n|move|p1a: Snorlax|Body Slam|p2a: Chansey\n|-damage|p2a: Chansey|9/100 slp\n|\n|upkeep\n|turn|53\n|\n|t:|1781905864\n|cant|p2a: Chansey|slp\n|move|p1a: Snorlax|Body Slam|p2a: Chansey\n|-damage|p2a: Chansey|0 fnt\n|faint|p2a: Chansey\n|\n|t:|1781905867\n|switch|p2a: Snorlax|Snorlax|68/100 par\n|turn|54\n|inactive|TPM has 30 seconds left.\n|\n|t:|1781905892\n|move|p1a: Snorlax|Body Slam|p2a: Snorlax\n|-damage|p2a: Snorlax|41/100 par\n|move|p2a: Snorlax|Reflect|p2a: Snorlax\n|-start|p2a: Snorlax|Reflect\n|\n|upkeep\n|turn|55\n|inactive|TPM has 30 seconds left.\n|\n|t:|1781905909\n|switch|p1a: Chansey|Chansey|89/100 par\n|move|p2a: Snorlax|Rest|p2a: Snorlax\n|-status|p2a: Snorlax|slp|[from] move: Rest\n|-heal|p2a: Snorlax|100/100 slp|[silent]\n|\n|upkeep\n|turn|56\n|inactive|TPM has 30 seconds left.\n|inactive|TPM has 20 seconds left.\n|\n|t:|1781905925\n|move|p1a: Chansey|Seismic Toss|p2a: Snorlax\n|-damage|p2a: Snorlax|81/100 slp\n|cant|p2a: Snorlax|slp\n|\n|upkeep\n|turn|57\n|inactive|TPM has 30 seconds left this turn.\n|\n|t:|1781905929\n|cant|p1a: Chansey|par\n|-curestatus|p2a: Snorlax|slp|[msg]\n|\n|upkeep\n|turn|58\n|\n|t:|1781905933\n|switch|p2a: Tauros|Tauros|100/100\n|move|p1a: Chansey|Sing|p2a: Tauros\n|-status|p2a: Tauros|slp|[from] move: Sing\n|\n|upkeep\n|turn|59\n|\n|t:|1781905943\n|switch|p2a: Snorlax|Snorlax|81/100\n|switch|p1a: Snorlax|Snorlax|100/100\n|\n|upkeep\n|turn|60\n|\n|t:|1781905947\n|move|p1a: Snorlax|Body Slam|p2a: Snorlax\n|-crit|p2a: Snorlax\n|-damage|p2a: Snorlax|32/100\n|move|p2a: Snorlax|Reflect|p2a: Snorlax\n|-start|p2a: Snorlax|Reflect\n|\n|upkeep\n|turn|61\n|\n|t:|1781905957\n|move|p1a: Snorlax|Body Slam|p2a: Snorlax\n|-damage|p2a: Snorlax|18/100\n|move|p2a: Snorlax|Rest|p2a: Snorlax\n|-status|p2a: Snorlax|slp|[from] move: Rest\n|-heal|p2a: Snorlax|100/100 slp|[silent]\n|\n|upkeep\n|turn|62\n|\n|t:|1781905960\n|switch|p1a: Chansey|Chansey|89/100 par\n|cant|p2a: Snorlax|slp\n|\n|upkeep\n|turn|63\n|\n|t:|1781905965\n|-curestatus|p2a: Snorlax|slp|[msg]\n|move|p1a: Chansey|Thunder Wave|p2a: Snorlax\n|-status|p2a: Snorlax|par\n|\n|upkeep\n|turn|64\n|\n|t:|1781905971\n|move|p1a: Chansey|Seismic Toss|p2a: Snorlax\n|-damage|p2a: Snorlax|81/100 par\n|move|p2a: Snorlax|Body Slam|p1a: Chansey\n|-damage|p1a: Chansey|50/100 par\n|\n|upkeep\n|turn|65\n|\n|t:|1781905985\n|move|p1a: Chansey|Seismic Toss|p2a: Snorlax\n|-damage|p2a: Snorlax|62/100 par\n|move|p2a: Snorlax|Body Slam|p1a: Chansey\n|-damage|p1a: Chansey|8/100 par\n|\n|upkeep\n|turn|66\n|\n|t:|1781905999\n|move|p1a: Chansey|Seismic Toss|p2a: Snorlax\n|-damage|p2a: Snorlax|43/100 par\n|move|p2a: Snorlax|Body Slam|p1a: Chansey\n|-damage|p1a: Chansey|0 fnt\n|faint|p1a: Chansey\n|\n|t:|1781906010\n|switch|p1a: Golem|Golem|100/100\n|turn|67\n|inactive|TheStupe has 270 seconds left.\n|\n|t:|1781906062\n|switch|p2a: Tauros|Tauros|100/100 slp\n|move|p1a: Golem|Explosion|p2a: Tauros\n|-damage|p2a: Tauros|21/100 slp\n|faint|p1a: Golem\n|\n|t:|1781906064\n|switch|p1a: Snorlax|Snorlax|100/100\n|turn|68\n|\n|t:|1781906071\n|cant|p2a: Tauros|slp\n|move|p1a: Snorlax|Body Slam|p2a: Tauros\n|-crit|p2a: Tauros\n|-damage|p2a: Tauros|0 fnt\n|faint|p2a: Tauros\n|\n|t:|1781906072\n|switch|p2a: Snorlax|Snorlax|43/100 par\n|turn|69\n|\n|t:|1781906081\n|move|p1a: Snorlax|Body Slam|p2a: Snorlax\n|-damage|p2a: Snorlax|15/100 par\n|move|p2a: Snorlax|Rest|p2a: Snorlax\n|-status|p2a: Snorlax|slp|[from] move: Rest\n|-heal|p2a: Snorlax|100/100 slp|[silent]\n|\n|upkeep\n|turn|70\n|\n|t:|1781906089\n|move|p1a: Snorlax|Body Slam|p2a: Snorlax\n|-damage|p2a: Snorlax|73/100 slp\n|cant|p2a: Snorlax|slp\n|\n|upkeep\n|turn|71\n|\n|t:|1781906092\n|move|p1a: Snorlax|Body Slam|p2a: Snorlax\n|-damage|p2a: Snorlax|45/100 slp\n|-curestatus|p2a: Snorlax|slp|[msg]\n|\n|upkeep\n|turn|72\n|\n|t:|1781906101\n|move|p1a: Snorlax|Body Slam|p2a: Snorlax\n|-damage|p2a: Snorlax|19/100\n|move|p2a: Snorlax|Reflect|p2a: Snorlax\n|-start|p2a: Snorlax|Reflect\n|\n|upkeep\n|turn|73\n|inactive|TPM has 120 seconds left.\n|\n|t:|1781906112\n|move|p1a: Snorlax|Earthquake|p2a: Snorlax\n|-damage|p2a: Snorlax|8/100\n|move|p2a: Snorlax|Rest|p2a: Snorlax\n|-status|p2a: Snorlax|slp|[from] move: Rest\n|-heal|p2a: Snorlax|100/100 slp|[silent]\n|\n|upkeep\n|turn|74\n|\n|t:|1781906115\n|move|p1a: Snorlax|Body Slam|p2a: Snorlax\n|-damage|p2a: Snorlax|86/100 slp\n|cant|p2a: Snorlax|slp\n|\n|upkeep\n|turn|75\n|\n|t:|1781906118\n|move|p1a: Snorlax|Body Slam|p2a: Snorlax\n|-damage|p2a: Snorlax|73/100 slp\n|-curestatus|p2a: Snorlax|slp|[msg]\n|\n|upkeep\n|turn|76\n|\n|t:|1781906123\n|move|p2a: Snorlax|Body Slam|p1a: Snorlax\n|-damage|p1a: Snorlax|76/100\n|move|p1a: Snorlax|Counter|p2a: Snorlax\n|-damage|p2a: Snorlax|23/100\n|\n|upkeep\n|turn|77\n|inactive|TPM has 150 seconds left.\n|\n|t:|1781906157\n|move|p1a: Snorlax|Earthquake|p2a: Snorlax\n|-damage|p2a: Snorlax|13/100\n|move|p2a: Snorlax|Rest|p2a: Snorlax\n|-status|p2a: Snorlax|slp|[from] move: Rest\n|-heal|p2a: Snorlax|100/100 slp|[silent]\n|\n|upkeep\n|turn|78\n|\n|t:|1781906161\n|move|p1a: Snorlax|Earthquake|p2a: Snorlax\n|-damage|p2a: Snorlax|90/100 slp\n|cant|p2a: Snorlax|slp\n|\n|upkeep\n|turn|79\n|\n|t:|1781906164\n|move|p1a: Snorlax|Earthquake|p2a: Snorlax\n|-damage|p2a: Snorlax|79/100 slp\n|-curestatus|p2a: Snorlax|slp|[msg]\n|\n|upkeep\n|turn|80\n|\n|t:|1781906169\n|move|p2a: Snorlax|Reflect|p2a: Snorlax\n|-fail|p2a: Snorlax\n|move|p1a: Snorlax|Counter|p2a: Snorlax\n|-fail|p1a: Snorlax\n|\n|upkeep\n|turn|81\n|\n|t:|1781906174\n|move|p2a: Snorlax|Reflect|p2a: Snorlax\n|-fail|p2a: Snorlax\n|move|p1a: Snorlax|Counter|p2a: Snorlax\n|-fail|p1a: Snorlax\n|\n|upkeep\n|turn|82\n|\n|t:|1781906186\n|move|p2a: Snorlax|Reflect|p2a: Snorlax\n|-fail|p2a: Snorlax\n|move|p1a: Snorlax|Counter|p2a: Snorlax\n|-fail|p1a: Snorlax\n|\n|upkeep\n|turn|83\n|\n|t:|1781906190\n|move|p1a: Snorlax|Earthquake|p2a: Snorlax\n|-damage|p2a: Snorlax|69/100\n|move|p2a: Snorlax|Rest|p2a: Snorlax\n|-status|p2a: Snorlax|slp|[from] move: Rest\n|-heal|p2a: Snorlax|100/100 slp|[silent]\n|\n|upkeep\n|turn|84\n|\n|t:|1781906194\n|move|p1a: Snorlax|Earthquake|p2a: Snorlax\n|-damage|p2a: Snorlax|90/100 slp\n|cant|p2a: Snorlax|slp\n|\n|upkeep\n|turn|85\n|\n|t:|1781906196\n|move|p1a: Snorlax|Earthquake|p2a: Snorlax\n|-damage|p2a: Snorlax|79/100 slp\n|-curestatus|p2a: Snorlax|slp|[msg]\n|\n|upkeep\n|turn|86\n|\n|t:|1781906205\n|move|p1a: Snorlax|Earthquake|p2a: Snorlax\n|-damage|p2a: Snorlax|67/100\n|move|p2a: Snorlax|Rest|p2a: Snorlax\n|-status|p2a: Snorlax|slp|[from] move: Rest\n|-heal|p2a: Snorlax|100/100 slp|[silent]\n|\n|upkeep\n|turn|87\n|\n|t:|1781906213\n|move|p1a: Snorlax|Earthquake|p2a: Snorlax\n|-damage|p2a: Snorlax|91/100 slp\n|cant|p2a: Snorlax|slp\n|\n|upkeep\n|turn|88\n|\n|t:|1781906216\n|move|p1a: Snorlax|Earthquake|p2a: Snorlax\n|-damage|p2a: Snorlax|80/100 slp\n|-curestatus|p2a: Snorlax|slp|[msg]\n|\n|upkeep\n|turn|89\n|\n|t:|1781906222\n|move|p2a: Snorlax|Body Slam|p1a: Snorlax\n|-damage|p1a: Snorlax|51/100\n|move|p1a: Snorlax|Counter|p2a: Snorlax\n|-damage|p2a: Snorlax|30/100\n|\n|upkeep\n|turn|90\n|inactive|TPM has 240 seconds left.\n|\n|t:|1781906228\n|move|p1a: Snorlax|Self-Destruct|p2a: Snorlax\n|-damage|p2a: Snorlax|0 fnt\n|faint|p2a: Snorlax\n|faint|p1a: Snorlax\n|\n|tie\n|c|☆TheStupe|gg\n|c|☆TPM|GG \n|c|☆TPM|Guess we have to build up hype right?\n|c|☆TheStupe|Yeee\n|c|☆TPM|Take it to g4 and whatnot \n|player|p1|\n","uploadtime":1781906228,"views":"76","formatid":"gen1ou","rating":null,"private":0,"password":null}