{"id":"smogtours-gen1ou-816572","format":"[Gen 1] OU","players":["nicole7735","genesis7"],"log":"|inactive|Battle timer is ON: inactive players will automatically lose when time's up.\n|t:|1737939386\n|gametype|singles\n|player|p1|nicole7735|lady-gen4|\n|player|p2|genesis7|#ssdleviathans|\n|teamsize|p1|6\n|teamsize|p2|6\n|gen|1\n|tier|[Gen 1] OU\n|rule|Desync Clause Mod: Desyncs changed to move failure.\n|rule|Sleep Clause Mod: Limit one foe put to sleep\n|rule|Freeze Clause Mod: Limit one foe frozen\n|rule|Species Clause: Limit one of each Pokémon\n|rule|OHKO Clause: OHKO moves are banned\n|rule|Evasion Moves Clause: Evasion moves are banned\n|rule|Endless Battle Clause: Forcing endless battles is banned\n|rule|HP Percentage Mod: HP is shown in percentages\n|\n|t:|1737939386\n|start\n|switch|p1a: Alakazam|Alakazam|100/100\n|switch|p2a: Jolteon|Jolteon|100/100\n|turn|1\n|c|☆genesis7|glhf\n|c|☆nicole7735|hf\n|inactive|nicole7735 has 270 seconds left.\n|inactive|genesis7 has 270 seconds left.\n|inactive|genesis7 has 240 seconds left.\n|inactive|nicole7735 has 240 seconds left.\n|\n|t:|1737939452\n|switch|p2a: Exeggutor|Exeggutor|100/100\n|move|p1a: Alakazam|Thunder Wave|p2a: Exeggutor\n|-status|p2a: Exeggutor|par\n|\n|upkeep\n|turn|2\n|\n|t:|1737939457\n|move|p1a: Alakazam|Seismic Toss|p2a: Exeggutor\n|-damage|p2a: Exeggutor|75/100 par\n|move|p2a: Exeggutor|Sleep Powder|p1a: Alakazam|[miss]\n|-miss|p2a: Exeggutor\n|\n|upkeep\n|turn|3\n|rated|Smogon Premier League\n|\n|t:|1737939464\n|move|p1a: Alakazam|Seismic Toss|p2a: Exeggutor\n|-damage|p2a: Exeggutor|50/100 par\n|move|p2a: Exeggutor|Sleep Powder|p1a: Alakazam\n|-status|p1a: Alakazam|slp|[from] move: Sleep Powder\n|\n|upkeep\n|turn|4\n|inactive|nicole7735 has 270 seconds left.\n|inactive|genesis7 has 270 seconds left.\n|inactive|genesis7 has 240 seconds left.\n|\n|t:|1737939530\n|switch|p1a: Exeggutor|Exeggutor|100/100\n|move|p2a: Exeggutor|Psychic|p1a: Exeggutor\n|-resisted|p1a: Exeggutor\n|-damage|p1a: Exeggutor|88/100\n|-unboost|p1a: Exeggutor|spa|1\n|-unboost|p1a: Exeggutor|spd|1\n|\n|upkeep\n|turn|5\n|inactive|genesis7 has 240 seconds left.\n|\n|t:|1737939555\n|move|p1a: Exeggutor|Psychic|p2a: Exeggutor\n|-resisted|p2a: Exeggutor\n|-damage|p2a: Exeggutor|40/100 par\n|move|p2a: Exeggutor|Psychic|p1a: Exeggutor\n|-resisted|p1a: Exeggutor\n|-damage|p1a: Exeggutor|66/100\n|-unboost|p1a: Exeggutor|spa|1\n|-unboost|p1a: Exeggutor|spd|1\n|\n|upkeep\n|turn|6\n|inactive|nicole7735 has 240 seconds left.\n|inactive|genesis7 has 210 seconds left.\n|\n|t:|1737939602\n|switch|p1a: Alakazam|Alakazam|100/100 slp\n|move|p2a: Exeggutor|Psychic|p1a: Alakazam\n|-resisted|p1a: Alakazam\n|-damage|p1a: Alakazam|84/100 slp\n|\n|upkeep\n|turn|7\n|inactive|nicole7735 has 240 seconds left.\n|inactive|genesis7 has 180 seconds left.\n|inactive|nicole7735 has 210 seconds left.\n|inactive|genesis7 has 150 seconds left.\n|\n|t:|1737939669\n|switch|p1a: Chansey|Chansey|100/100\n|move|p2a: Exeggutor|Psychic|p1a: Chansey\n|-crit|p1a: Chansey\n|-damage|p1a: Chansey|67/100\n|-unboost|p1a: Chansey|spa|1\n|-unboost|p1a: Chansey|spd|1\n|\n|upkeep\n|turn|8\n|inactive|genesis7 has 150 seconds left.\n|inactive|nicole7735 has 180 seconds left.\n|\n|t:|1737939691\n|switch|p1a: Alakazam|Alakazam|84/100 slp\n|move|p2a: Exeggutor|Explosion|p1a: Alakazam\n|-damage|p1a: Alakazam|0 fnt\n|faint|p1a: Alakazam\n|faint|p2a: Exeggutor\n|inactive|nicole7735 has 180 seconds left.\n|\n|t:|1737939729\n|switch|p1a: Exeggutor|Exeggutor|66/100\n|switch|p2a: Jolteon|Jolteon|100/100\n|turn|9\n|inactive|genesis7 has 150 seconds left.\n|inactive|nicole7735 has 150 seconds left.\n|\n|t:|1737939760\n|move|p2a: Jolteon|Pin Missile|p1a: Exeggutor\n|-supereffective|p1a: Exeggutor\n|-damage|p1a: Exeggutor|54/100\n|-damage|p1a: Exeggutor|43/100\n|-damage|p1a: Exeggutor|32/100\n|-hitcount|p1a: Exeggutor|3\n|move|p1a: Exeggutor|Sleep Powder|p2a: Jolteon\n|-status|p2a: Jolteon|slp|[from] move: Sleep Powder\n|\n|upkeep\n|turn|10\n|inactive|genesis7 has 150 seconds left.\n|\n|t:|1737939784\n|switch|p2a: Starmie|Starmie|100/100\n|move|p1a: Exeggutor|Psychic|p2a: Starmie\n|-resisted|p2a: Starmie\n|-damage|p2a: Starmie|83/100\n|-unboost|p2a: Starmie|spa|1\n|-unboost|p2a: Starmie|spd|1\n|\n|upkeep\n|turn|11\n|inactive|nicole7735 has 120 seconds left.\n|inactive|genesis7 has 120 seconds left.\n|\n|t:|1737939840\n|move|p2a: Starmie|Blizzard|p1a: Exeggutor\n|-supereffective|p1a: Exeggutor\n|-damage|p1a: Exeggutor|6/100\n|move|p1a: Exeggutor|Explosion|p2a: Starmie\n|-damage|p2a: Starmie|0 fnt\n|faint|p2a: Starmie\n|faint|p1a: Exeggutor\n|inactive|nicole7735 has 90 seconds left.\n|inactive|genesis7 has 90 seconds left.\n|inactive|nicole7735 has 60 seconds left.\n|inactive|genesis7 has 60 seconds left.\n|\n|t:|1737939906\n|switch|p2a: Chansey|Chansey|100/100\n|switch|p1a: Chansey|Chansey|67/100\n|turn|12\n|inactive|genesis7 has 60 seconds left.\n|\n|t:|1737939913\n|move|p1a: Chansey|Thunder Wave|p2a: Chansey\n|-status|p2a: Chansey|par\n|move|p2a: Chansey|Thunder Wave|p1a: Chansey\n|-status|p1a: Chansey|par\n|\n|upkeep\n|turn|13\n|\n|t:|1737939918\n|switch|p2a: Snorlax|Snorlax|100/100\n|move|p1a: Chansey|Thunder Wave|p2a: Snorlax\n|-status|p2a: Snorlax|par\n|\n|upkeep\n|turn|14\n|\n|t:|1737939928\n|switch|p1a: Snorlax|Snorlax|100/100\n|cant|p2a: Snorlax|par\n|\n|upkeep\n|turn|15\n|\n|t:|1737939932\n|move|p1a: Snorlax|Body Slam|p2a: Snorlax\n|-damage|p2a: Snorlax|74/100 par\n|cant|p2a: Snorlax|par\n|\n|upkeep\n|turn|16\n|\n|t:|1737939936\n|move|p1a: Snorlax|Body Slam|p2a: Snorlax\n|-damage|p2a: Snorlax|46/100 par\n|move|p2a: Snorlax|Reflect|p2a: Snorlax\n|-start|p2a: Snorlax|Reflect\n|\n|upkeep\n|turn|17\n|\n|t:|1737939941\n|switch|p1a: Starmie|Starmie|100/100\n|cant|p2a: Snorlax|par\n|\n|upkeep\n|turn|18\n|\n|t:|1737939945\n|move|p1a: Starmie|Surf|p2a: Snorlax\n|-damage|p2a: Snorlax|17/100 par\n|cant|p2a: Snorlax|par\n|\n|upkeep\n|turn|19\n|\n|t:|1737939950\n|switch|p2a: Chansey|Chansey|100/100 par\n|move|p1a: Starmie|Surf|p2a: Chansey\n|-damage|p2a: Chansey|86/100 par\n|\n|upkeep\n|turn|20\n|inactive|nicole7735 has 120 seconds left.\n|\n|t:|1737939988\n|switch|p1a: Chansey|Chansey|67/100 par\n|move|p2a: Chansey|Thunder Wave|p1a: Chansey\n|-fail|p1a: Chansey|par\n|\n|upkeep\n|turn|21\n|\n|t:|1737939994\n|switch|p2a: Snorlax|Snorlax|17/100 par\n|move|p1a: Chansey|Soft-Boiled|p1a: Chansey\n|-heal|p1a: Chansey|100/100 par\n|\n|upkeep\n|turn|22\n|\n|t:|1737940000\n|cant|p1a: Chansey|par\n|move|p2a: Snorlax|Rest|p2a: Snorlax\n|-status|p2a: Snorlax|slp|[from] move: Rest\n|-heal|p2a: Snorlax|100/100 slp|[silent]\n|\n|upkeep\n|turn|23\n|inactive|nicole7735 has 120 seconds left.\n|\n|t:|1737940012\n|switch|p1a: Tauros|Tauros|100/100\n|cant|p2a: Snorlax|slp\n|\n|upkeep\n|turn|24\n|\n|t:|1737940016\n|move|p1a: Tauros|Body Slam|p2a: Snorlax\n|-crit|p2a: Snorlax\n|-damage|p2a: Snorlax|50/100 slp\n|-curestatus|p2a: Snorlax|slp|[msg]\n|\n|upkeep\n|turn|25\n|inactive|genesis7 has 150 seconds left.\n|\n|t:|1737940063\n|switch|p2a: Jolteon|Jolteon|100/100 slp\n|move|p1a: Tauros|Body Slam|p2a: Jolteon\n|-crit|p2a: Jolteon\n|-damage|p2a: Jolteon|25/100 slp\n|\n|upkeep\n|turn|26\n|\n|t:|1737940068\n|cant|p2a: Jolteon|slp\n|move|p1a: Tauros|Body Slam|p2a: Jolteon\n|-damage|p2a: Jolteon|0 fnt\n|faint|p2a: Jolteon\n|\n|t:|1737940071\n|switch|p2a: Tauros|Tauros|100/100\n|turn|27\n|\n|t:|1737940074\n|move|p1a: Tauros|Body Slam|p2a: Tauros\n|-damage|p2a: Tauros|69/100\n|move|p2a: Tauros|Body Slam|p1a: Tauros\n|-damage|p1a: Tauros|70/100\n|\n|upkeep\n|turn|28\n|\n|t:|1737940079\n|move|p2a: Tauros|Body Slam|p1a: Tauros\n|-damage|p1a: Tauros|41/100\n|move|p1a: Tauros|Body Slam|p2a: Tauros\n|-crit|p2a: Tauros\n|-damage|p2a: Tauros|12/100\n|\n|upkeep\n|turn|29\n|\n|t:|1737940108\n|switch|p1a: Snorlax|Snorlax|100/100\n|move|p2a: Tauros|Body Slam|p1a: Snorlax\n|-damage|p1a: Snorlax|74/100\n|\n|upkeep\n|turn|30\n|\n|t:|1737940119\n|move|p2a: Tauros|Hyper Beam|p1a: Snorlax\n|-damage|p1a: Snorlax|29/100\n|-mustrecharge|p2a: Tauros\n|move|p1a: Snorlax|Body Slam|p2a: Tauros\n|-damage|p2a: Tauros|0 fnt\n|faint|p2a: Tauros\n|\n|t:|1737940123\n|switch|p2a: Snorlax|Snorlax|50/100\n|turn|31\n|\n|t:|1737940148\n|move|p2a: Snorlax|Reflect|p2a: Snorlax\n|-start|p2a: Snorlax|Reflect\n|move|p1a: Snorlax|Body Slam|p2a: Snorlax\n|-damage|p2a: Snorlax|37/100\n|\n|upkeep\n|turn|32\n|inactive|genesis7 has 150 seconds left.\n|inactive|nicole7735 has 150 seconds left.\n|inactive|nicole7735 has 120 seconds left.\n|inactive|nicole7735 has 90 seconds left.\n|inactive|genesis7 has 120 seconds left.\n|\n|t:|1737940263\n|switch|p1a: Chansey|Chansey|100/100 par\n|move|p2a: Snorlax|Rest|p2a: Snorlax\n|-status|p2a: Snorlax|slp|[from] move: Rest\n|-heal|p2a: Snorlax|100/100 slp|[silent]\n|\n|upkeep\n|turn|33\n|\n|t:|1737940267\n|switch|p1a: Starmie|Starmie|100/100\n|cant|p2a: Snorlax|slp\n|\n|upkeep\n|turn|34\n|\n|t:|1737940271\n|move|p1a: Starmie|Surf|p2a: Snorlax\n|-damage|p2a: Snorlax|71/100 slp\n|-curestatus|p2a: Snorlax|slp|[msg]\n|\n|upkeep\n|turn|35\n|\n|t:|1737940281\n|switch|p2a: Chansey|Chansey|86/100 par\n|move|p1a: Starmie|Thunder Wave|p2a: Chansey\n|-fail|p2a: Chansey|par\n|\n|upkeep\n|turn|36\n|\n|t:|1737940291\n|switch|p1a: Chansey|Chansey|100/100 par\n|move|p2a: Chansey|Ice Beam|p1a: Chansey\n|-crit|p1a: Chansey\n|-damage|p1a: Chansey|81/100 par\n|\n|upkeep\n|turn|37\n|\n|t:|1737940297\n|move|p1a: Chansey|Thunder Wave|p2a: Chansey\n|-fail|p2a: Chansey|par\n|move|p2a: Chansey|Ice Beam|p1a: Chansey\n|-damage|p1a: Chansey|71/100 par\n|\n|upkeep\n|turn|38\n|inactive|genesis7 has 150 seconds left.\n|\n|t:|1737940303\n|switch|p2a: Snorlax|Snorlax|71/100\n|move|p1a: Chansey|Thunder Wave|p2a: Snorlax\n|-status|p2a: Snorlax|par\n|\n|upkeep\n|turn|39\n|\n|t:|1737940318\n|switch|p1a: Starmie|Starmie|100/100\n|cant|p2a: Snorlax|par\n|\n|upkeep\n|turn|40\n|\n|t:|1737940330\n|switch|p2a: Chansey|Chansey|86/100 par\n|move|p1a: Starmie|Surf|p2a: Chansey\n|-damage|p2a: Chansey|71/100 par\n|\n|upkeep\n|turn|41\n|inactive|nicole7735 has 120 seconds left.\n|inactive|nicole7735 has 90 seconds left.\n|\n|t:|1737940389\n|switch|p1a: Chansey|Chansey|71/100 par\n|move|p2a: Chansey|Ice Beam|p1a: Chansey\n|-damage|p1a: Chansey|59/100 par\n|\n|upkeep\n|turn|42\n|inactive|nicole7735 has 90 seconds left.\n|\n|t:|1737940403\n|move|p1a: Chansey|Ice Beam|p2a: Chansey\n|-damage|p2a: Chansey|61/100 par\n|cant|p2a: Chansey|par\n|\n|upkeep\n|turn|43\n|\n|t:|1737940407\n|move|p2a: Chansey|Soft-Boiled|p2a: Chansey\n|-heal|p2a: Chansey|100/100 par\n|move|p1a: Chansey|Soft-Boiled|p1a: Chansey\n|-heal|p1a: Chansey|100/100 par\n|\n|upkeep\n|turn|44\n|\n|t:|1737940415\n|move|p1a: Chansey|Ice Beam|p2a: Chansey\n|-crit|p2a: Chansey\n|-damage|p2a: Chansey|81/100 par\n|move|p2a: Chansey|Ice Beam|p1a: Chansey\n|-damage|p1a: Chansey|90/100 par\n|\n|upkeep\n|turn|45\n|\n|t:|1737940422\n|switch|p2a: Snorlax|Snorlax|71/100 par\n|move|p1a: Chansey|Ice Beam|p2a: Snorlax|[miss]\n|-miss|p1a: Chansey\n|-hint|In Gen 1, moves with 100% accuracy can still miss 1/256 of the time.\n|\n|upkeep\n|turn|46\n|\n|t:|1737940429\n|switch|p1a: Starmie|Starmie|100/100\n|move|p2a: Snorlax|Body Slam|p1a: Starmie\n|-damage|p1a: Starmie|62/100\n|-status|p1a: Starmie|par\n|\n|upkeep\n|turn|47\n|\n|t:|1737940447\n|move|p1a: Starmie|Recover|p1a: Starmie\n|-heal|p1a: Starmie|100/100 par\n|move|p2a: Snorlax|Body Slam|p1a: Starmie\n|-damage|p1a: Starmie|66/100 par\n|\n|upkeep\n|turn|48\n|\n|t:|1737940455\n|move|p1a: Starmie|Recover|p1a: Starmie\n|-heal|p1a: Starmie|100/100 par\n|move|p2a: Snorlax|Body Slam|p1a: Starmie\n|-damage|p1a: Starmie|65/100 par\n|\n|upkeep\n|turn|49\n|\n|t:|1737940463\n|move|p1a: Starmie|Recover|p1a: Starmie\n|-heal|p1a: Starmie|100/100 par\n|move|p2a: Snorlax|Body Slam|p1a: Starmie\n|-damage|p1a: Starmie|64/100 par\n|\n|upkeep\n|turn|50\n|inactive|genesis7 has 210 seconds left.\n|\n|t:|1737940473\n|move|p1a: Starmie|Recover|p1a: Starmie\n|-heal|p1a: Starmie|100/100 par\n|cant|p2a: Snorlax|par\n|\n|upkeep\n|turn|51\n|\n|t:|1737940478\n|switch|p2a: Chansey|Chansey|81/100 par\n|move|p1a: Starmie|Surf|p2a: Chansey\n|-damage|p2a: Chansey|66/100 par\n|\n|upkeep\n|turn|52\n|\n|t:|1737940489\n|switch|p1a: Chansey|Chansey|90/100 par\n|move|p2a: Chansey|Thunder Wave|p1a: Chansey\n|-fail|p1a: Chansey|par\n|\n|upkeep\n|turn|53\n|\n|t:|1737940494\n|move|p1a: Chansey|Ice Beam|p2a: Chansey\n|-damage|p2a: Chansey|55/100 par\n|cant|p2a: Chansey|par\n|\n|upkeep\n|turn|54\n|inactive|nicole7735 has 180 seconds left.\n|\n|t:|1737940505\n|cant|p1a: Chansey|par\n|cant|p2a: Chansey|par\n|\n|upkeep\n|turn|55\n|inactive|nicole7735 has 180 seconds left.\n|\n|t:|1737940512\n|move|p1a: Chansey|Ice Beam|p2a: Chansey\n|-crit|p2a: Chansey\n|-damage|p2a: Chansey|35/100 par\n|move|p2a: Chansey|Thunder Wave|p1a: Chansey\n|-fail|p1a: Chansey|par\n|\n|upkeep\n|turn|56\n|inactive|nicole7735 has 180 seconds left.\n|\n|t:|1737940523\n|switch|p1a: Snorlax|Snorlax|29/100\n|move|p2a: Chansey|Soft-Boiled|p2a: Chansey\n|-heal|p2a: Chansey|85/100 par\n|\n|upkeep\n|turn|57\n|\n|t:|1737940530\n|move|p1a: Snorlax|Body Slam|p2a: Chansey\n|-damage|p2a: Chansey|42/100 par\n|move|p2a: Chansey|Thunder Wave|p1a: Snorlax\n|-status|p1a: Snorlax|par\n|\n|upkeep\n|turn|58\n|\n|t:|1737940535\n|cant|p2a: Chansey|par\n|cant|p1a: Snorlax|par\n|\n|upkeep\n|turn|59\n|\n|t:|1737940538\n|move|p2a: Chansey|Soft-Boiled|p2a: Chansey\n|-heal|p2a: Chansey|92/100 par\n|move|p1a: Snorlax|Body Slam|p2a: Chansey\n|-damage|p2a: Chansey|50/100 par\n|\n|upkeep\n|turn|60\n|\n|t:|1737940546\n|move|p2a: Chansey|Soft-Boiled|p2a: Chansey\n|-heal|p2a: Chansey|99/100 par\n|move|p1a: Snorlax|Body Slam|p2a: Chansey\n|-damage|p2a: Chansey|59/100 par\n|\n|upkeep\n|turn|61\n|inactive|genesis7 has 270 seconds left.\n|\n|t:|1737940562\n|move|p2a: Chansey|Soft-Boiled|p2a: Chansey\n|-heal|p2a: Chansey|100/100 par\n|move|p1a: Snorlax|Body Slam|p2a: Chansey\n|-crit|p2a: Chansey\n|-damage|p2a: Chansey|26/100 par\n|\n|upkeep\n|turn|62\n|inactive|genesis7 has 270 seconds left.\n|\n|t:|1737940576\n|move|p2a: Chansey|Soft-Boiled|p2a: Chansey\n|-heal|p2a: Chansey|76/100 par\n|cant|p1a: Snorlax|par\n|\n|upkeep\n|turn|63\n|\n|t:|1737940583\n|cant|p2a: Chansey|par\n|cant|p1a: Snorlax|par\n|\n|upkeep\n|turn|64\n|inactive|genesis7 has 270 seconds left.\n|\n|t:|1737940603\n|move|p2a: Chansey|Ice Beam|p1a: Snorlax\n|-damage|p1a: Snorlax|11/100 par\n|move|p1a: Snorlax|Rest|p1a: Snorlax\n|-status|p1a: Snorlax|slp|[from] move: Rest\n|-heal|p1a: Snorlax|100/100 slp|[silent]\n|\n|upkeep\n|turn|65\n|inactive|genesis7 has 270 seconds left.\n|\n|t:|1737940610\n|switch|p2a: Snorlax|Snorlax|71/100 par\n|cant|p1a: Snorlax|slp\n|\n|upkeep\n|turn|66\n|inactive|nicole7735 has 270 seconds left.\n|\n|t:|1737940616\n|move|p2a: Snorlax|Reflect|p2a: Snorlax\n|-start|p2a: Snorlax|Reflect\n|-curestatus|p1a: Snorlax|slp|[msg]\n|\n|upkeep\n|turn|67\n|\n|t:|1737940621\n|move|p1a: Snorlax|Reflect|p1a: Snorlax\n|-start|p1a: Snorlax|Reflect\n|cant|p2a: Snorlax|par\n|\n|upkeep\n|turn|68\n|\n|t:|1737940627\n|move|p1a: Snorlax|Body Slam|p2a: Snorlax\n|-damage|p2a: Snorlax|57/100 par\n|move|p2a: Snorlax|Ice Beam|p1a: Snorlax\n|-damage|p1a: Snorlax|86/100\n|\n|upkeep\n|turn|69\n|\n|t:|1737940634\n|switch|p1a: Starmie|Starmie|100/100 par\n|move|p2a: Snorlax|Body Slam|p1a: Starmie\n|-damage|p1a: Starmie|66/100 par\n|\n|upkeep\n|turn|70\n|\n|t:|1737940638\n|move|p1a: Starmie|Surf|p2a: Snorlax\n|-damage|p2a: Snorlax|30/100 par\n|cant|p2a: Snorlax|par\n|\n|upkeep\n|turn|71\n|\n|t:|1737940658\n|move|p1a: Starmie|Surf|p2a: Snorlax\n|-damage|p2a: Snorlax|1/100 par\n|move|p2a: Snorlax|Rest|p2a: Snorlax\n|-status|p2a: Snorlax|slp|[from] move: Rest\n|-heal|p2a: Snorlax|100/100 slp|[silent]\n|\n|upkeep\n|turn|72\n|\n|t:|1737940664\n|cant|p1a: Starmie|par\n|cant|p2a: Snorlax|slp\n|\n|upkeep\n|turn|73\n|\n|t:|1737940667\n|move|p1a: Starmie|Recover|p1a: Starmie\n|-heal|p1a: Starmie|100/100 par\n|-curestatus|p2a: Snorlax|slp|[msg]\n|\n|upkeep\n|turn|74\n|\n|t:|1737940672\n|switch|p2a: Chansey|Chansey|76/100 par\n|cant|p1a: Starmie|par\n|\n|upkeep\n|turn|75\n|\n|t:|1737940678\n|switch|p1a: Chansey|Chansey|90/100 par\n|switch|p2a: Snorlax|Snorlax|100/100\n|\n|upkeep\n|turn|76\n|\n|t:|1737940682\n|move|p2a: Snorlax|Body Slam|p1a: Chansey\n|-damage|p1a: Chansey|48/100 par\n|move|p1a: Chansey|Thunder Wave|p2a: Snorlax\n|-status|p2a: Snorlax|par\n|\n|upkeep\n|turn|77\n|\n|t:|1737940687\n|switch|p1a: Starmie|Starmie|100/100 par\n|move|p2a: Snorlax|Body Slam|p1a: Starmie\n|-damage|p1a: Starmie|66/100 par\n|\n|upkeep\n|turn|78\n|\n|t:|1737940695\n|switch|p2a: Chansey|Chansey|76/100 par\n|cant|p1a: Starmie|par\n|\n|upkeep\n|turn|79\n|\n|t:|1737940708\n|switch|p1a: Snorlax|Snorlax|86/100\n|move|p2a: Chansey|Thunder Wave|p1a: Snorlax\n|-status|p1a: Snorlax|par\n|\n|upkeep\n|turn|80\n|\n|t:|1737940712\n|switch|p2a: Snorlax|Snorlax|100/100 par\n|move|p1a: Snorlax|Body Slam|p2a: Snorlax\n|-crit|p2a: Snorlax\n|-damage|p2a: Snorlax|50/100 par\n|\n|upkeep\n|turn|81\n|\n|t:|1737940717\n|switch|p1a: Starmie|Starmie|66/100 par\n|move|p2a: Snorlax|Reflect|p2a: Snorlax\n|-start|p2a: Snorlax|Reflect\n|\n|upkeep\n|turn|82\n|\n|t:|1737940722\n|move|p1a: Starmie|Surf|p2a: Snorlax\n|-damage|p2a: Snorlax|23/100 par\n|move|p2a: Snorlax|Rest|p2a: Snorlax\n|-status|p2a: Snorlax|slp|[from] move: Rest\n|-heal|p2a: Snorlax|100/100 slp|[silent]\n|\n|upkeep\n|turn|83\n|\n|t:|1737940725\n|move|p1a: Starmie|Surf|p2a: Snorlax\n|-damage|p2a: Snorlax|71/100 slp\n|cant|p2a: Snorlax|slp\n|\n|upkeep\n|turn|84\n|\n|t:|1737940727\n|cant|p1a: Starmie|par\n|-curestatus|p2a: Snorlax|slp|[msg]\n|\n|upkeep\n|turn|85\n|\n|t:|1737940731\n|move|p1a: Starmie|Thunder Wave|p2a: Snorlax\n|-status|p2a: Snorlax|par\n|move|p2a: Snorlax|Body Slam|p1a: Starmie\n|-damage|p1a: Starmie|31/100 par\n|\n|upkeep\n|turn|86\n|\n|t:|1737940736\n|move|p1a: Starmie|Recover|p1a: Starmie\n|-heal|p1a: Starmie|80/100 par\n|move|p2a: Snorlax|Body Slam|p1a: Starmie\n|-damage|p1a: Starmie|45/100 par\n|\n|upkeep\n|turn|87\n|\n|t:|1737940741\n|move|p1a: Starmie|Recover|p1a: Starmie\n|-heal|p1a: Starmie|95/100 par\n|move|p2a: Snorlax|Body Slam|p1a: Starmie\n|-damage|p1a: Starmie|60/100 par\n|\n|upkeep\n|turn|88\n|\n|t:|1737940746\n|move|p1a: Starmie|Recover|p1a: Starmie\n|-heal|p1a: Starmie|100/100 par\n|move|p2a: Snorlax|Body Slam|p1a: Starmie\n|-damage|p1a: Starmie|65/100 par\n|\n|upkeep\n|turn|89\n|\n|t:|1737940750\n|move|p1a: Starmie|Recover|p1a: Starmie\n|-heal|p1a: Starmie|100/100 par\n|move|p2a: Snorlax|Rest|p2a: Snorlax\n|-status|p2a: Snorlax|slp|[from] move: Rest\n|-heal|p2a: Snorlax|100/100 slp|[silent]\n|\n|upkeep\n|turn|90\n|\n|t:|1737940754\n|move|p1a: Starmie|Surf|p2a: Snorlax\n|-damage|p2a: Snorlax|74/100 slp\n|cant|p2a: Snorlax|slp\n|\n|upkeep\n|turn|91\n|\n|t:|1737940756\n|move|p1a: Starmie|Surf|p2a: Snorlax\n|-damage|p2a: Snorlax|47/100 slp\n|-curestatus|p2a: Snorlax|slp|[msg]\n|\n|upkeep\n|turn|92\n|\n|t:|1737940758\n|move|p1a: Starmie|Surf|p2a: Snorlax\n|-damage|p2a: Snorlax|18/100\n|move|p2a: Snorlax|Rest|p2a: Snorlax\n|-status|p2a: Snorlax|slp|[from] move: Rest\n|-heal|p2a: Snorlax|100/100 slp|[silent]\n|\n|upkeep\n|turn|93\n|\n|t:|1737940761\n|move|p1a: Starmie|Surf|p2a: Snorlax\n|-crit|p2a: Snorlax\n|-damage|p2a: Snorlax|46/100 slp\n|cant|p2a: Snorlax|slp\n|\n|upkeep\n|turn|94\n|\n|t:|1737940764\n|move|p1a: Starmie|Surf|p2a: Snorlax\n|-damage|p2a: Snorlax|17/100 slp\n|-curestatus|p2a: Snorlax|slp|[msg]\n|\n|upkeep\n|turn|95\n|\n|t:|1737940770\n|switch|p2a: Chansey|Chansey|76/100 par\n|move|p1a: Starmie|Surf|p2a: Chansey\n|-damage|p2a: Chansey|60/100 par\n|\n|upkeep\n|turn|96\n|\n|t:|1737940788\n|move|p1a: Starmie|Surf|p2a: Chansey\n|-damage|p2a: Chansey|45/100 par\n|move|p2a: Chansey|Soft-Boiled|p2a: Chansey\n|-heal|p2a: Chansey|95/100 par\n|\n|upkeep\n|turn|97\n|inactive|nicole7735 has 270 seconds left.\n|\n|t:|1737940828\n|switch|p1a: Snorlax|Snorlax|86/100 par\n|move|p2a: Chansey|Thunderbolt|p1a: Snorlax\n|-damage|p1a: Snorlax|66/100 par\n|\n|upkeep\n|turn|98\n|\n|t:|1737940839\n|move|p2a: Chansey|Ice Beam|p1a: Snorlax\n|-damage|p1a: Snorlax|45/100 par\n|move|p1a: Snorlax|Body Slam|p2a: Chansey\n|-damage|p2a: Chansey|55/100 par\n|\n|upkeep\n|turn|99\n|\n|t:|1737940845\n|move|p2a: Chansey|Ice Beam|p1a: Snorlax\n|-damage|p1a: Snorlax|27/100 par\n|move|p1a: Snorlax|Body Slam|p2a: Chansey\n|-damage|p2a: Chansey|12/100 par\n|\n|upkeep\n|turn|100\n|\n|t:|1737940851\n|move|p2a: Chansey|Soft-Boiled|p2a: Chansey\n|-heal|p2a: Chansey|62/100 par\n|move|p1a: Snorlax|Body Slam|p2a: Chansey\n|-damage|p2a: Chansey|20/100 par\n|\n|upkeep\n|turn|101\n|\n|t:|1737940856\n|move|p2a: Chansey|Soft-Boiled|p2a: Chansey\n|-heal|p2a: Chansey|70/100 par\n|move|p1a: Snorlax|Body Slam|p2a: Chansey\n|-damage|p2a: Chansey|30/100 par\n|\n|upkeep\n|turn|102\n|\n|t:|1737940860\n|move|p2a: Chansey|Soft-Boiled|p2a: Chansey\n|-heal|p2a: Chansey|80/100 par\n|cant|p1a: Snorlax|par\n|\n|upkeep\n|turn|103\n|\n|t:|1737940864\n|move|p2a: Chansey|Ice Beam|p1a: Snorlax\n|-damage|p1a: Snorlax|10/100 par\n|move|p1a: Snorlax|Body Slam|p2a: Chansey\n|-damage|p2a: Chansey|36/100 par\n|\n|upkeep\n|turn|104\n|\n|t:|1737940877\n|cant|p2a: Chansey|par\n|move|p1a: Snorlax|Body Slam|p2a: Chansey\n|-damage|p2a: Chansey|0 fnt\n|faint|p2a: Chansey\n|\n|t:|1737940880\n|switch|p2a: Snorlax|Snorlax|17/100\n|turn|105\n|\n|t:|1737940887\n|switch|p1a: Tauros|Tauros|41/100\n|move|p2a: Snorlax|Rest|p2a: Snorlax\n|-status|p2a: Snorlax|slp|[from] move: Rest\n|-heal|p2a: Snorlax|100/100 slp|[silent]\n|\n|upkeep\n|turn|106\n|\n|t:|1737940891\n|move|p1a: Tauros|Body Slam|p2a: Snorlax\n|-damage|p2a: Snorlax|77/100 slp\n|cant|p2a: Snorlax|slp\n|\n|upkeep\n|turn|107\n|\n|t:|1737940892\n|move|p1a: Tauros|Body Slam|p2a: Snorlax\n|-damage|p2a: Snorlax|53/100 slp\n|-curestatus|p2a: Snorlax|slp|[msg]\n|\n|upkeep\n|turn|108\n|\n|t:|1737940896\n|move|p1a: Tauros|Body Slam|p2a: Snorlax\n|-damage|p2a: Snorlax|29/100\n|move|p2a: Snorlax|Reflect|p2a: Snorlax\n|-start|p2a: Snorlax|Reflect\n|\n|upkeep\n|turn|109\n|\n|t:|1737940903\n|move|p1a: Tauros|Body Slam|p2a: Snorlax\n|-damage|p2a: Snorlax|16/100\n|move|p2a: Snorlax|Rest|p2a: Snorlax\n|-status|p2a: Snorlax|slp|[from] move: Rest\n|-heal|p2a: Snorlax|100/100 slp|[silent]\n|\n|upkeep\n|turn|110\n|\n|t:|1737940909\n|switch|p1a: Starmie|Starmie|100/100 par\n|cant|p2a: Snorlax|slp\n|\n|upkeep\n|turn|111\n|\n|t:|1737940911\n|-curestatus|p2a: Snorlax|slp|[msg]\n|cant|p1a: Starmie|par\n|\n|upkeep\n|turn|112\n|\n|t:|1737940914\n|move|p2a: Snorlax|Body Slam|p1a: Starmie\n|-damage|p1a: Starmie|63/100 par\n|move|p1a: Starmie|Thunder Wave|p2a: Snorlax\n|-status|p2a: Snorlax|par\n|\n|upkeep\n|turn|113\n|\n|t:|1737940920\n|move|p1a: Starmie|Recover|p1a: Starmie\n|-heal|p1a: Starmie|100/100 par\n|move|p2a: Snorlax|Body Slam|p1a: Starmie\n|-damage|p1a: Starmie|62/100 par\n|\n|upkeep\n|turn|114\n|\n|t:|1737940926\n|cant|p1a: Starmie|par\n|move|p2a: Snorlax|Body Slam|p1a: Starmie\n|-damage|p1a: Starmie|25/100 par\n|\n|upkeep\n|turn|115\n|\n|t:|1737940930\n|move|p1a: Starmie|Recover|p1a: Starmie\n|-heal|p1a: Starmie|74/100 par\n|move|p2a: Snorlax|Body Slam|p1a: Starmie\n|-damage|p1a: Starmie|36/100 par\n|\n|upkeep\n|turn|116\n|\n|t:|1737940934\n|cant|p1a: Starmie|par\n|move|p2a: Snorlax|Body Slam|p1a: Starmie\n|-damage|p1a: Starmie|0 fnt\n|faint|p1a: Starmie\n|inactive|nicole7735 has 270 seconds left.\n|inactive|nicole7735 has 240 seconds left.\n|inactive|nicole7735 has 210 seconds left.\n|\n|t:|1737941044\n|switch|p1a: Tauros|Tauros|41/100\n|turn|117\n|inactive|nicole7735 has 180 seconds left.\n|\n|t:|1737941091\n|move|p1a: Tauros|Body Slam|p2a: Snorlax\n|-damage|p2a: Snorlax|89/100 par\n|cant|p2a: Snorlax|par\n|\n|upkeep\n|turn|118\n|\n|t:|1737941096\n|move|p1a: Tauros|Body Slam|p2a: Snorlax\n|-damage|p2a: Snorlax|77/100 par\n|move|p2a: Snorlax|Ice Beam|p1a: Tauros\n|-damage|p1a: Tauros|20/100\n|\n|upkeep\n|turn|119\n|\n|t:|1737941103\n|move|p1a: Tauros|Rest|p1a: Tauros\n|-status|p1a: Tauros|slp|[from] move: Rest\n|-heal|p1a: Tauros|100/100 slp|[silent]\n|move|p2a: Snorlax|Ice Beam|p1a: Tauros\n|-damage|p1a: Tauros|80/100 slp\n|\n|upkeep\n|turn|120\n|\n|t:|1737941130\n|cant|p1a: Tauros|slp\n|move|p2a: Snorlax|Rest|p2a: Snorlax\n|-status|p2a: Snorlax|slp|[from] move: Rest\n|-heal|p2a: Snorlax|100/100 slp|[silent]\n|\n|upkeep\n|turn|121\n|inactive|nicole7735 has 180 seconds left.\n|inactive|nicole7735 has 150 seconds left.\n|\n|t:|1737941171\n|switch|p1a: Chansey|Chansey|48/100 par\n|cant|p2a: Snorlax|slp\n|\n|upkeep\n|turn|122\n|\n|t:|1737941175\n|cant|p1a: Chansey|par\n|-curestatus|p2a: Snorlax|slp|[msg]\n|\n|upkeep\n|turn|123\n|\n|t:|1737941177\n|move|p1a: Chansey|Thunder Wave|p2a: Snorlax\n|-status|p2a: Snorlax|par\n|cant|p2a: Snorlax|par\n|\n|upkeep\n|turn|124\n|\n|t:|1737941182\n|move|p1a: Chansey|Soft-Boiled|p1a: Chansey\n|-heal|p1a: Chansey|98/100 par\n|move|p2a: Snorlax|Body Slam|p1a: Chansey\n|-damage|p1a: Chansey|60/100 par\n|\n|upkeep\n|turn|125\n|\n|t:|1737941186\n|move|p1a: Chansey|Soft-Boiled|p1a: Chansey\n|-heal|p1a: Chansey|100/100 par\n|move|p2a: Snorlax|Body Slam|p1a: Chansey\n|-damage|p1a: Chansey|56/100 par\n|\n|upkeep\n|turn|126\n|\n|t:|1737941190\n|cant|p1a: Chansey|par\n|move|p2a: Snorlax|Body Slam|p1a: Chansey\n|-damage|p1a: Chansey|15/100 par\n|\n|upkeep\n|turn|127\n|\n|t:|1737941200\n|move|p1a: Chansey|Soft-Boiled|p1a: Chansey\n|-heal|p1a: Chansey|65/100 par\n|move|p2a: Snorlax|Body Slam|p1a: Chansey\n|-damage|p1a: Chansey|26/100 par\n|\n|upkeep\n|turn|128\n|\n|t:|1737941204\n|cant|p1a: Chansey|par\n|move|p2a: Snorlax|Body Slam|p1a: Chansey\n|-damage|p1a: Chansey|0 fnt\n|faint|p1a: Chansey\n|inactive|nicole7735 has 210 seconds left.\n|inactive|nicole7735 has 180 seconds left.\n|\n|t:|1737941260\n|switch|p1a: Tauros|Tauros|80/100 slp\n|turn|129\n|\n|t:|1737941265\n|-curestatus|p1a: Tauros|slp|[msg]\n|move|p2a: Snorlax|Ice Beam|p1a: Tauros\n|-damage|p1a: Tauros|59/100\n|\n|upkeep\n|turn|130\n|\n|t:|1737941272\n|move|p1a: Tauros|Rest|p1a: Tauros\n|-status|p1a: Tauros|slp|[from] move: Rest\n|-heal|p1a: Tauros|100/100 slp|[silent]\n|move|p2a: Snorlax|Ice Beam|p1a: Tauros\n|-damage|p1a: Tauros|81/100 slp\n|\n|upkeep\n|turn|131\n|\n|t:|1737941279\n|cant|p1a: Tauros|slp\n|move|p2a: Snorlax|Reflect|p2a: Snorlax\n|-fail|p2a: Snorlax\n|\n|upkeep\n|turn|132\n|\n|t:|1737941282\n|-curestatus|p1a: Tauros|slp|[msg]\n|move|p2a: Snorlax|Ice Beam|p1a: Tauros\n|-damage|p1a: Tauros|60/100\n|\n|upkeep\n|turn|133\n|\n|t:|1737941292\n|move|p1a: Tauros|Rest|p1a: Tauros\n|-status|p1a: Tauros|slp|[from] move: Rest\n|-heal|p1a: Tauros|100/100 slp|[silent]\n|cant|p2a: Snorlax|par\n|\n|upkeep\n|turn|134\n|\n|t:|1737941296\n|cant|p1a: Tauros|slp\n|move|p2a: Snorlax|Reflect|p2a: Snorlax\n|-fail|p2a: Snorlax\n|\n|upkeep\n|turn|135\n|\n|t:|1737941300\n|-curestatus|p1a: Tauros|slp|[msg]\n|move|p2a: Snorlax|Ice Beam|p1a: Tauros\n|-damage|p1a: Tauros|80/100\n|\n|upkeep\n|turn|136\n|\n|t:|1737941310\n|move|p1a: Tauros|Body Slam|p2a: Snorlax\n|-damage|p2a: Snorlax|87/100 par\n|move|p2a: Snorlax|Ice Beam|p1a: Tauros\n|-damage|p1a: Tauros|59/100\n|-status|p1a: Tauros|frz\n|\n|upkeep\n|turn|137\n|\n|t:|1737941323\n|cant|p1a: Tauros|frz\n|move|p2a: Snorlax|Ice Beam|p1a: Tauros\n|-damage|p1a: Tauros|38/100 frz\n|\n|upkeep\n|turn|138\n|\n|t:|1737941341\n|cant|p1a: Tauros|frz\n|move|p2a: Snorlax|Body Slam|p1a: Tauros\n|-damage|p1a: Tauros|9/100 frz\n|\n|upkeep\n|turn|139\n|\n|t:|1737941365\n|cant|p1a: Tauros|frz\n|move|p2a: Snorlax|Body Slam|p1a: Tauros\n|-damage|p1a: Tauros|0 fnt\n|faint|p1a: Tauros\n|\n|t:|1737941371\n|switch|p1a: Snorlax|Snorlax|10/100 par\n|turn|140\n|\n|t:|1737941375\n|move|p1a: Snorlax|Rest|p1a: Snorlax\n|-status|p1a: Snorlax|slp|[from] move: Rest\n|-heal|p1a: Snorlax|100/100 slp|[silent]\n|cant|p2a: Snorlax|par\n|\n|upkeep\n|turn|141\n|\n|t:|1737941387\n|cant|p1a: Snorlax|slp\n|move|p2a: Snorlax|Reflect|p2a: Snorlax\n|-fail|p2a: Snorlax\n|\n|upkeep\n|turn|142\n|\n|t:|1737941391\n|-curestatus|p1a: Snorlax|slp|[msg]\n|move|p2a: Snorlax|Ice Beam|p1a: Snorlax\n|-damage|p1a: Snorlax|87/100\n|\n|upkeep\n|turn|143\n|\n|t:|1737941398\n|move|p1a: Snorlax|Rest|p1a: Snorlax\n|-status|p1a: Snorlax|slp|[from] move: Rest\n|-heal|p1a: Snorlax|100/100 slp|[silent]\n|move|p2a: Snorlax|Reflect|p2a: Snorlax\n|-fail|p2a: Snorlax\n|\n|upkeep\n|turn|144\n|\n|t:|1737941401\n|cant|p1a: Snorlax|slp\n|cant|p2a: Snorlax|par\n|\n|upkeep\n|turn|145\n|\n|t:|1737941404\n|-curestatus|p1a: Snorlax|slp|[msg]\n|move|p2a: Snorlax|Ice Beam|p1a: Snorlax\n|-damage|p1a: Snorlax|85/100\n|\n|upkeep\n|turn|146\n|\n|t:|1737941409\n|move|p1a: Snorlax|Rest|p1a: Snorlax\n|-status|p1a: Snorlax|slp|[from] move: Rest\n|-heal|p1a: Snorlax|100/100 slp|[silent]\n|move|p2a: Snorlax|Reflect|p2a: Snorlax\n|-fail|p2a: Snorlax\n|\n|upkeep\n|turn|147\n|\n|t:|1737941418\n|cant|p1a: Snorlax|slp\n|move|p2a: Snorlax|Reflect|p2a: Snorlax\n|-fail|p2a: Snorlax\n|\n|upkeep\n|turn|148\n|\n|t:|1737941422\n|-curestatus|p1a: Snorlax|slp|[msg]\n|move|p2a: Snorlax|Ice Beam|p1a: Snorlax\n|-damage|p1a: Snorlax|85/100\n|\n|upkeep\n|turn|149\n|\n|t:|1737941427\n|move|p1a: Snorlax|Rest|p1a: Snorlax\n|-status|p1a: Snorlax|slp|[from] move: Rest\n|-heal|p1a: Snorlax|100/100 slp|[silent]\n|move|p2a: Snorlax|Reflect|p2a: Snorlax\n|-fail|p2a: Snorlax\n|\n|upkeep\n|turn|150\n|\n|t:|1737941431\n|cant|p1a: Snorlax|slp\n|move|p2a: Snorlax|Reflect|p2a: Snorlax\n|-fail|p2a: Snorlax\n|\n|upkeep\n|turn|151\n|\n|t:|1737941435\n|-curestatus|p1a: Snorlax|slp|[msg]\n|move|p2a: Snorlax|Ice Beam|p1a: Snorlax\n|-damage|p1a: Snorlax|85/100\n|-status|p1a: Snorlax|frz\n|\n|upkeep\n|turn|152\n|\n|t:|1737941443\n|cant|p1a: Snorlax|frz\n|move|p2a: Snorlax|Ice Beam|p1a: Snorlax\n|-damage|p1a: Snorlax|72/100 frz\n|\n|upkeep\n|turn|153\n|\n|t:|1737941454\n|cant|p1a: Snorlax|frz\n|move|p2a: Snorlax|Ice Beam|p1a: Snorlax\n|-damage|p1a: Snorlax|59/100 frz\n|\n|upkeep\n|turn|154\n|\n|t:|1737941458\n|cant|p1a: Snorlax|frz\n|cant|p2a: Snorlax|par\n|\n|upkeep\n|turn|155\n|\n|t:|1737941463\n|cant|p1a: Snorlax|frz\n|move|p2a: Snorlax|Ice Beam|p1a: Snorlax\n|-damage|p1a: Snorlax|44/100 frz\n|\n|upkeep\n|turn|156\n|\n|t:|1737941467\n|cant|p1a: Snorlax|frz\n|cant|p2a: Snorlax|par\n|\n|upkeep\n|turn|157\n|c|☆nicole7735|gg\n|c|☆genesis7|gg\n|-message|nicole7735 forfeited.\n|\n|win|genesis7\n|player|p2|\n","uploadtime":1737941491,"views":"1907","formatid":"gen1ou","rating":null,"private":0,"password":null}