{"id":"smogtours-gen1ou-949924","format":"[Gen 1] OU","players":["TG2513","Soda Krys"],"log":"|inactive|Battle timer is ON: inactive players will automatically lose when time's up.\n|t:|1782331594\n|gametype|singles\n|player|p1|TG2513|brycenman|\n|player|p2|Soda Krys|lass-gen1rb|\n|gen|1\n|tier|[Gen 1] OU\n|rule|Desync Clause Mod: Desyncs changed to move failure.\n|rule|HP Percentage Mod: HP is shown in percentages\n|rule|Endless Battle Clause: Forcing endless battles is banned\n|rule|Sleep Clause Mod: Limit one foe put to sleep\n|rule|Freeze Clause Mod: Limit one foe frozen\n|rule|Species Clause: Limit one of each Pokémon\n|rule|OHKO Clause: OHKO moves are banned\n|rule|Evasion Moves Clause: Evasion moves are banned\n|\n|t:|1782331594\n|teamsize|p1|6\n|teamsize|p2|6\n|start\n|switch|p1a: Alakazam|Alakazam|100/100\n|switch|p2a: Alakazam|Alakazam|100/100\n|turn|1\n|inactive|Soda Krys also wants the timer to be on.\n|\n|t:|1782331599\n|switch|p2a: Exeggutor|Exeggutor|100/100\n|switch|p1a: Exeggutor|Exeggutor|100/100\n|\n|upkeep\n|turn|2\n|\n|t:|1782331603\n|switch|p2a: Alakazam|Alakazam|100/100\n|switch|p1a: Alakazam|Alakazam|100/100\n|\n|upkeep\n|turn|3\n|\n|t:|1782331607\n|switch|p1a: Exeggutor|Exeggutor|100/100\n|switch|p2a: Exeggutor|Exeggutor|100/100\n|\n|upkeep\n|turn|4\n|\n|t:|1782331611\n|switch|p1a: Alakazam|Alakazam|100/100\n|switch|p2a: Alakazam|Alakazam|100/100\n|\n|upkeep\n|turn|5\n|\n|t:|1782331621\n|switch|p1a: Exeggutor|Exeggutor|100/100\n|move|p2a: Alakazam|Seismic Toss|p1a: Exeggutor\n|-damage|p1a: Exeggutor|75/100\n|\n|upkeep\n|turn|6\n|\n|t:|1782331627\n|move|p2a: Alakazam|Seismic Toss|p1a: Exeggutor\n|-damage|p1a: Exeggutor|50/100\n|move|p1a: Exeggutor|Sleep Powder|p2a: Alakazam|[miss]\n|-miss|p1a: Exeggutor\n|\n|upkeep\n|turn|7\n|\n|t:|1782331629\n|move|p2a: Alakazam|Seismic Toss|p1a: Exeggutor\n|-damage|p1a: Exeggutor|24/100\n|move|p1a: Exeggutor|Sleep Powder|p2a: Alakazam\n|-status|p2a: Alakazam|slp|[from] move: Sleep Powder\n|\n|upkeep\n|turn|8\n|\n|t:|1782331637\n|cant|p2a: Alakazam|slp\n|move|p1a: Exeggutor|Double-Edge|p2a: Alakazam\n|-damage|p2a: Alakazam|63/100 slp\n|-damage|p1a: Exeggutor|17/100|[from] Recoil|[of] p2a: Alakazam\n|\n|upkeep\n|turn|9\n|\n|t:|1782331642\n|switch|p1a: Alakazam|Alakazam|100/100\n|cant|p2a: Alakazam|slp\n|\n|upkeep\n|turn|10\n|\n|t:|1782331645\n|switch|p2a: Exeggutor|Exeggutor|100/100\n|move|p1a: Alakazam|Seismic Toss|p2a: Exeggutor\n|-damage|p2a: Exeggutor|75/100\n|\n|upkeep\n|turn|11\n|\n|t:|1782331647\n|move|p1a: Alakazam|Thunder Wave|p2a: Exeggutor\n|-status|p2a: Exeggutor|par\n|move|p2a: Exeggutor|Sleep Powder|p1a: Alakazam\n|-status|p1a: Alakazam|slp|[from] move: Sleep Powder\n|\n|upkeep\n|turn|12\n|\n|t:|1782331650\n|cant|p1a: Alakazam|slp\n|move|p2a: Exeggutor|Stun Spore|p1a: Alakazam\n|-fail|p1a: Alakazam\n|\n|upkeep\n|turn|13\n|\n|t:|1782331652\n|switch|p2a: Snorlax|Snorlax|100/100\n|-curestatus|p1a: Alakazam|slp|[msg]\n|\n|upkeep\n|turn|14\n|\n|t:|1782331656\n|move|p1a: Alakazam|Seismic Toss|p2a: Snorlax\n|-damage|p2a: Snorlax|81/100\n|move|p2a: Snorlax|Body Slam|p1a: Alakazam\n|-damage|p1a: Alakazam|46/100\n|\n|upkeep\n|turn|15\n|\n|t:|1782331661\n|move|p1a: Alakazam|Thunder Wave|p2a: Snorlax\n|-status|p2a: Snorlax|par\n|move|p2a: Snorlax|Body Slam|p1a: Alakazam\n|-damage|p1a: Alakazam|0 fnt\n|faint|p1a: Alakazam\n|\n|t:|1782331665\n|switch|p1a: Chansey|Chansey|100/100\n|turn|16\n|\n|t:|1782331669\n|move|p1a: Chansey|Ice Beam|p2a: Snorlax\n|-damage|p2a: Snorlax|62/100 par\n|move|p2a: Snorlax|Self-Destruct|p1a: Chansey\n|-damage|p1a: Chansey|0 fnt\n|faint|p1a: Chansey\n|faint|p2a: Snorlax\n|\n|t:|1782331679\n|switch|p1a: Zapdos|Zapdos|100/100\n|switch|p2a: Tauros|Tauros|100/100\n|turn|17\n|\n|t:|1782331686\n|switch|p2a: Exeggutor|Exeggutor|75/100 par\n|move|p1a: Zapdos|Thunder Wave|p2a: Exeggutor\n|-fail|p2a: Exeggutor|par\n|\n|upkeep\n|turn|18\n|\n|t:|1782331690\n|switch|p2a: Zapdos|Zapdos|100/100\n|move|p1a: Zapdos|Drill Peck|p2a: Zapdos\n|-resisted|p2a: Zapdos\n|-damage|p2a: Zapdos|88/100\n|\n|upkeep\n|turn|19\n|\n|t:|1782331693\n|move|p1a: Zapdos|Thunder Wave|p2a: Zapdos\n|-status|p2a: Zapdos|par\n|move|p2a: Zapdos|Thunder Wave|p1a: Zapdos\n|-status|p1a: Zapdos|par\n|\n|upkeep\n|turn|20\n|\n|t:|1782331698\n|move|p1a: Zapdos|Thunderbolt|p2a: Zapdos\n|-damage|p2a: Zapdos|60/100 par\n|move|p2a: Zapdos|Thunderbolt|p1a: Zapdos\n|-crit|p1a: Zapdos\n|-damage|p1a: Zapdos|40/100 par\n|\n|upkeep\n|turn|21\n|\n|t:|1782331701\n|move|p1a: Zapdos|Thunderbolt|p2a: Zapdos\n|-damage|p2a: Zapdos|33/100 par\n|move|p2a: Zapdos|Thunderbolt|p1a: Zapdos\n|-damage|p1a: Zapdos|11/100 par\n|\n|upkeep\n|turn|22\n|\n|t:|1782331703\n|move|p2a: Zapdos|Thunderbolt|p1a: Zapdos\n|-damage|p1a: Zapdos|0 fnt\n|faint|p1a: Zapdos\n|\n|t:|1782331708\n|switch|p1a: Tauros|Tauros|100/100\n|turn|23\n|\n|t:|1782331711\n|move|p1a: Tauros|Blizzard|p2a: Zapdos\n|-crit|p2a: Zapdos\n|-supereffective|p2a: Zapdos\n|-damage|p2a: Zapdos|0 fnt\n|faint|p2a: Zapdos\n|\n|t:|1782331712\n|switch|p2a: Cloyster|Cloyster|100/100\n|turn|24\n|\n|t:|1782331719\n|switch|p1a: Cloyster|Cloyster|100/100\n|move|p2a: Cloyster|Blizzard|p1a: Cloyster\n|-resisted|p1a: Cloyster\n|-damage|p1a: Cloyster|89/100\n|\n|upkeep\n|turn|25\n|\n|t:|1782331722\n|move|p2a: Cloyster|Clamp|p1a: Cloyster\n|-resisted|p1a: Cloyster\n|-damage|p1a: Cloyster|83/100\n|cant|p1a: Cloyster|partiallytrapped\n|\n|upkeep\n|turn|26\n|\n|t:|1782331729\n|move|p2a: Cloyster|Clamp|p1a: Cloyster|[from] Clamp\n|-damage|p1a: Cloyster|77/100\n|\n|upkeep\n|turn|27\n|\n|t:|1782331734\n|move|p2a: Cloyster|Clamp|p1a: Cloyster|[from] Clamp\n|-damage|p1a: Cloyster|70/100\n|\n|upkeep\n|turn|28\n|\n|t:|1782331736\n|move|p2a: Cloyster|Clamp|p1a: Cloyster|[from] Clamp\n|-damage|p1a: Cloyster|64/100\n|\n|upkeep\n|turn|29\n|\n|t:|1782331738\n|move|p2a: Cloyster|Clamp|p1a: Cloyster\n|-resisted|p1a: Cloyster\n|-damage|p1a: Cloyster|58/100\n|cant|p1a: Cloyster|partiallytrapped\n|\n|upkeep\n|turn|30\n|\n|t:|1782331740\n|move|p2a: Cloyster|Clamp|p1a: Cloyster|[from] Clamp\n|-damage|p1a: Cloyster|51/100\n|\n|upkeep\n|turn|31\n|\n|t:|1782331742\n|move|p2a: Cloyster|Clamp|p1a: Cloyster|[from] Clamp\n|-damage|p1a: Cloyster|44/100\n|\n|upkeep\n|turn|32\n|\n|t:|1782331745\n|switch|p1a: Tauros|Tauros|100/100\n|move|p2a: Cloyster|Clamp|p1a: Tauros|[miss]\n|-miss|p2a: Cloyster\n|\n|upkeep\n|turn|33\n|\n|t:|1782331749\n|move|p1a: Tauros|Thunderbolt|p2a: Cloyster\n|-supereffective|p2a: Cloyster\n|-damage|p2a: Cloyster|54/100\n|move|p2a: Cloyster|Clamp|p1a: Tauros\n|-crit|p1a: Tauros\n|-damage|p1a: Tauros|74/100\n|\n|upkeep\n|turn|34\n|\n|t:|1782331756\n|switch|p1a: Cloyster|Cloyster|44/100\n|move|p2a: Cloyster|Clamp|p1a: Cloyster\n|-resisted|p1a: Cloyster\n|-damage|p1a: Cloyster|38/100\n|\n|upkeep\n|turn|35\n|\n|t:|1782331758\n|switch|p2a: Tauros|Tauros|100/100\n|\n|upkeep\n|turn|36\n|\n|t:|1782331763\n|move|p2a: Tauros|Thunderbolt|p1a: Cloyster\n|-supereffective|p1a: Cloyster\n|-damage|p1a: Cloyster|0 fnt\n|faint|p1a: Cloyster\n|\n|t:|1782331765\n|switch|p1a: Tauros|Tauros|74/100\n|turn|37\n|\n|t:|1782331768\n|move|p1a: Tauros|Blizzard|p2a: Tauros\n|-damage|p2a: Tauros|76/100\n|move|p2a: Tauros|Body Slam|p1a: Tauros\n|-damage|p1a: Tauros|44/100\n|\n|upkeep\n|turn|38\n|\n|t:|1782331770\n|move|p2a: Tauros|Hyper Beam|p1a: Tauros\n|-crit|p1a: Tauros\n|-damage|p1a: Tauros|0 fnt\n|faint|p1a: Tauros\n|-message|TG2513 forfeited.\n|\n|win|Soda Krys\n|player|p1|\n|c|☆Soda Krys|gg\n|c|☆Soda Krys|2-5 me\n|player|p2|\n|player|p2|Soda Krys|lass-gen1rb|\n|player|p2|\n","uploadtime":1782331774,"views":"71","formatid":"gen1ou","rating":null,"private":0,"password":null}