{"id":"smogtours-gen1ou-907093","format":"[Gen 1] OU","players":["Serpi n_n","Isza"],"log":"|inactive|Battle timer is ON: inactive players will automatically lose when time's up.\n|t:|1770572764\n|gametype|singles\n|player|p1|Serpi n_n|#splxviibigs2|\n|player|p2|Isza|shadowtriad|\n|gen|1\n|tier|[Gen 1] OU\n|rule|Desync Clause Mod: Desyncs changed to move failure.\n|rule|Sleep Clause Mod: Limit one foe put to sleep\n|rule|Freeze Clause Mod: Limit one foe frozen\n|rule|Species Clause: Limit one of each Pokémon\n|rule|OHKO Clause: OHKO moves are banned\n|rule|Evasion Moves Clause: Evasion moves are banned\n|rule|Endless Battle Clause: Forcing endless battles is banned\n|rule|HP Percentage Mod: HP is shown in percentages\n|\n|t:|1770572764\n|teamsize|p1|6\n|teamsize|p2|6\n|start\n|switch|p1a: Gengar|Gengar|100/100\n|switch|p2a: Starmie|Starmie|100/100\n|turn|1\n|c|☆Serpi n_n|hf\n|\n|t:|1770572772\n|switch|p2a: Exeggutor|Exeggutor|100/100\n|switch|p1a: Chansey|Chansey|100/100\n|\n|upkeep\n|turn|2\n|inactive|Serpi n_n has 270 seconds left.\n|\n|t:|1770572823\n|switch|p1a: Starmie|Starmie|100/100\n|move|p2a: Exeggutor|Sleep Powder|p1a: Starmie\n|-status|p1a: Starmie|slp|[from] move: Sleep Powder\n|\n|upkeep\n|turn|3\n|rated|Smogon Premier League\n|\n|t:|1770572840\n|switch|p2a: Chansey|Chansey|100/100\n|cant|p1a: Starmie|slp\n|\n|upkeep\n|turn|4\n|\n|t:|1770572851\n|-curestatus|p1a: Starmie|slp|[msg]\n|move|p2a: Chansey|Thunderbolt|p1a: Starmie\n|-supereffective|p1a: Starmie\n|-damage|p1a: Starmie|52/100\n|\n|upkeep\n|turn|5\n|inactive|Serpi n_n has 240 seconds left.\n|\n|t:|1770572892\n|switch|p1a: Gengar|Gengar|100/100\n|move|p2a: Chansey|Ice Beam|p1a: Gengar\n|-damage|p1a: Gengar|80/100\n|\n|upkeep\n|turn|6\n|\n|t:|1770572912\n|switch|p2a: Starmie|Starmie|100/100\n|move|p1a: Gengar|Hypnosis|p2a: Starmie|[miss]\n|-miss|p1a: Gengar\n|\n|upkeep\n|turn|7\n|\n|t:|1770572932\n|switch|p2a: Exeggutor|Exeggutor|100/100\n|move|p1a: Gengar|Hypnosis|p2a: Exeggutor\n|-status|p2a: Exeggutor|slp|[from] move: Hypnosis\n|\n|upkeep\n|turn|8\n|\n|t:|1770572957\n|switch|p2a: Starmie|Starmie|100/100\n|move|p1a: Gengar|Night Shade|p2a: Starmie\n|-damage|p2a: Starmie|70/100\n|\n|upkeep\n|turn|9\n|inactive|Serpi n_n has 210 seconds left.\n|\n|t:|1770572989\n|move|p2a: Starmie|Thunder Wave|p1a: Gengar\n|-status|p1a: Gengar|par\n|move|p1a: Gengar|Thunderbolt|p2a: Starmie\n|-supereffective|p2a: Starmie\n|-damage|p2a: Starmie|17/100\n|\n|upkeep\n|turn|10\n|\n|t:|1770573000\n|move|p2a: Starmie|Recover|p2a: Starmie\n|-heal|p2a: Starmie|67/100\n|cant|p1a: Gengar|par\n|\n|upkeep\n|turn|11\n|\n|t:|1770573014\n|move|p2a: Starmie|Recover|p2a: Starmie\n|-heal|p2a: Starmie|100/100\n|move|p1a: Gengar|Thunderbolt|p2a: Starmie\n|-supereffective|p2a: Starmie\n|-damage|p2a: Starmie|46/100\n|\n|upkeep\n|turn|12\n|\n|t:|1770573021\n|move|p2a: Starmie|Recover|p2a: Starmie\n|-heal|p2a: Starmie|96/100\n|cant|p1a: Gengar|par\n|\n|upkeep\n|turn|13\n|\n|t:|1770573025\n|switch|p1a: Chansey|Chansey|100/100\n|move|p2a: Starmie|Surf|p1a: Chansey\n|-damage|p1a: Chansey|85/100\n|\n|upkeep\n|turn|14\n|\n|t:|1770573031\n|move|p2a: Starmie|Thunder Wave|p1a: Chansey\n|-status|p1a: Chansey|par\n|move|p1a: Chansey|Thunder Wave|p2a: Starmie\n|-status|p2a: Starmie|par\n|\n|upkeep\n|turn|15\n|inactive|Serpi n_n has 210 seconds left.\n|\n|t:|1770573052\n|move|p2a: Starmie|Surf|p1a: Chansey\n|-damage|p1a: Chansey|69/100 par\n|move|p1a: Chansey|Ice Beam|p2a: Starmie\n|-resisted|p2a: Starmie\n|-damage|p2a: Starmie|84/100 par\n|\n|upkeep\n|turn|16\n|\n|t:|1770573058\n|cant|p2a: Starmie|par\n|move|p1a: Chansey|Soft-Boiled|p1a: Chansey\n|-heal|p1a: Chansey|100/100 par\n|\n|upkeep\n|turn|17\n|inactive|Serpi n_n has 210 seconds left.\n|\n|t:|1770573077\n|cant|p2a: Starmie|par\n|move|p1a: Chansey|Ice Beam|p2a: Starmie\n|-resisted|p2a: Starmie\n|-damage|p2a: Starmie|73/100 par\n|\n|upkeep\n|turn|18\n|\n|t:|1770573082\n|switch|p1a: Gengar|Gengar|80/100 par\n|move|p2a: Starmie|Recover|p2a: Starmie\n|-heal|p2a: Starmie|100/100 par\n|\n|upkeep\n|turn|19\n|inactive|Serpi n_n has 210 seconds left.\n|inactive|Isza has 270 seconds left.\n|inactive|Serpi n_n has 180 seconds left.\n|inactive|Isza has 240 seconds left.\n|inactive|Isza has 210 seconds left.\n|inactive|Isza has 180 seconds left.\n|\n|t:|1770573244\n|switch|p2a: Rhydon|Rhydon|100/100\n|move|p1a: Gengar|Thunderbolt|p2a: Rhydon\n|-immune|p2a: Rhydon\n|\n|upkeep\n|turn|20\n|\n|t:|1770573259\n|switch|p1a: Starmie|Starmie|52/100\n|move|p2a: Rhydon|Earthquake|p1a: Starmie\n|-damage|p1a: Starmie|0 fnt\n|faint|p1a: Starmie\n|\n|t:|1770573265\n|switch|p1a: Tauros|Tauros|100/100\n|turn|21\n|inactive|Serpi n_n has 150 seconds left.\n|\n|t:|1770573285\n|move|p1a: Tauros|Body Slam|p2a: Rhydon\n|-resisted|p2a: Rhydon\n|-damage|p2a: Rhydon|90/100\n|-status|p2a: Rhydon|par\n|cant|p2a: Rhydon|par\n|\n|upkeep\n|turn|22\n|inactive|Serpi n_n has 150 seconds left.\n|\n|t:|1770573312\n|switch|p2a: Snorlax|Snorlax|100/100\n|move|p1a: Tauros|Body Slam|p2a: Snorlax\n|-damage|p2a: Snorlax|74/100\n|\n|upkeep\n|turn|23\n|inactive|Serpi n_n has 150 seconds left.\n|\n|t:|1770573321\n|switch|p1a: Gengar|Gengar|80/100 par\n|move|p2a: Snorlax|Body Slam|p1a: Gengar\n|-immune|p1a: Gengar\n|\n|upkeep\n|turn|24\n|inactive|Serpi n_n has 150 seconds left.\n|\n|t:|1770573333\n|switch|p2a: Rhydon|Rhydon|90/100 par\n|move|p1a: Gengar|Night Shade|p2a: Rhydon\n|-damage|p2a: Rhydon|66/100 par\n|\n|upkeep\n|turn|25\n|\n|t:|1770573337\n|switch|p1a: Snorlax|Snorlax|100/100\n|move|p2a: Rhydon|Earthquake|p1a: Snorlax\n|-damage|p1a: Snorlax|67/100\n|\n|upkeep\n|turn|26\n|inactive|Isza has 180 seconds left.\n|\n|t:|1770573349\n|switch|p2a: Chansey|Chansey|100/100\n|move|p1a: Snorlax|Earthquake|p2a: Chansey\n|-crit|p2a: Chansey\n|-damage|p2a: Chansey|33/100\n|\n|upkeep\n|turn|27\n|inactive|Isza has 180 seconds left.\n|\n|t:|1770573367\n|move|p2a: Chansey|Soft-Boiled|p2a: Chansey\n|-heal|p2a: Chansey|83/100\n|move|p1a: Snorlax|Body Slam|p2a: Chansey\n|-damage|p2a: Chansey|42/100\n|\n|upkeep\n|turn|28\n|\n|t:|1770573374\n|move|p2a: Chansey|Soft-Boiled|p2a: Chansey\n|-heal|p2a: Chansey|92/100\n|move|p1a: Snorlax|Body Slam|p2a: Chansey\n|-damage|p2a: Chansey|48/100\n|\n|upkeep\n|turn|29\n|inactive|Serpi n_n has 180 seconds left.\n|\n|t:|1770573380\n|move|p2a: Chansey|Soft-Boiled|p2a: Chansey\n|-heal|p2a: Chansey|98/100\n|move|p1a: Snorlax|Body Slam|p2a: Chansey\n|-damage|p2a: Chansey|57/100\n|\n|upkeep\n|turn|30\n|\n|t:|1770573385\n|move|p2a: Chansey|Thunder Wave|p1a: Snorlax\n|-status|p1a: Snorlax|par\n|move|p1a: Snorlax|Body Slam|p2a: Chansey\n|-damage|p2a: Chansey|14/100\n|\n|upkeep\n|turn|31\n|inactive|Isza has 210 seconds left.\n|\n|t:|1770573393\n|switch|p2a: Rhydon|Rhydon|66/100 par\n|move|p1a: Snorlax|Reflect|p1a: Snorlax\n|-start|p1a: Snorlax|Reflect\n|\n|upkeep\n|turn|32\n|\n|t:|1770573409\n|switch|p2a: Snorlax|Snorlax|74/100\n|cant|p1a: Snorlax|par\n|\n|upkeep\n|turn|33\n|\n|t:|1770573424\n|move|p2a: Snorlax|Body Slam|p1a: Snorlax\n|-damage|p1a: Snorlax|53/100 par\n|cant|p1a: Snorlax|par\n|\n|upkeep\n|turn|34\n|\n|t:|1770573434\n|switch|p2a: Exeggutor|Exeggutor|100/100 slp\n|move|p1a: Snorlax|Rest|p1a: Snorlax\n|-status|p1a: Snorlax|slp|[from] move: Rest\n|-heal|p1a: Snorlax|100/100 slp|[silent]\n|\n|upkeep\n|turn|35\n|inactive|Isza has 240 seconds left.\n|\n|t:|1770573440\n|cant|p2a: Exeggutor|slp\n|cant|p1a: Snorlax|slp\n|\n|upkeep\n|turn|36\n|\n|t:|1770573444\n|switch|p2a: Chansey|Chansey|14/100\n|-curestatus|p1a: Snorlax|slp|[msg]\n|\n|upkeep\n|turn|37\n|\n|t:|1770573457\n|move|p2a: Chansey|Soft-Boiled|p2a: Chansey\n|-heal|p2a: Chansey|64/100\n|move|p1a: Snorlax|Body Slam|p2a: Chansey\n|-damage|p2a: Chansey|22/100\n|\n|upkeep\n|turn|38\n|\n|t:|1770573459\n|move|p2a: Chansey|Soft-Boiled|p2a: Chansey\n|-heal|p2a: Chansey|72/100\n|move|p1a: Snorlax|Body Slam|p2a: Chansey\n|-damage|p2a: Chansey|28/100\n|\n|upkeep\n|turn|39\n|\n|t:|1770573461\n|move|p2a: Chansey|Soft-Boiled|p2a: Chansey\n|-heal|p2a: Chansey|78/100\n|move|p1a: Snorlax|Body Slam|p2a: Chansey\n|-damage|p2a: Chansey|37/100\n|\n|upkeep\n|turn|40\n|\n|t:|1770573463\n|move|p2a: Chansey|Soft-Boiled|p2a: Chansey\n|-heal|p2a: Chansey|87/100\n|move|p1a: Snorlax|Body Slam|p2a: Chansey\n|-damage|p2a: Chansey|42/100\n|\n|upkeep\n|turn|41\n|\n|t:|1770573465\n|move|p2a: Chansey|Soft-Boiled|p2a: Chansey\n|-heal|p2a: Chansey|92/100\n|move|p1a: Snorlax|Body Slam|p2a: Chansey\n|-crit|p2a: Chansey\n|-damage|p2a: Chansey|6/100\n|\n|upkeep\n|turn|42\n|\n|t:|1770573468\n|move|p2a: Chansey|Thunder Wave|p1a: Snorlax\n|-status|p1a: Snorlax|par\n|move|p1a: Snorlax|Body Slam|p2a: Chansey\n|-damage|p2a: Chansey|0 fnt\n|faint|p2a: Chansey\n|\n|t:|1770573473\n|switch|p2a: Starmie|Starmie|100/100 par\n|turn|43\n|inactive|Serpi n_n has 270 seconds left.\n|\n|t:|1770573510\n|switch|p1a: Chansey|Chansey|100/100 par\n|move|p2a: Starmie|Surf|p1a: Chansey\n|-damage|p1a: Chansey|86/100 par\n|\n|upkeep\n|turn|44\n|\n|t:|1770573516\n|switch|p2a: Snorlax|Snorlax|74/100\n|cant|p1a: Chansey|par\n|\n|upkeep\n|turn|45\n|inactive|Serpi n_n has 240 seconds left.\n|\n|t:|1770573559\n|move|p2a: Snorlax|Body Slam|p1a: Chansey\n|-damage|p1a: Chansey|45/100 par\n|move|p1a: Chansey|Thunder Wave|p2a: Snorlax\n|-status|p2a: Snorlax|par\n|\n|upkeep\n|turn|46\n|\n|t:|1770573579\n|switch|p2a: Tauros|Tauros|100/100\n|move|p1a: Chansey|Soft-Boiled|p1a: Chansey\n|-heal|p1a: Chansey|95/100 par\n|\n|upkeep\n|turn|47\n|inactive|Serpi n_n has 210 seconds left.\n|\n|t:|1770573598\n|switch|p2a: Snorlax|Snorlax|74/100 par\n|move|p1a: Chansey|Ice Beam|p2a: Snorlax\n|-damage|p2a: Snorlax|53/100 par\n|\n|upkeep\n|turn|48\n|inactive|Serpi n_n has 210 seconds left.\n|\n|t:|1770573617\n|move|p1a: Chansey|Ice Beam|p2a: Snorlax\n|-damage|p2a: Snorlax|34/100 par\n|move|p2a: Snorlax|Rest|p2a: Snorlax\n|-status|p2a: Snorlax|slp|[from] move: Rest\n|-heal|p2a: Snorlax|100/100 slp|[silent]\n|\n|upkeep\n|turn|49\n|inactive|Serpi n_n has 210 seconds left.\n|\n|t:|1770573635\n|switch|p1a: Gengar|Gengar|80/100 par\n|cant|p2a: Snorlax|slp\n|\n|upkeep\n|turn|50\n|\n|t:|1770573650\n|move|p1a: Gengar|Thunderbolt|p2a: Snorlax\n|-damage|p2a: Snorlax|78/100 slp\n|-curestatus|p2a: Snorlax|slp|[msg]\n|\n|upkeep\n|turn|51\n|\n|t:|1770573659\n|switch|p2a: Exeggutor|Exeggutor|100/100 slp\n|cant|p1a: Gengar|par\n|\n|upkeep\n|turn|52\n|inactive|Serpi n_n has 210 seconds left.\n|\n|t:|1770573677\n|cant|p2a: Exeggutor|slp\n|move|p1a: Gengar|Night Shade|p2a: Exeggutor\n|-damage|p2a: Exeggutor|75/100 slp\n|\n|upkeep\n|turn|53\n|inactive|Serpi n_n has 210 seconds left.\n|\n|t:|1770573688\n|switch|p1a: Tauros|Tauros|100/100\n|cant|p2a: Exeggutor|slp\n|\n|upkeep\n|turn|54\n|inactive|Serpi n_n has 210 seconds left.\n|\n|t:|1770573695\n|switch|p2a: Snorlax|Snorlax|78/100\n|move|p1a: Tauros|Body Slam|p2a: Snorlax\n|-crit|p2a: Snorlax\n|-damage|p2a: Snorlax|30/100\n|\n|upkeep\n|turn|55\n|\n|t:|1770573704\n|switch|p1a: Gengar|Gengar|80/100 par\n|switch|p2a: Starmie|Starmie|100/100 par\n|\n|upkeep\n|turn|56\n|inactive|Serpi n_n has 210 seconds left.\n|\n|t:|1770573725\n|switch|p2a: Snorlax|Snorlax|30/100\n|move|p1a: Gengar|Night Shade|p2a: Snorlax\n|-damage|p2a: Snorlax|10/100\n|\n|upkeep\n|turn|57\n|inactive|Serpi n_n has 210 seconds left.\n|\n|t:|1770573739\n|switch|p1a: Tauros|Tauros|100/100\n|move|p2a: Snorlax|Rest|p2a: Snorlax\n|-status|p2a: Snorlax|slp|[from] move: Rest\n|-heal|p2a: Snorlax|100/100 slp|[silent]\n|\n|upkeep\n|turn|58\n|\n|t:|1770573744\n|move|p1a: Tauros|Body Slam|p2a: Snorlax\n|-damage|p2a: Snorlax|74/100 slp\n|cant|p2a: Snorlax|slp\n|\n|upkeep\n|turn|59\n|\n|t:|1770573746\n|move|p1a: Tauros|Body Slam|p2a: Snorlax\n|-damage|p2a: Snorlax|48/100 slp\n|-curestatus|p2a: Snorlax|slp|[msg]\n|\n|upkeep\n|turn|60\n|\n|t:|1770573757\n|switch|p1a: Gengar|Gengar|80/100 par\n|move|p2a: Snorlax|Body Slam|p1a: Gengar\n|-immune|p1a: Gengar\n|\n|upkeep\n|turn|61\n|\n|t:|1770573762\n|move|p2a: Snorlax|Reflect|p2a: Snorlax\n|-start|p2a: Snorlax|Reflect\n|move|p1a: Gengar|Night Shade|p2a: Snorlax\n|-damage|p2a: Snorlax|28/100\n|\n|upkeep\n|turn|62\n|inactive|Serpi n_n has 240 seconds left.\n|\n|t:|1770573784\n|move|p2a: Snorlax|Rest|p2a: Snorlax\n|-status|p2a: Snorlax|slp|[from] move: Rest\n|-heal|p2a: Snorlax|100/100 slp|[silent]\n|move|p1a: Gengar|Thunderbolt|p2a: Snorlax\n|-damage|p2a: Snorlax|77/100 slp\n|\n|upkeep\n|turn|63\n|\n|t:|1770573790\n|cant|p2a: Snorlax|slp\n|move|p1a: Gengar|Thunderbolt|p2a: Snorlax\n|-damage|p2a: Snorlax|56/100 slp\n|\n|upkeep\n|turn|64\n|\n|t:|1770573794\n|-curestatus|p2a: Snorlax|slp|[msg]\n|move|p1a: Gengar|Thunderbolt|p2a: Snorlax\n|-damage|p2a: Snorlax|34/100\n|\n|upkeep\n|turn|65\n|\n|t:|1770573802\n|move|p2a: Snorlax|Rest|p2a: Snorlax\n|-status|p2a: Snorlax|slp|[from] move: Rest\n|-heal|p2a: Snorlax|100/100 slp|[silent]\n|move|p1a: Gengar|Thunderbolt|p2a: Snorlax\n|-damage|p2a: Snorlax|78/100 slp\n|\n|upkeep\n|turn|66\n|\n|t:|1770573805\n|cant|p2a: Snorlax|slp\n|cant|p1a: Gengar|par\n|\n|upkeep\n|turn|67\n|\n|t:|1770573808\n|-curestatus|p2a: Snorlax|slp|[msg]\n|move|p1a: Gengar|Thunderbolt|p2a: Snorlax\n|-damage|p2a: Snorlax|54/100\n|\n|upkeep\n|turn|68\n|\n|t:|1770573813\n|move|p2a: Snorlax|Rest|p2a: Snorlax\n|-status|p2a: Snorlax|slp|[from] move: Rest\n|-heal|p2a: Snorlax|100/100 slp|[silent]\n|move|p1a: Gengar|Night Shade|p2a: Snorlax\n|-damage|p2a: Snorlax|81/100 slp\n|\n|upkeep\n|turn|69\n|\n|t:|1770573827\n|cant|p2a: Snorlax|slp\n|cant|p1a: Gengar|par\n|\n|upkeep\n|turn|70\n|\n|t:|1770573835\n|-curestatus|p2a: Snorlax|slp|[msg]\n|cant|p1a: Gengar|par\n|\n|upkeep\n|turn|71\n|\n|t:|1770573841\n|switch|p2a: Exeggutor|Exeggutor|75/100 slp\n|move|p1a: Gengar|Night Shade|p2a: Exeggutor\n|-damage|p2a: Exeggutor|50/100 slp\n|\n|upkeep\n|turn|72\n|\n|t:|1770573849\n|cant|p2a: Exeggutor|slp\n|move|p1a: Gengar|Night Shade|p2a: Exeggutor\n|-damage|p2a: Exeggutor|24/100 slp\n|\n|upkeep\n|turn|73\n|\n|t:|1770573858\n|-curestatus|p2a: Exeggutor|slp|[msg]\n|move|p1a: Gengar|Night Shade|p2a: Exeggutor\n|-damage|p2a: Exeggutor|0 fnt\n|faint|p2a: Exeggutor\n|\n|t:|1770573865\n|switch|p2a: Rhydon|Rhydon|66/100 par\n|turn|74\n|\n|t:|1770573873\n|switch|p1a: Chansey|Chansey|95/100 par\n|cant|p2a: Rhydon|par\n|\n|upkeep\n|turn|75\n|inactive|Serpi n_n has 270 seconds left.\n|\n|t:|1770573919\n|switch|p2a: Snorlax|Snorlax|81/100\n|cant|p1a: Chansey|par\n|\n|upkeep\n|turn|76\n|\n|t:|1770573936\n|switch|p1a: Gengar|Gengar|80/100 par\n|move|p2a: Snorlax|Body Slam|p1a: Gengar\n|-immune|p1a: Gengar\n|\n|upkeep\n|turn|77\n|\n|t:|1770573941\n|switch|p2a: Rhydon|Rhydon|66/100 par\n|move|p1a: Gengar|Night Shade|p2a: Rhydon\n|-damage|p2a: Rhydon|42/100 par\n|\n|upkeep\n|turn|78\n|\n|t:|1770573944\n|switch|p1a: Chansey|Chansey|95/100 par\n|move|p2a: Rhydon|Earthquake|p1a: Chansey\n|-damage|p1a: Chansey|40/100 par\n|\n|upkeep\n|turn|79\n|inactive|Serpi n_n has 270 seconds left.\n|\n|t:|1770573958\n|switch|p2a: Snorlax|Snorlax|81/100\n|move|p1a: Chansey|Soft-Boiled|p1a: Chansey\n|-heal|p1a: Chansey|90/100 par\n|\n|upkeep\n|turn|80\n|inactive|Serpi n_n has 270 seconds left.\n|\n|t:|1770573973\n|switch|p1a: Gengar|Gengar|80/100 par\n|move|p2a: Snorlax|Body Slam|p1a: Gengar\n|-immune|p1a: Gengar\n|\n|upkeep\n|turn|81\n|\n|t:|1770573979\n|switch|p2a: Tauros|Tauros|100/100\n|move|p1a: Gengar|Night Shade|p2a: Tauros\n|-damage|p2a: Tauros|72/100\n|\n|upkeep\n|turn|82\n|inactive|Serpi n_n has 270 seconds left.\n|\n|t:|1770573999\n|switch|p2a: Snorlax|Snorlax|81/100\n|switch|p1a: Snorlax|Snorlax|100/100 par\n|\n|upkeep\n|turn|83\n|inactive|Serpi n_n has 270 seconds left.\n|\n|t:|1770574006\n|move|p2a: Snorlax|Body Slam|p1a: Snorlax\n|-damage|p1a: Snorlax|75/100 par\n|move|p1a: Snorlax|Reflect|p1a: Snorlax\n|-start|p1a: Snorlax|Reflect\n|\n|upkeep\n|turn|84\n|inactive|Serpi n_n has 270 seconds left.\n|\n|t:|1770574018\n|switch|p2a: Starmie|Starmie|100/100 par\n|move|p1a: Snorlax|Rest|p1a: Snorlax\n|-status|p1a: Snorlax|slp|[from] move: Rest\n|-heal|p1a: Snorlax|100/100 slp|[silent]\n|\n|upkeep\n|turn|85\n|inactive|Serpi n_n has 270 seconds left.\n|\n|t:|1770574034\n|switch|p1a: Chansey|Chansey|90/100 par\n|move|p2a: Starmie|Surf|p1a: Chansey\n|-crit|p1a: Chansey\n|-damage|p1a: Chansey|59/100 par\n|\n|upkeep\n|turn|86\n|\n|t:|1770574039\n|switch|p2a: Snorlax|Snorlax|81/100\n|move|p1a: Chansey|Soft-Boiled|p1a: Chansey\n|-heal|p1a: Chansey|100/100 par\n|\n|upkeep\n|turn|87\n|\n|t:|1770574050\n|switch|p2a: Rhydon|Rhydon|42/100 par\n|move|p1a: Chansey|Thunder Wave|p2a: Rhydon\n|-immune|p2a: Rhydon\n|\n|upkeep\n|turn|88\n|\n|t:|1770574060\n|switch|p2a: Snorlax|Snorlax|81/100\n|move|p1a: Chansey|Ice Beam|p2a: Snorlax\n|-damage|p2a: Snorlax|63/100\n|\n|upkeep\n|turn|89\n|\n|t:|1770574065\n|switch|p1a: Gengar|Gengar|80/100 par\n|move|p2a: Snorlax|Self-Destruct|p1a: Gengar\n|-immune|p1a: Gengar\n|faint|p2a: Snorlax\n|\n|t:|1770574070\n|switch|p2a: Rhydon|Rhydon|42/100 par\n|turn|90\n|\n|t:|1770574079\n|switch|p1a: Chansey|Chansey|100/100 par\n|move|p2a: Rhydon|Earthquake|p1a: Chansey\n|-damage|p1a: Chansey|48/100 par\n|\n|upkeep\n|turn|91\n|\n|t:|1770574084\n|move|p1a: Chansey|Ice Beam|p2a: Rhydon\n|-supereffective|p2a: Rhydon\n|-damage|p2a: Rhydon|0 fnt\n|faint|p2a: Rhydon\n|\n|t:|1770574088\n|switch|p2a: Tauros|Tauros|72/100\n|turn|92\n|\n|t:|1770574117\n|move|p2a: Tauros|Hyper Beam|p1a: Chansey\n|-damage|p1a: Chansey|0 fnt\n|faint|p1a: Chansey\n|inactive|Serpi n_n has 270 seconds left.\n|\n|t:|1770574138\n|switch|p1a: Gengar|Gengar|80/100 par\n|turn|93\n|\n|t:|1770574143\n|switch|p2a: Starmie|Starmie|100/100 par\n|move|p1a: Gengar|Explosion|p2a: Starmie\n|-damage|p2a: Starmie|27/100 par\n|faint|p1a: Gengar\n|\n|t:|1770574147\n|switch|p1a: Zapdos|Zapdos|100/100\n|turn|94\n|\n|t:|1770574150\n|move|p1a: Zapdos|Thunderbolt|p2a: Starmie\n|-supereffective|p2a: Starmie\n|-damage|p2a: Starmie|0 fnt\n|faint|p2a: Starmie\n|\n|t:|1770574152\n|switch|p2a: Tauros|Tauros|72/100\n|turn|95\n|\n|t:|1770574154\n|move|p2a: Tauros|Blizzard|p1a: Zapdos\n|-supereffective|p1a: Zapdos\n|-damage|p1a: Zapdos|67/100\n|move|p1a: Zapdos|Thunder Wave|p2a: Tauros\n|-status|p2a: Tauros|par\n|\n|upkeep\n|turn|96\n|\n|t:|1770574158\n|move|p1a: Zapdos|Thunderbolt|p2a: Tauros\n|-crit|p2a: Tauros\n|-damage|p2a: Tauros|0 fnt\n|faint|p2a: Tauros\n|\n|win|Serpi n_n\n|c|☆Serpi n_n|ggs\n|player|p1|\n","uploadtime":1770574158,"views":"996","formatid":"gen1ou","rating":null,"private":0,"password":null}