{"id":"smogtours-gen1ou-963981","format":"[Gen 1] OU","players":["LNumbers","sadisticnarwhal"],"log":"|inactive|Battle timer is ON: inactive players will automatically lose when time's up.\n|t:|1786825256\n|gametype|singles\n|player|p1|LNumbers|#rbywc2026|\n|player|p2|sadisticnarwhal|#rcop2023useast|\n|gen|1\n|tier|[Gen 1] OU\n|rule|Desync Clause Mod: Desyncs resolve to link battle behavior from the acting player's perspective.\n|rule|HP Percentage Mod: HP is shown in percentages\n|rule|Endless Battle Clause: Forcing endless battles is banned\n|rule|Sleep Clause Mod: Limit one foe put to sleep\n|rule|Freeze Clause Mod: Limit one foe frozen\n|rule|Species Clause: Limit one of each Pokémon\n|rule|OHKO Clause: OHKO moves are banned\n|rule|Evasion Moves Clause: Evasion moves are banned\n|\n|t:|1786825256\n|teamsize|p1|6\n|teamsize|p2|6\n|start\n|switch|p1a: Jynx|Jynx|100/100\n|switch|p2a: Jynx|Jynx|100/100\n|turn|1\n|c|☆sadisticnarwhal|hf\n|c|☆LNumbers|hf\n|\n|t:|1786825283\n|move|p1a: Jynx|Lovely Kiss|p2a: Jynx\n|-status|p2a: Jynx|slp|[from] move: Lovely Kiss\n|cant|p2a: Jynx|slp\n|\n|upkeep\n|turn|2\n|\n|t:|1786825292\n|switch|p2a: Starmie|Starmie|100/100\n|move|p1a: Jynx|Body Slam|p2a: Starmie\n|-crit|p2a: Starmie\n|-damage|p2a: Starmie|70/100\n|\n|upkeep\n|turn|3\n|\n|t:|1786825306\n|move|p2a: Starmie|Surf|p1a: Jynx\n|-damage|p1a: Jynx|68/100\n|move|p1a: Jynx|Body Slam|p2a: Starmie\n|-damage|p2a: Starmie|54/100\n|\n|upkeep\n|turn|4\n|\n|t:|1786825317\n|switch|p1a: Exeggutor|Exeggutor|100/100\n|move|p2a: Starmie|Recover|p2a: Starmie\n|-heal|p2a: Starmie|100/100\n|\n|upkeep\n|turn|5\n|\n|t:|1786825334\n|switch|p2a: Chansey|Chansey|100/100\n|move|p1a: Exeggutor|Psychic|p2a: Chansey\n|-damage|p2a: Chansey|83/100\n|-unboost|p2a: Chansey|spa|1\n|-unboost|p2a: Chansey|spd|1\n|\n|upkeep\n|turn|6\n|\n|t:|1786825346\n|move|p1a: Exeggutor|Stun Spore|p2a: Chansey\n|-status|p2a: Chansey|par\n|cant|p2a: Chansey|par\n|\n|upkeep\n|turn|7\n|inactive|LNumbers has 270 seconds left.\n|\n|t:|1786825400\n|switch|p1a: Jynx|Jynx|68/100\n|move|p2a: Chansey|Sing|p1a: Jynx\n|-status|p1a: Jynx|slp|[from] move: Sing\n|\n|upkeep\n|turn|8\n|inactive|LNumbers has 240 seconds left.\n|\n|t:|1786825433\n|cant|p1a: Jynx|slp\n|cant|p2a: Chansey|par\n|\n|upkeep\n|turn|9\n|\n|t:|1786825437\n|switch|p1a: Snorlax|Snorlax|100/100\n|switch|p2a: Snorlax|Snorlax|100/100\n|\n|upkeep\n|turn|10\n|inactive|LNumbers has 240 seconds left.\n|\n|t:|1786825444\n|move|p1a: Snorlax|Body Slam|p2a: Snorlax\n|-damage|p2a: Snorlax|73/100\n|move|p2a: Snorlax|Body Slam|p1a: Snorlax\n|-damage|p1a: Snorlax|75/100\n|\n|upkeep\n|turn|11\n|\n|t:|1786825447\n|move|p2a: Snorlax|Reflect|p2a: Snorlax\n|-start|p2a: Snorlax|Reflect\n|move|p1a: Snorlax|Reflect|p1a: Snorlax\n|-start|p1a: Snorlax|Reflect\n|\n|upkeep\n|turn|12\n|\n|t:|1786825454\n|move|p1a: Snorlax|Body Slam|p2a: Snorlax\n|-damage|p2a: Snorlax|59/100\n|move|p2a: Snorlax|Body Slam|p1a: Snorlax\n|-damage|p1a: Snorlax|62/100\n|\n|upkeep\n|turn|13\n|\n|t:|1786825461\n|move|p2a: Snorlax|Body Slam|p1a: Snorlax\n|-damage|p1a: Snorlax|49/100\n|move|p1a: Snorlax|Rest|p1a: Snorlax\n|-status|p1a: Snorlax|slp|[from] move: Rest\n|-heal|p1a: Snorlax|100/100 slp|[silent]\n|\n|upkeep\n|turn|14\n|\n|t:|1786825464\n|move|p2a: Snorlax|Body Slam|p1a: Snorlax\n|-crit|p1a: Snorlax\n|-damage|p1a: Snorlax|47/100 slp\n|cant|p1a: Snorlax|slp\n|\n|upkeep\n|turn|15\n|inactive|sadisticnarwhal has 270 seconds left.\n|\n|t:|1786825499\n|switch|p2a: Starmie|Starmie|100/100\n|-curestatus|p1a: Snorlax|slp|[msg]\n|\n|upkeep\n|turn|16\n|inactive|sadisticnarwhal has 270 seconds left.\n|inactive|LNumbers has 270 seconds left.\n|\n|t:|1786825547\n|switch|p1a: Exeggutor|Exeggutor|100/100\n|move|p2a: Starmie|Surf|p1a: Exeggutor\n|-resisted|p1a: Exeggutor\n|-damage|p1a: Exeggutor|89/100\n|\n|upkeep\n|turn|17\n|inactive|LNumbers has 240 seconds left.\n|\n|t:|1786825567\n|move|p2a: Starmie|Thunder Wave|p1a: Exeggutor\n|-status|p1a: Exeggutor|par\n|move|p1a: Exeggutor|Stun Spore|p2a: Starmie\n|-status|p2a: Starmie|par\n|\n|upkeep\n|turn|18\n|inactive|LNumbers has 240 seconds left.\n|\n|t:|1786825580\n|move|p2a: Starmie|Surf|p1a: Exeggutor\n|-resisted|p1a: Exeggutor\n|-damage|p1a: Exeggutor|77/100 par\n|move|p1a: Exeggutor|Psychic|p2a: Starmie\n|-resisted|p2a: Starmie\n|-damage|p2a: Starmie|81/100 par\n|\n|upkeep\n|turn|19\n|inactive|LNumbers has 240 seconds left.\n|\n|t:|1786825586\n|switch|p2a: Chansey|Chansey|83/100 par\n|move|p1a: Exeggutor|Psychic|p2a: Chansey\n|-damage|p2a: Chansey|66/100 par\n|\n|upkeep\n|turn|20\n|inactive|LNumbers has 240 seconds left.\n|inactive|sadisticnarwhal has 270 seconds left.\n|inactive|sadisticnarwhal has 240 seconds left.\n|\n|t:|1786825640\n|switch|p1a: Snorlax|Snorlax|47/100\n|cant|p2a: Chansey|par\n|\n|upkeep\n|turn|21\n|inactive|sadisticnarwhal has 240 seconds left.\n|inactive|sadisticnarwhal has 210 seconds left.\n|inactive|LNumbers has 210 seconds left.\n|inactive|sadisticnarwhal has 180 seconds left.\n|inactive|sadisticnarwhal has 150 seconds left.\n|inactive|sadisticnarwhal has 120 seconds left.\n|\n|t:|1786825772\n|move|p1a: Snorlax|Reflect|p1a: Snorlax\n|-start|p1a: Snorlax|Reflect\n|move|p2a: Chansey|Soft-Boiled|p2a: Chansey\n|-heal|p2a: Chansey|100/100 par\n|\n|upkeep\n|turn|22\n|inactive|sadisticnarwhal has 120 seconds left.\n|\n|t:|1786825800\n|switch|p2a: Starmie|Starmie|81/100 par\n|move|p1a: Snorlax|Body Slam|p2a: Starmie\n|-damage|p2a: Starmie|41/100 par\n|\n|upkeep\n|turn|23\n|\n|t:|1786825814\n|switch|p2a: Snorlax|Snorlax|59/100\n|move|p1a: Snorlax|Body Slam|p2a: Snorlax\n|-damage|p2a: Snorlax|32/100\n|\n|upkeep\n|turn|24\n|inactive|LNumbers has 210 seconds left.\n|inactive|LNumbers has 180 seconds left.\n|\n|t:|1786825867\n|switch|p1a: Gengar|Gengar|100/100\n|move|p2a: Snorlax|Rest|p2a: Snorlax\n|-status|p2a: Snorlax|slp|[from] move: Rest\n|-heal|p2a: Snorlax|100/100 slp|[silent]\n|\n|upkeep\n|turn|25\n|\n|t:|1786825872\n|move|p1a: Gengar|Thunderbolt|p2a: Snorlax\n|-damage|p2a: Snorlax|78/100 slp\n|cant|p2a: Snorlax|slp\n|\n|upkeep\n|turn|26\n|\n|t:|1786825881\n|move|p1a: Gengar|Night Shade|p2a: Snorlax\n|-damage|p2a: Snorlax|59/100 slp\n|-curestatus|p2a: Snorlax|slp|[msg]\n|\n|upkeep\n|turn|27\n|inactive|sadisticnarwhal has 120 seconds left.\n|\n|t:|1786825887\n|switch|p2a: Chansey|Chansey|100/100 par\n|move|p1a: Gengar|Thunderbolt|p2a: Chansey\n|-damage|p2a: Chansey|88/100 par\n|\n|upkeep\n|turn|28\n|\n|t:|1786825912\n|switch|p1a: Exeggutor|Exeggutor|77/100 par\n|move|p2a: Chansey|Thunder Wave|p1a: Exeggutor\n|-fail|p1a: Exeggutor|par\n|\n|upkeep\n|turn|29\n|\n|t:|1786825924\n|switch|p1a: Snorlax|Snorlax|47/100\n|cant|p2a: Chansey|par\n|\n|upkeep\n|turn|30\n|\n|t:|1786825931\n|move|p1a: Snorlax|Body Slam|p2a: Chansey\n|-damage|p2a: Chansey|48/100 par\n|move|p2a: Chansey|Thunder Wave|p1a: Snorlax\n|-status|p1a: Snorlax|par\n|\n|upkeep\n|turn|31\n|\n|t:|1786825939\n|cant|p2a: Chansey|par\n|move|p1a: Snorlax|Self-Destruct|p2a: Chansey\n|-damage|p2a: Chansey|0 fnt\n|faint|p2a: Chansey\n|faint|p1a: Snorlax\n|inactive|sadisticnarwhal has 120 seconds left.\n|\n|t:|1786825972\n|switch|p2a: Alakazam|Alakazam|100/100\n|switch|p1a: Starmie|Starmie|100/100\n|turn|32\n|inactive|LNumbers has 180 seconds left.\n|\n|t:|1786825991\n|switch|p1a: Exeggutor|Exeggutor|77/100 par\n|move|p2a: Alakazam|Thunder Wave|p1a: Exeggutor\n|-fail|p1a: Exeggutor|par\n|\n|upkeep\n|turn|33\n|inactive|sadisticnarwhal has 120 seconds left.\n|inactive|LNumbers has 180 seconds left.\n|\n|t:|1786826023\n|switch|p2a: Starmie|Starmie|41/100 par\n|cant|p1a: Exeggutor|par\n|\n|upkeep\n|turn|34\n|inactive|sadisticnarwhal has 120 seconds left.\n|\n|t:|1786826035\n|switch|p1a: Gengar|Gengar|100/100\n|move|p2a: Starmie|Recover|p2a: Starmie\n|-heal|p2a: Starmie|91/100 par\n|\n|upkeep\n|turn|35\n|\n|t:|1786826045\n|switch|p2a: Alakazam|Alakazam|100/100\n|move|p1a: Gengar|Thunderbolt|p2a: Alakazam\n|-damage|p2a: Alakazam|78/100\n|\n|upkeep\n|turn|36\n|\n|t:|1786826052\n|switch|p1a: Exeggutor|Exeggutor|77/100 par\n|move|p2a: Alakazam|Psychic|p1a: Exeggutor\n|-resisted|p1a: Exeggutor\n|-damage|p1a: Exeggutor|63/100 par\n|-unboost|p1a: Exeggutor|spa|1\n|-unboost|p1a: Exeggutor|spd|1\n|\n|upkeep\n|turn|37\n|inactive|sadisticnarwhal has 120 seconds left.\n|inactive|LNumbers has 150 seconds left.\n|\n|t:|1786826122\n|switch|p2a: Starmie|Starmie|91/100 par\n|cant|p1a: Exeggutor|par\n|\n|upkeep\n|turn|38\n|inactive|sadisticnarwhal has 90 seconds left.\n|\n|t:|1786826140\n|move|p2a: Starmie|Surf|p1a: Exeggutor\n|-resisted|p1a: Exeggutor\n|-damage|p1a: Exeggutor|44/100 par\n|move|p1a: Exeggutor|Psychic|p2a: Starmie\n|-resisted|p2a: Starmie\n|-damage|p2a: Starmie|78/100 par\n|\n|upkeep\n|turn|39\n|inactive|sadisticnarwhal has 90 seconds left.\n|inactive|LNumbers has 120 seconds left.\n|inactive|sadisticnarwhal has 60 seconds left.\n|inactive|LNumbers has 90 seconds left.\n|\n|t:|1786826215\n|move|p2a: Starmie|Surf|p1a: Exeggutor\n|-resisted|p1a: Exeggutor\n|-damage|p1a: Exeggutor|26/100 par\n|move|p1a: Exeggutor|Explosion|p2a: Starmie\n|-damage|p2a: Starmie|0 fnt\n|faint|p2a: Starmie\n|faint|p1a: Exeggutor\n|inactive|sadisticnarwhal has 30 seconds left.\n|inactive|sadisticnarwhal has 20 seconds left.\n|\n|t:|1786826241\n|switch|p2a: Alakazam|Alakazam|78/100\n|switch|p1a: Starmie|Starmie|100/100\n|turn|40\n|inactive|sadisticnarwhal has 30 seconds left this turn.\n|\n|t:|1786826245\n|move|p2a: Alakazam|Thunder Wave|p1a: Starmie\n|-status|p1a: Starmie|par\n|cant|p1a: Starmie|par\n|\n|upkeep\n|turn|41\n|inactive|sadisticnarwhal has 30 seconds left.\n|\n|t:|1786826258\n|move|p2a: Alakazam|Psychic|p1a: Starmie\n|-resisted|p1a: Starmie\n|-damage|p1a: Starmie|81/100 par\n|move|p1a: Starmie|Thunder Wave|p2a: Alakazam\n|-status|p2a: Alakazam|par\n|\n|upkeep\n|turn|42\n|\n|t:|1786826265\n|move|p2a: Alakazam|Psychic|p1a: Starmie\n|-resisted|p1a: Starmie\n|-damage|p1a: Starmie|62/100 par\n|move|p1a: Starmie|Surf|p2a: Alakazam\n|-damage|p2a: Alakazam|51/100 par\n|\n|upkeep\n|turn|43\n|\n|t:|1786826269\n|move|p2a: Alakazam|Recover|p2a: Alakazam\n|-heal|p2a: Alakazam|100/100 par\n|move|p1a: Starmie|Recover|p1a: Starmie\n|-heal|p1a: Starmie|100/100 par\n|\n|upkeep\n|turn|44\n|\n|t:|1786826273\n|move|p2a: Alakazam|Psychic|p1a: Starmie\n|-resisted|p1a: Starmie\n|-damage|p1a: Starmie|79/100 par\n|-unboost|p1a: Starmie|spa|1\n|-unboost|p1a: Starmie|spd|1\n|cant|p1a: Starmie|par\n|\n|upkeep\n|turn|45\n|\n|t:|1786826277\n|move|p2a: Alakazam|Seismic Toss|p1a: Starmie\n|-damage|p1a: Starmie|48/100 par\n|cant|p1a: Starmie|par\n|\n|upkeep\n|turn|46\n|inactive|LNumbers has 120 seconds left.\n|\n|t:|1786826287\n|move|p2a: Alakazam|Seismic Toss|p1a: Starmie\n|-damage|p1a: Starmie|17/100 par\n|move|p1a: Starmie|Recover|p1a: Starmie\n|-heal|p1a: Starmie|67/100 par\n|\n|upkeep\n|turn|47\n|\n|t:|1786826291\n|move|p2a: Alakazam|Seismic Toss|p1a: Starmie\n|-damage|p1a: Starmie|36/100 par\n|move|p1a: Starmie|Recover|p1a: Starmie\n|-heal|p1a: Starmie|86/100 par\n|\n|upkeep\n|turn|48\n|inactive|sadisticnarwhal has 90 seconds left.\n|\n|t:|1786826297\n|switch|p1a: Jynx|Jynx|68/100 slp\n|move|p2a: Alakazam|Psychic|p1a: Jynx\n|-resisted|p1a: Jynx\n|-damage|p1a: Jynx|47/100 slp\n|\n|upkeep\n|turn|49\n|\n|t:|1786826308\n|switch|p1a: Starmie|Starmie|86/100 par\n|move|p2a: Alakazam|Seismic Toss|p1a: Starmie\n|-damage|p1a: Starmie|55/100 par\n|\n|upkeep\n|turn|50\n|\n|t:|1786826311\n|move|p2a: Alakazam|Seismic Toss|p1a: Starmie\n|-damage|p1a: Starmie|24/100 par\n|move|p1a: Starmie|Recover|p1a: Starmie\n|-heal|p1a: Starmie|74/100 par\n|\n|upkeep\n|turn|51\n|\n|t:|1786826314\n|cant|p2a: Alakazam|par\n|move|p1a: Starmie|Recover|p1a: Starmie\n|-heal|p1a: Starmie|100/100 par\n|\n|upkeep\n|turn|52\n|\n|t:|1786826316\n|move|p2a: Alakazam|Psychic|p1a: Starmie\n|-crit|p1a: Starmie\n|-resisted|p1a: Starmie\n|-damage|p1a: Starmie|61/100 par\n|move|p1a: Starmie|Surf|p2a: Alakazam\n|-damage|p2a: Alakazam|70/100 par\n|\n|upkeep\n|turn|53\n|\n|t:|1786826321\n|cant|p2a: Alakazam|par\n|cant|p1a: Starmie|par\n|\n|upkeep\n|turn|54\n|\n|t:|1786826323\n|move|p2a: Alakazam|Psychic|p1a: Starmie\n|-crit|p1a: Starmie\n|-resisted|p1a: Starmie\n|-damage|p1a: Starmie|24/100 par\n|move|p1a: Starmie|Recover|p1a: Starmie\n|-heal|p1a: Starmie|74/100 par\n|\n|upkeep\n|turn|55\n|\n|t:|1786826330\n|cant|p2a: Alakazam|par\n|move|p1a: Starmie|Recover|p1a: Starmie\n|-heal|p1a: Starmie|100/100 par\n|\n|upkeep\n|turn|56\n|\n|t:|1786826336\n|move|p2a: Alakazam|Psychic|p1a: Starmie\n|-resisted|p1a: Starmie\n|-damage|p1a: Starmie|80/100 par\n|-unboost|p1a: Starmie|spa|1\n|-unboost|p1a: Starmie|spd|1\n|move|p1a: Starmie|Surf|p2a: Alakazam\n|-damage|p2a: Alakazam|52/100 par\n|\n|upkeep\n|turn|57\n|\n|t:|1786826340\n|switch|p1a: Tauros|Tauros|100/100\n|move|p2a: Alakazam|Recover|p2a: Alakazam\n|-heal|p2a: Alakazam|100/100 par\n|\n|upkeep\n|turn|58\n|\n|t:|1786826345\n|switch|p1a: Starmie|Starmie|80/100 par\n|move|p2a: Alakazam|Psychic|p1a: Starmie\n|-resisted|p1a: Starmie\n|-damage|p1a: Starmie|59/100 par\n|\n|upkeep\n|turn|59\n|\n|t:|1786826347\n|move|p2a: Alakazam|Seismic Toss|p1a: Starmie\n|-damage|p1a: Starmie|28/100 par\n|move|p1a: Starmie|Recover|p1a: Starmie\n|-heal|p1a: Starmie|78/100 par\n|\n|upkeep\n|turn|60\n|\n|t:|1786826350\n|cant|p2a: Alakazam|par\n|move|p1a: Starmie|Recover|p1a: Starmie\n|-heal|p1a: Starmie|100/100 par\n|\n|upkeep\n|turn|61\n|\n|t:|1786826352\n|cant|p2a: Alakazam|par\n|move|p1a: Starmie|Surf|p2a: Alakazam\n|-damage|p2a: Alakazam|73/100 par\n|\n|upkeep\n|turn|62\n|\n|t:|1786826354\n|move|p2a: Alakazam|Seismic Toss|p1a: Starmie\n|-damage|p1a: Starmie|70/100 par\n|cant|p1a: Starmie|par\n|\n|upkeep\n|turn|63\n|\n|t:|1786826356\n|move|p2a: Alakazam|Seismic Toss|p1a: Starmie\n|-damage|p1a: Starmie|39/100 par\n|cant|p1a: Starmie|par\n|\n|upkeep\n|turn|64\n|\n|t:|1786826360\n|cant|p2a: Alakazam|par\n|move|p1a: Starmie|Recover|p1a: Starmie\n|-heal|p1a: Starmie|88/100 par\n|\n|upkeep\n|turn|65\n|\n|t:|1786826362\n|move|p2a: Alakazam|Psychic|p1a: Starmie\n|-resisted|p1a: Starmie\n|-damage|p1a: Starmie|68/100 par\n|move|p1a: Starmie|Surf|p2a: Alakazam\n|-damage|p2a: Alakazam|44/100 par\n|\n|upkeep\n|turn|66\n|\n|t:|1786826366\n|cant|p2a: Alakazam|par\n|cant|p1a: Starmie|par\n|\n|upkeep\n|turn|67\n|\n|t:|1786826368\n|move|p2a: Alakazam|Recover|p2a: Alakazam\n|-heal|p2a: Alakazam|94/100 par\n|move|p1a: Starmie|Recover|p1a: Starmie\n|-heal|p1a: Starmie|100/100 par\n|\n|upkeep\n|turn|68\n|\n|t:|1786826370\n|move|p2a: Alakazam|Seismic Toss|p1a: Starmie\n|-damage|p1a: Starmie|70/100 par\n|move|p1a: Starmie|Surf|p2a: Alakazam\n|-damage|p2a: Alakazam|66/100 par\n|\n|upkeep\n|turn|69\n|\n|t:|1786826374\n|move|p2a: Alakazam|Recover|p2a: Alakazam\n|-heal|p2a: Alakazam|100/100 par\n|move|p1a: Starmie|Recover|p1a: Starmie\n|-heal|p1a: Starmie|100/100 par\n|\n|upkeep\n|turn|70\n|\n|t:|1786826375\n|cant|p2a: Alakazam|par\n|move|p1a: Starmie|Surf|p2a: Alakazam\n|-damage|p2a: Alakazam|72/100 par\n|\n|upkeep\n|turn|71\n|\n|t:|1786826378\n|move|p2a: Alakazam|Seismic Toss|p1a: Starmie\n|-damage|p1a: Starmie|70/100 par\n|move|p1a: Starmie|Surf|p2a: Alakazam\n|-damage|p2a: Alakazam|43/100 par\n|\n|upkeep\n|turn|72\n|\n|t:|1786826382\n|switch|p1a: Tauros|Tauros|100/100\n|move|p2a: Alakazam|Recover|p2a: Alakazam\n|-heal|p2a: Alakazam|93/100 par\n|\n|upkeep\n|turn|73\n|\n|t:|1786826387\n|move|p1a: Tauros|Body Slam|p2a: Alakazam\n|-damage|p2a: Alakazam|47/100 par\n|move|p2a: Alakazam|Seismic Toss|p1a: Tauros\n|-damage|p1a: Tauros|72/100\n|\n|upkeep\n|turn|74\n|inactive|sadisticnarwhal has 270 seconds left.\n|inactive|sadisticnarwhal has 240 seconds left.\n|inactive|sadisticnarwhal has 210 seconds left.\n|\n|t:|1786826490\n|switch|p2a: Jynx|Jynx|100/100 slp\n|move|p1a: Tauros|Body Slam|p2a: Jynx\n|-damage|p2a: Jynx|41/100 slp\n|\n|upkeep\n|turn|75\n|\n|t:|1786826504\n|switch|p1a: Gengar|Gengar|100/100\n|cant|p2a: Jynx|slp\n|\n|upkeep\n|turn|76\n|inactive|sadisticnarwhal has 210 seconds left.\n|inactive|sadisticnarwhal has 180 seconds left.\n|\n|t:|1786826569\n|switch|p2a: Snorlax|Snorlax|59/100\n|move|p1a: Gengar|Night Shade|p2a: Snorlax\n|-damage|p2a: Snorlax|40/100\n|\n|upkeep\n|turn|77\n|\n|t:|1786826575\n|move|p1a: Gengar|Thunderbolt|p2a: Snorlax\n|-damage|p2a: Snorlax|18/100\n|move|p2a: Snorlax|Rest|p2a: Snorlax\n|-status|p2a: Snorlax|slp|[from] move: Rest\n|-heal|p2a: Snorlax|100/100 slp|[silent]\n|\n|upkeep\n|turn|78\n|\n|t:|1786826581\n|move|p1a: Gengar|Thunderbolt|p2a: Snorlax\n|-damage|p2a: Snorlax|80/100 slp\n|cant|p2a: Snorlax|slp\n|\n|upkeep\n|turn|79\n|\n|t:|1786826583\n|move|p1a: Gengar|Thunderbolt|p2a: Snorlax\n|-damage|p2a: Snorlax|56/100 slp\n|-curestatus|p2a: Snorlax|slp|[msg]\n|\n|upkeep\n|turn|80\n|inactive|sadisticnarwhal has 180 seconds left.\n|inactive|sadisticnarwhal has 150 seconds left.\n|inactive|sadisticnarwhal has 120 seconds left.\n|inactive|sadisticnarwhal has 90 seconds left.\n|inactive|sadisticnarwhal has 60 seconds left.\n|\n|t:|1786826714\n|switch|p2a: Jynx|Jynx|41/100 slp\n|move|p1a: Gengar|Thunderbolt|p2a: Jynx\n|-damage|p2a: Jynx|15/100 slp\n|\n|upkeep\n|turn|81\n|\n|t:|1786826724\n|move|p1a: Gengar|Thunderbolt|p2a: Jynx\n|-damage|p2a: Jynx|0 fnt\n|faint|p2a: Jynx\n|\n|t:|1786826726\n|switch|p2a: Tauros|Tauros|100/100\n|turn|82\n|inactive|LNumbers has 270 seconds left.\n|\n|t:|1786826760\n|move|p1a: Gengar|Thunderbolt|p2a: Tauros\n|-damage|p2a: Tauros|66/100\n|move|p2a: Tauros|Earthquake|p1a: Gengar\n|-crit|p1a: Gengar\n|-supereffective|p1a: Gengar\n|-damage|p1a: Gengar|0 fnt\n|faint|p1a: Gengar\n|inactive|LNumbers has 270 seconds left.\n|\n|t:|1786826786\n|switch|p1a: Tauros|Tauros|72/100\n|turn|83\n|inactive|sadisticnarwhal has 90 seconds left.\n|\n|t:|1786826802\n|move|p1a: Tauros|Blizzard|p2a: Tauros\n|-damage|p2a: Tauros|40/100\n|move|p2a: Tauros|Body Slam|p1a: Tauros\n|-damage|p1a: Tauros|43/100\n|\n|upkeep\n|turn|84\n|inactive|LNumbers has 240 seconds left.\n|inactive|sadisticnarwhal has 60 seconds left.\n|inactive|LNumbers has 210 seconds left.\n|inactive|LNumbers has 180 seconds left.\n|\n|t:|1786826913\n|switch|p1a: Starmie|Starmie|70/100 par\n|move|p2a: Tauros|Hyper Beam|p1a: Starmie\n|-crit|p1a: Starmie\n|-damage|p1a: Starmie|0 fnt\n|faint|p1a: Starmie\n|c|☆LNumbers|well\n|\n|t:|1786826925\n|switch|p1a: Tauros|Tauros|43/100\n|turn|85\n|inactive|LNumbers has 150 seconds left.\n|\n|t:|1786826941\n|move|p1a: Tauros|Hyper Beam|p2a: Tauros\n|-damage|p2a: Tauros|0 fnt\n|faint|p2a: Tauros\n|\n|t:|1786826943\n|switch|p2a: Snorlax|Snorlax|56/100\n|turn|86\n|inactive|LNumbers has 150 seconds left.\n|inactive|LNumbers has 120 seconds left.\n|inactive|LNumbers has 90 seconds left.\n|inactive|LNumbers has 60 seconds left.\n|inactive|LNumbers has 30 seconds left.\n|inactive|LNumbers has 20 seconds left.\n|inactive|LNumbers has 15 seconds left.\n|inactive|LNumbers has 10 seconds left.\n|inactive|LNumbers has 5 seconds left.\n|\n|t:|1786827106\n|move|p1a: Tauros|Blizzard|p2a: Snorlax\n|-crit|p2a: Snorlax\n|-damage|p2a: Snorlax|19/100\n|move|p2a: Snorlax|Hyper Beam|p1a: Tauros\n|-damage|p1a: Tauros|0 fnt\n|faint|p1a: Tauros\n|inactive|LNumbers has 10 seconds left this turn.\n|\n|t:|1786827110\n|switch|p1a: Jynx|Jynx|47/100 slp\n|turn|87\n|inactive|LNumbers has 20 seconds left this turn.\n|c|☆LNumbers|gg\n|\n|t:|1786827120\n|cant|p1a: Jynx|slp\n|move|p2a: Snorlax|Body Slam|p1a: Jynx\n|-damage|p1a: Jynx|0 fnt\n|faint|p1a: Jynx\n|\n|win|sadisticnarwhal\n|c|☆sadisticnarwhal|gg\n|player|p2|\n","uploadtime":1786827120,"views":"79","formatid":"gen1ou","rating":null,"private":2,"password":null}