{"id":"smogtours-gen1ou-959317","format":"[Gen 1] OU","players":["emma","Tarvold"],"log":"|inactive|Battle timer is ON: inactive players will automatically lose when time's up.\n|t:|1785092149\n|gametype|singles\n|player|p1|emma|#splxviiscooters2|\n|player|p2|Tarvold|swimmerf-gen4dp|\n|gen|1\n|tier|[Gen 1] OU\n|rule|Desync Clause Mod: Desyncs resolve to link battle behavior from the acting player's perspective.\n|rule|HP Percentage Mod: HP is shown in percentages\n|rule|Endless Battle Clause: Forcing endless battles is banned\n|rule|Sleep Clause Mod: Limit one foe put to sleep\n|rule|Freeze Clause Mod: Limit one foe frozen\n|rule|Species Clause: Limit one of each Pokémon\n|rule|OHKO Clause: OHKO moves are banned\n|rule|Evasion Moves Clause: Evasion moves are banned\n|\n|t:|1785092149\n|teamsize|p1|6\n|teamsize|p2|6\n|start\n|switch|p1a: Keqing|Jynx|100/100\n|switch|p2a: Alakazam|Alakazam|100/100\n|turn|1\n|c|☆Tarvold|glhf\n|inactive|emma has 270 seconds left.\n|inactive|Tarvold has 270 seconds left.\n|c|☆emma|hf\n|\n|t:|1785092181\n|switch|p2a: Jynx|Jynx|100/100\n|move|p1a: Keqing|Lovely Kiss|p2a: Jynx|[miss]\n|-miss|p1a: Keqing\n|\n|upkeep\n|turn|2\n|\n|t:|1785092195\n|move|p1a: Keqing|Lovely Kiss|p2a: Jynx\n|-status|p2a: Jynx|slp|[from] move: Lovely Kiss\n|cant|p2a: Jynx|slp\n|\n|upkeep\n|turn|3\n|\n|t:|1785092206\n|switch|p2a: Alakazam|Alakazam|100/100\n|move|p1a: Keqing|Body Slam|p2a: Alakazam\n|-damage|p2a: Alakazam|76/100\n|\n|upkeep\n|turn|4\n|\n|t:|1785092218\n|move|p2a: Alakazam|Thunder Wave|p1a: Keqing\n|-status|p1a: Keqing|par\n|move|p1a: Keqing|Ice Beam|p2a: Alakazam\n|-damage|p2a: Alakazam|50/100\n|\n|upkeep\n|turn|5\n|\n|t:|1785092231\n|switch|p2a: Jynx|Jynx|100/100 slp\n|move|p1a: Keqing|Ice Beam|p2a: Jynx\n|-resisted|p2a: Jynx\n|-damage|p2a: Jynx|85/100 slp\n|\n|upkeep\n|turn|6\n|\n|t:|1785092243\n|switch|p2a: Snorlax|Snorlax|100/100\n|move|p1a: Keqing|Body Slam|p2a: Snorlax\n|-damage|p2a: Snorlax|89/100\n|\n|upkeep\n|turn|7\n|\n|t:|1785092256\n|switch|p1a: Wanderer|Snorlax|100/100\n|move|p2a: Snorlax|Earthquake|p1a: Wanderer\n|-damage|p1a: Wanderer|78/100\n|\n|upkeep\n|turn|8\n|\n|t:|1785092270\n|switch|p2a: Chansey|Chansey|100/100\n|move|p1a: Wanderer|Earthquake|p2a: Chansey\n|-damage|p2a: Chansey|68/100\n|\n|upkeep\n|turn|9\n|\n|t:|1785092281\n|switch|p1a: Keqing|Jynx|100/100 par\n|move|p2a: Chansey|Soft-Boiled|p2a: Chansey\n|-heal|p2a: Chansey|100/100\n|\n|upkeep\n|turn|10\n|\n|t:|1785092292\n|move|p2a: Chansey|Seismic Toss|p1a: Keqing\n|-damage|p1a: Keqing|70/100 par\n|move|p1a: Keqing|Ice Beam|p2a: Chansey\n|-damage|p2a: Chansey|86/100\n|\n|upkeep\n|turn|11\n|\n|t:|1785092301\n|move|p2a: Chansey|Seismic Toss|p1a: Keqing\n|-damage|p1a: Keqing|40/100 par\n|move|p1a: Keqing|Ice Beam|p2a: Chansey\n|-damage|p2a: Chansey|70/100\n|\n|upkeep\n|turn|12\n|\n|t:|1785092317\n|switch|p2a: Snorlax|Snorlax|89/100\n|cant|p1a: Keqing|par\n|\n|upkeep\n|turn|13\n|\n|t:|1785092324\n|switch|p1a: Wanderer|Snorlax|78/100\n|move|p2a: Snorlax|Body Slam|p1a: Wanderer\n|-damage|p1a: Wanderer|51/100\n|\n|upkeep\n|turn|14\n|\n|t:|1785092344\n|move|p2a: Snorlax|Earthquake|p1a: Wanderer\n|-damage|p1a: Wanderer|30/100\n|move|p1a: Wanderer|Body Slam|p2a: Snorlax\n|-damage|p2a: Snorlax|64/100\n|\n|upkeep\n|turn|15\n|\n|t:|1785092352\n|switch|p1a: Childe|Cloyster|100/100\n|move|p2a: Snorlax|Hyper Beam|p1a: Childe\n|-damage|p1a: Childe|62/100\n|-mustrecharge|p2a: Snorlax\n|\n|upkeep\n|turn|16\n|\n|t:|1785092357\n|move|p1a: Childe|Blizzard|p2a: Snorlax\n|-damage|p2a: Snorlax|31/100\n|cant|p2a: Snorlax|recharge\n|\n|upkeep\n|turn|17\n|\n|t:|1785092371\n|switch|p2a: Jynx|Jynx|85/100 slp\n|move|p1a: Childe|Blizzard|p2a: Jynx|[miss]\n|-miss|p1a: Childe\n|\n|upkeep\n|turn|18\n|\n|t:|1785092380\n|switch|p2a: Alakazam|Alakazam|50/100\n|move|p1a: Childe|Blizzard|p2a: Alakazam\n|-damage|p2a: Alakazam|15/100\n|\n|upkeep\n|turn|19\n|\n|t:|1785092398\n|switch|p1a: Nilou|Chansey|100/100\n|move|p2a: Alakazam|Recover|p2a: Alakazam\n|-heal|p2a: Alakazam|65/100\n|\n|upkeep\n|turn|20\n|\n|t:|1785092403\n|move|p2a: Alakazam|Thunder Wave|p1a: Nilou\n|-status|p1a: Nilou|par\n|move|p1a: Nilou|Ice Beam|p2a: Alakazam\n|-damage|p2a: Alakazam|47/100\n|\n|upkeep\n|turn|21\n|\n|t:|1785092412\n|move|p2a: Alakazam|Psychic|p1a: Nilou\n|-damage|p1a: Nilou|82/100 par\n|move|p1a: Nilou|Ice Beam|p2a: Alakazam\n|-damage|p2a: Alakazam|27/100\n|\n|upkeep\n|turn|22\n|\n|t:|1785092421\n|move|p2a: Alakazam|Recover|p2a: Alakazam\n|-heal|p2a: Alakazam|77/100\n|move|p1a: Nilou|Thunder Wave|p2a: Alakazam\n|-status|p2a: Alakazam|par\n|\n|upkeep\n|turn|23\n|\n|t:|1785092427\n|move|p2a: Alakazam|Psychic|p1a: Nilou\n|-damage|p1a: Nilou|64/100 par\n|-unboost|p1a: Nilou|spa|1\n|-unboost|p1a: Nilou|spd|1\n|move|p1a: Nilou|Soft-Boiled|p1a: Nilou\n|-heal|p1a: Nilou|100/100 par\n|\n|upkeep\n|turn|24\n|\n|t:|1785092436\n|switch|p1a: Keqing|Jynx|40/100 par\n|move|p2a: Alakazam|Psychic|p1a: Keqing\n|-resisted|p1a: Keqing\n|-damage|p1a: Keqing|21/100 par\n|-unboost|p1a: Keqing|spa|1\n|-unboost|p1a: Keqing|spd|1\n|\n|upkeep\n|turn|25\n|\n|t:|1785092443\n|switch|p1a: Nilou|Chansey|100/100 par\n|cant|p2a: Alakazam|par\n|\n|upkeep\n|turn|26\n|\n|t:|1785092447\n|move|p2a: Alakazam|Seismic Toss|p1a: Nilou\n|-damage|p1a: Nilou|86/100 par\n|move|p1a: Nilou|Ice Beam|p2a: Alakazam\n|-damage|p2a: Alakazam|57/100 par\n|\n|upkeep\n|turn|27\n|\n|t:|1785092453\n|switch|p1a: Wanderer|Snorlax|30/100\n|cant|p2a: Alakazam|par\n|\n|upkeep\n|turn|28\n|\n|t:|1785092472\n|move|p1a: Wanderer|Body Slam|p2a: Alakazam\n|-damage|p2a: Alakazam|3/100 par\n|cant|p2a: Alakazam|par\n|\n|upkeep\n|turn|29\n|inactive|Tarvold has 270 seconds left.\n|\n|t:|1785092525\n|move|p1a: Wanderer|Body Slam|p2a: Alakazam\n|-damage|p2a: Alakazam|0 fnt\n|faint|p2a: Alakazam\n|\n|t:|1785092532\n|switch|p2a: Starmie|Starmie|100/100\n|turn|30\n|\n|t:|1785092540\n|switch|p2a: Snorlax|Snorlax|31/100\n|switch|p1a: Nilou|Chansey|86/100 par\n|\n|upkeep\n|turn|31\n|\n|t:|1785092546\n|switch|p1a: Keqing|Jynx|21/100 par\n|move|p2a: Snorlax|Rest|p2a: Snorlax\n|-status|p2a: Snorlax|slp|[from] move: Rest\n|-heal|p2a: Snorlax|100/100 slp|[silent]\n|\n|upkeep\n|turn|32\n|\n|t:|1785092555\n|switch|p1a: Childe|Cloyster|62/100\n|cant|p2a: Snorlax|slp\n|\n|upkeep\n|turn|33\n|inactive|Tarvold has 270 seconds left.\n|\n|t:|1785092561\n|move|p1a: Childe|Blizzard|p2a: Snorlax\n|-damage|p2a: Snorlax|67/100 slp\n|-curestatus|p2a: Snorlax|slp|[msg]\n|\n|upkeep\n|turn|34\n|\n|t:|1785092568\n|switch|p2a: Chansey|Chansey|70/100\n|move|p1a: Childe|Blizzard|p2a: Chansey\n|-crit|p2a: Chansey\n|-damage|p2a: Chansey|36/100\n|\n|upkeep\n|turn|35\n|\n|t:|1785092574\n|move|p1a: Childe|Clamp|p2a: Chansey\n|-damage|p2a: Chansey|31/100\n|cant|p2a: Chansey|partiallytrapped\n|\n|upkeep\n|turn|36\n|\n|t:|1785092578\n|switch|p1a: Nilou|Chansey|86/100 par\n|switch|p2a: Starmie|Starmie|100/100\n|\n|upkeep\n|turn|37\n|\n|t:|1785092583\n|switch|p2a: Snorlax|Snorlax|67/100\n|move|p1a: Nilou|Thunder Wave|p2a: Snorlax\n|-status|p2a: Snorlax|par\n|\n|upkeep\n|turn|38\n|\n|t:|1785092592\n|switch|p1a: Childe|Cloyster|62/100\n|move|p2a: Snorlax|Body Slam|p1a: Childe\n|-crit|p1a: Childe\n|-damage|p1a: Childe|20/100\n|-status|p1a: Childe|par\n|\n|upkeep\n|turn|39\n|\n|t:|1785092601\n|switch|p2a: Chansey|Chansey|31/100\n|move|p1a: Childe|Explosion|p2a: Chansey\n|-damage|p2a: Chansey|0 fnt\n|faint|p2a: Chansey\n|faint|p1a: Childe\n|\n|t:|1785092612\n|switch|p2a: Tauros|Tauros|100/100\n|switch|p1a: Kazuha|Tauros|100/100\n|turn|40\n|\n|t:|1785092617\n|move|p2a: Tauros|Body Slam|p1a: Kazuha\n|-damage|p1a: Kazuha|73/100\n|move|p1a: Kazuha|Body Slam|p2a: Tauros\n|-damage|p2a: Tauros|72/100\n|\n|upkeep\n|turn|41\n|\n|t:|1785092625\n|move|p1a: Kazuha|Body Slam|p2a: Tauros\n|-damage|p2a: Tauros|42/100\n|move|p2a: Tauros|Body Slam|p1a: Kazuha\n|-damage|p1a: Kazuha|45/100\n|\n|upkeep\n|turn|42\n|\n|t:|1785092642\n|switch|p2a: Starmie|Starmie|100/100\n|move|p1a: Kazuha|Hyper Beam|p2a: Starmie\n|-damage|p2a: Starmie|40/100\n|-mustrecharge|p1a: Kazuha\n|\n|upkeep\n|turn|43\n|\n|t:|1785092667\n|move|p2a: Starmie|Thunder Wave|p1a: Kazuha\n|-status|p1a: Kazuha|par\n|cant|p1a: Kazuha|recharge\n|\n|upkeep\n|turn|44\n|\n|t:|1785092675\n|move|p2a: Starmie|Recover|p2a: Starmie\n|-heal|p2a: Starmie|90/100\n|move|p1a: Kazuha|Body Slam|p2a: Starmie\n|-damage|p2a: Starmie|55/100\n|\n|upkeep\n|turn|45\n|\n|t:|1785092692\n|switch|p2a: Jynx|Jynx|85/100 slp\n|cant|p1a: Kazuha|par\n|\n|upkeep\n|turn|46\n|\n|t:|1785092698\n|cant|p2a: Jynx|slp\n|cant|p1a: Kazuha|par\n|\n|upkeep\n|turn|47\n|\n|t:|1785092703\n|-curestatus|p2a: Jynx|slp|[msg]\n|cant|p1a: Kazuha|par\n|\n|upkeep\n|turn|48\n|\n|t:|1785092708\n|switch|p1a: Nilou|Chansey|86/100 par\n|move|p2a: Jynx|Psychic|p1a: Nilou\n|-damage|p1a: Nilou|71/100 par\n|\n|upkeep\n|turn|49\n|\n|t:|1785092713\n|move|p2a: Jynx|Psychic|p1a: Nilou\n|-damage|p1a: Nilou|57/100 par\n|-unboost|p1a: Nilou|spa|1\n|-unboost|p1a: Nilou|spd|1\n|move|p1a: Nilou|Thunder Wave|p2a: Jynx\n|-status|p2a: Jynx|par\n|\n|upkeep\n|turn|50\n|\n|t:|1785092725\n|move|p2a: Jynx|Blizzard|p1a: Nilou\n|-crit|p1a: Nilou\n|-damage|p1a: Nilou|19/100 par\n|move|p1a: Nilou|Thunder Wave|p2a: Jynx\n|-fail|p2a: Jynx|par\n|\n|upkeep\n|turn|51\n|\n|t:|1785092735\n|switch|p1a: Keqing|Jynx|21/100 par\n|cant|p2a: Jynx|par\n|\n|upkeep\n|turn|52\n|\n|t:|1785092743\n|cant|p2a: Jynx|par\n|move|p1a: Keqing|Ice Beam|p2a: Jynx\n|-crit|p2a: Jynx\n|-resisted|p2a: Jynx\n|-damage|p2a: Jynx|51/100 par\n|\n|upkeep\n|turn|53\n|\n|t:|1785092754\n|move|p2a: Jynx|Rest|p2a: Jynx\n|-status|p2a: Jynx|slp|[from] move: Rest\n|-heal|p2a: Jynx|100/100 slp|[silent]\n|move|p1a: Keqing|Ice Beam|p2a: Jynx\n|-resisted|p2a: Jynx\n|-damage|p2a: Jynx|84/100 slp\n|\n|upkeep\n|turn|54\n|\n|t:|1785092769\n|switch|p1a: Ayaka|Zapdos|100/100\n|cant|p2a: Jynx|slp\n|\n|upkeep\n|turn|55\n|\n|t:|1785092776\n|move|p1a: Ayaka|Drill Peck|p2a: Jynx\n|-damage|p2a: Jynx|34/100 slp\n|-curestatus|p2a: Jynx|slp|[msg]\n|\n|upkeep\n|turn|56\n|inactive|Tarvold has 270 seconds left.\n|\n|t:|1785092811\n|move|p1a: Ayaka|Thunderbolt|p2a: Jynx\n|-damage|p2a: Jynx|0 fnt\n|faint|p2a: Jynx\n|\n|t:|1785092815\n|switch|p2a: Starmie|Starmie|55/100\n|turn|57\n|\n|t:|1785092819\n|move|p2a: Starmie|Thunder Wave|p1a: Ayaka\n|-status|p1a: Ayaka|par\n|cant|p1a: Ayaka|par\n|\n|upkeep\n|turn|58\n|\n|t:|1785092837\n|move|p2a: Starmie|Surf|p1a: Ayaka\n|-damage|p1a: Ayaka|74/100 par\n|move|p1a: Ayaka|Agility|p1a: Ayaka\n|-boost|p1a: Ayaka|spe|2\n|\n|upkeep\n|turn|59\n|\n|t:|1785092842\n|move|p1a: Ayaka|Thunderbolt|p2a: Starmie\n|-supereffective|p2a: Starmie\n|-damage|p2a: Starmie|0 fnt\n|faint|p2a: Starmie\n|\n|t:|1785092846\n|switch|p2a: Snorlax|Snorlax|67/100 par\n|turn|60\n|\n|t:|1785092862\n|cant|p1a: Ayaka|par\n|move|p2a: Snorlax|Body Slam|p1a: Ayaka\n|-damage|p1a: Ayaka|41/100 par\n|\n|upkeep\n|turn|61\n|\n|t:|1785092871\n|move|p1a: Ayaka|Thunderbolt|p2a: Snorlax\n|-damage|p2a: Snorlax|36/100 par\n|move|p2a: Snorlax|Hyper Beam|p1a: Ayaka\n|-damage|p1a: Ayaka|0 fnt\n|faint|p1a: Ayaka\n|\n|t:|1785092881\n|switch|p1a: Wanderer|Snorlax|30/100\n|turn|62\n|\n|t:|1785092888\n|move|p1a: Wanderer|Reflect|p1a: Wanderer\n|-start|p1a: Wanderer|Reflect\n|cant|p2a: Snorlax|par\n|\n|upkeep\n|turn|63\n|\n|t:|1785092897\n|move|p1a: Wanderer|Rest|p1a: Wanderer\n|-status|p1a: Wanderer|slp|[from] move: Rest\n|-heal|p1a: Wanderer|100/100 slp|[silent]\n|move|p2a: Snorlax|Rest|p2a: Snorlax\n|-status|p2a: Snorlax|slp|[from] move: Rest\n|-heal|p2a: Snorlax|100/100 slp|[silent]\n|\n|upkeep\n|turn|64\n|\n|t:|1785092905\n|cant|p1a: Wanderer|slp\n|cant|p2a: Snorlax|slp\n|\n|upkeep\n|turn|65\n|\n|t:|1785092910\n|-curestatus|p1a: Wanderer|slp|[msg]\n|-curestatus|p2a: Snorlax|slp|[msg]\n|\n|upkeep\n|turn|66\n|\n|t:|1785092914\n|move|p1a: Wanderer|Body Slam|p2a: Snorlax\n|-damage|p2a: Snorlax|72/100\n|move|p2a: Snorlax|Body Slam|p1a: Wanderer\n|-damage|p1a: Wanderer|87/100\n|\n|upkeep\n|turn|67\n|\n|t:|1785092920\n|move|p1a: Wanderer|Body Slam|p2a: Snorlax\n|-damage|p2a: Snorlax|48/100\n|move|p2a: Snorlax|Body Slam|p1a: Wanderer\n|-damage|p1a: Wanderer|73/100\n|\n|upkeep\n|turn|68\n|\n|t:|1785092926\n|move|p1a: Wanderer|Body Slam|p2a: Snorlax\n|-damage|p2a: Snorlax|24/100\n|move|p2a: Snorlax|Rest|p2a: Snorlax\n|-status|p2a: Snorlax|slp|[from] move: Rest\n|-heal|p2a: Snorlax|100/100 slp|[silent]\n|\n|upkeep\n|turn|69\n|\n|t:|1785092933\n|move|p1a: Wanderer|Body Slam|p2a: Snorlax\n|-damage|p2a: Snorlax|74/100 slp\n|cant|p2a: Snorlax|slp\n|\n|upkeep\n|turn|70\n|\n|t:|1785092937\n|move|p1a: Wanderer|Body Slam|p2a: Snorlax\n|-damage|p2a: Snorlax|46/100 slp\n|-curestatus|p2a: Snorlax|slp|[msg]\n|\n|upkeep\n|turn|71\n|\n|t:|1785092941\n|move|p1a: Wanderer|Body Slam|p2a: Snorlax\n|-damage|p2a: Snorlax|19/100\n|move|p2a: Snorlax|Rest|p2a: Snorlax\n|-status|p2a: Snorlax|slp|[from] move: Rest\n|-heal|p2a: Snorlax|100/100 slp|[silent]\n|\n|upkeep\n|turn|72\n|\n|t:|1785092948\n|move|p1a: Wanderer|Body Slam|p2a: Snorlax\n|-damage|p2a: Snorlax|75/100 slp\n|cant|p2a: Snorlax|slp\n|\n|upkeep\n|turn|73\n|\n|t:|1785092952\n|move|p1a: Wanderer|Body Slam|p2a: Snorlax\n|-damage|p2a: Snorlax|50/100 slp\n|-curestatus|p2a: Snorlax|slp|[msg]\n|\n|upkeep\n|turn|74\n|\n|t:|1785092957\n|move|p1a: Wanderer|Body Slam|p2a: Snorlax\n|-damage|p2a: Snorlax|22/100\n|move|p2a: Snorlax|Rest|p2a: Snorlax\n|-status|p2a: Snorlax|slp|[from] move: Rest\n|-heal|p2a: Snorlax|100/100 slp|[silent]\n|\n|upkeep\n|turn|75\n|\n|t:|1785092963\n|move|p1a: Wanderer|Body Slam|p2a: Snorlax\n|-crit|p2a: Snorlax\n|-damage|p2a: Snorlax|52/100 slp\n|cant|p2a: Snorlax|slp\n|\n|upkeep\n|turn|76\n|\n|t:|1785092968\n|move|p1a: Wanderer|Body Slam|p2a: Snorlax\n|-damage|p2a: Snorlax|27/100 slp\n|-curestatus|p2a: Snorlax|slp|[msg]\n|\n|upkeep\n|turn|77\n|\n|t:|1785092973\n|move|p1a: Wanderer|Body Slam|p2a: Snorlax\n|-damage|p2a: Snorlax|2/100\n|move|p2a: Snorlax|Rest|p2a: Snorlax\n|-status|p2a: Snorlax|slp|[from] move: Rest\n|-heal|p2a: Snorlax|100/100 slp|[silent]\n|\n|upkeep\n|turn|78\n|\n|t:|1785092985\n|move|p1a: Wanderer|Body Slam|p2a: Snorlax\n|-damage|p2a: Snorlax|76/100 slp\n|cant|p2a: Snorlax|slp\n|\n|upkeep\n|turn|79\n|\n|t:|1785092990\n|move|p1a: Wanderer|Body Slam|p2a: Snorlax\n|-damage|p2a: Snorlax|50/100 slp\n|-curestatus|p2a: Snorlax|slp|[msg]\n|\n|upkeep\n|turn|80\n|\n|t:|1785092995\n|move|p1a: Wanderer|Body Slam|p2a: Snorlax\n|-damage|p2a: Snorlax|24/100\n|move|p2a: Snorlax|Rest|p2a: Snorlax\n|-status|p2a: Snorlax|slp|[from] move: Rest\n|-heal|p2a: Snorlax|100/100 slp|[silent]\n|\n|upkeep\n|turn|81\n|\n|t:|1785093007\n|switch|p1a: Keqing|Jynx|21/100 par\n|cant|p2a: Snorlax|slp\n|\n|upkeep\n|turn|82\n|\n|t:|1785093020\n|move|p1a: Keqing|Lovely Kiss|p2a: Snorlax\n|-fail|p2a: Snorlax|slp\n|-curestatus|p2a: Snorlax|slp|[msg]\n|\n|upkeep\n|turn|83\n|\n|t:|1785093026\n|move|p1a: Keqing|Lovely Kiss|p2a: Snorlax\n|-status|p2a: Snorlax|slp|[from] move: Lovely Kiss\n|cant|p2a: Snorlax|slp\n|\n|upkeep\n|turn|84\n|\n|t:|1785093031\n|move|p1a: Keqing|Ice Beam|p2a: Snorlax\n|-damage|p2a: Snorlax|75/100 slp\n|-curestatus|p2a: Snorlax|slp|[msg]\n|\n|upkeep\n|turn|85\n|\n|t:|1785093035\n|cant|p1a: Keqing|par\n|move|p2a: Snorlax|Body Slam|p1a: Keqing\n|-damage|p1a: Keqing|0 fnt\n|faint|p1a: Keqing\n|\n|t:|1785093044\n|switch|p1a: Nilou|Chansey|19/100 par\n|turn|86\n|\n|t:|1785093047\n|move|p1a: Nilou|Thunder Wave|p2a: Snorlax\n|-status|p2a: Snorlax|par\n|move|p2a: Snorlax|Body Slam|p1a: Nilou\n|-damage|p1a: Nilou|0 fnt\n|faint|p1a: Nilou\n|\n|t:|1785093054\n|switch|p1a: Kazuha|Tauros|45/100 par\n|turn|87\n|\n|t:|1785093062\n|cant|p1a: Kazuha|par\n|move|p2a: Snorlax|Hyper Beam|p1a: Kazuha\n|-damage|p1a: Kazuha|0 fnt\n|faint|p1a: Kazuha\n|\n|t:|1785093064\n|switch|p1a: Wanderer|Snorlax|73/100\n|turn|88\n|\n|t:|1785093069\n|move|p1a: Wanderer|Body Slam|p2a: Snorlax\n|-damage|p2a: Snorlax|47/100 par\n|cant|p2a: Snorlax|par\n|\n|upkeep\n|turn|89\n|\n|t:|1785093075\n|move|p1a: Wanderer|Body Slam|p2a: Snorlax\n|-damage|p2a: Snorlax|21/100 par\n|move|p2a: Snorlax|Rest|p2a: Snorlax\n|-status|p2a: Snorlax|slp|[from] move: Rest\n|-heal|p2a: Snorlax|100/100 slp|[silent]\n|\n|upkeep\n|turn|90\n|\n|t:|1785093087\n|move|p1a: Wanderer|Body Slam|p2a: Snorlax\n|-damage|p2a: Snorlax|75/100 slp\n|cant|p2a: Snorlax|slp\n|\n|upkeep\n|turn|91\n|\n|t:|1785093092\n|move|p1a: Wanderer|Body Slam|p2a: Snorlax\n|-damage|p2a: Snorlax|46/100 slp\n|-curestatus|p2a: Snorlax|slp|[msg]\n|\n|upkeep\n|turn|92\n|\n|t:|1785093096\n|move|p1a: Wanderer|Body Slam|p2a: Snorlax\n|-damage|p2a: Snorlax|19/100\n|move|p2a: Snorlax|Rest|p2a: Snorlax\n|-status|p2a: Snorlax|slp|[from] move: Rest\n|-heal|p2a: Snorlax|100/100 slp|[silent]\n|\n|upkeep\n|turn|93\n|\n|t:|1785093103\n|move|p1a: Wanderer|Earthquake|p2a: Snorlax\n|-damage|p2a: Snorlax|78/100 slp\n|cant|p2a: Snorlax|slp\n|\n|upkeep\n|turn|94\n|\n|t:|1785093107\n|move|p1a: Wanderer|Earthquake|p2a: Snorlax\n|-damage|p2a: Snorlax|58/100 slp\n|-curestatus|p2a: Snorlax|slp|[msg]\n|\n|upkeep\n|turn|95\n|\n|t:|1785093114\n|move|p1a: Wanderer|Earthquake|p2a: Snorlax\n|-damage|p2a: Snorlax|37/100\n|move|p2a: Snorlax|Rest|p2a: Snorlax\n|-status|p2a: Snorlax|slp|[from] move: Rest\n|-heal|p2a: Snorlax|100/100 slp|[silent]\n|\n|upkeep\n|turn|96\n|\n|t:|1785093120\n|move|p1a: Wanderer|Earthquake|p2a: Snorlax\n|-damage|p2a: Snorlax|81/100 slp\n|cant|p2a: Snorlax|slp\n|\n|upkeep\n|turn|97\n|\n|t:|1785093124\n|move|p1a: Wanderer|Earthquake|p2a: Snorlax\n|-damage|p2a: Snorlax|62/100 slp\n|-curestatus|p2a: Snorlax|slp|[msg]\n|\n|upkeep\n|turn|98\n|\n|t:|1785093134\n|move|p1a: Wanderer|Earthquake|p2a: Snorlax\n|-damage|p2a: Snorlax|43/100\n|move|p2a: Snorlax|Rest|p2a: Snorlax\n|-status|p2a: Snorlax|slp|[from] move: Rest\n|-heal|p2a: Snorlax|100/100 slp|[silent]\n|\n|upkeep\n|turn|99\n|\n|t:|1785093141\n|move|p1a: Wanderer|Earthquake|p2a: Snorlax\n|-damage|p2a: Snorlax|81/100 slp\n|cant|p2a: Snorlax|slp\n|\n|upkeep\n|turn|100\n|\n|t:|1785093145\n|move|p1a: Wanderer|Earthquake|p2a: Snorlax\n|-damage|p2a: Snorlax|59/100 slp\n|-curestatus|p2a: Snorlax|slp|[msg]\n|\n|upkeep\n|turn|101\n|\n|t:|1785093149\n|move|p1a: Wanderer|Reflect|p1a: Wanderer\n|-start|p1a: Wanderer|Reflect\n|move|p2a: Snorlax|Rest|p2a: Snorlax\n|-status|p2a: Snorlax|slp|[from] move: Rest\n|-heal|p2a: Snorlax|100/100 slp|[silent]\n|\n|upkeep\n|turn|102\n|\n|t:|1785093155\n|move|p1a: Wanderer|Earthquake|p2a: Snorlax\n|-damage|p2a: Snorlax|81/100 slp\n|cant|p2a: Snorlax|slp\n|\n|upkeep\n|turn|103\n|\n|t:|1785093160\n|move|p1a: Wanderer|Earthquake|p2a: Snorlax\n|-damage|p2a: Snorlax|60/100 slp\n|-curestatus|p2a: Snorlax|slp|[msg]\n|\n|upkeep\n|turn|104\n|\n|t:|1785093164\n|move|p1a: Wanderer|Reflect|p1a: Wanderer\n|-fail|p1a: Wanderer\n|move|p2a: Snorlax|Rest|p2a: Snorlax\n|-status|p2a: Snorlax|slp|[from] move: Rest\n|-heal|p2a: Snorlax|100/100 slp|[silent]\n|\n|upkeep\n|turn|105\n|\n|t:|1785093170\n|move|p1a: Wanderer|Earthquake|p2a: Snorlax\n|-damage|p2a: Snorlax|81/100 slp\n|cant|p2a: Snorlax|slp\n|\n|upkeep\n|turn|106\n|\n|t:|1785093174\n|move|p1a: Wanderer|Earthquake|p2a: Snorlax\n|-damage|p2a: Snorlax|60/100 slp\n|-curestatus|p2a: Snorlax|slp|[msg]\n|\n|upkeep\n|turn|107\n|\n|t:|1785093179\n|move|p1a: Wanderer|Earthquake|p2a: Snorlax\n|-damage|p2a: Snorlax|40/100\n|move|p2a: Snorlax|Rest|p2a: Snorlax\n|-status|p2a: Snorlax|slp|[from] move: Rest\n|-heal|p2a: Snorlax|100/100 slp|[silent]\n|\n|upkeep\n|turn|108\n|\n|t:|1785093185\n|move|p1a: Wanderer|Earthquake|p2a: Snorlax\n|-damage|p2a: Snorlax|80/100 slp\n|cant|p2a: Snorlax|slp\n|\n|upkeep\n|turn|109\n|\n|t:|1785093189\n|move|p1a: Wanderer|Earthquake|p2a: Snorlax\n|-damage|p2a: Snorlax|59/100 slp\n|-curestatus|p2a: Snorlax|slp|[msg]\n|\n|upkeep\n|turn|110\n|\n|t:|1785093194\n|move|p1a: Wanderer|Body Slam|p2a: Snorlax\n|-damage|p2a: Snorlax|31/100\n|move|p2a: Snorlax|Rest|p2a: Snorlax\n|-status|p2a: Snorlax|slp|[from] move: Rest\n|-heal|p2a: Snorlax|100/100 slp|[silent]\n|\n|upkeep\n|turn|111\n|c|☆emma|gg\n|-message|emma forfeited.\n|\n|win|Tarvold\n|c|☆Tarvold|gg\n|player|p1|\n","uploadtime":1785093198,"views":"32","formatid":"gen1ou","rating":null,"private":0,"password":null}