{"id":"smogtours-gen1ou-957307","format":"[Gen 1] OU","players":["violet river","Tarvold"],"log":"|inactive|Battle timer is ON: inactive players will automatically lose when time's up.\n|t:|1784456874\n|gametype|singles\n|player|p1|violet river|#uuplxivsurfers|\n|player|p2|Tarvold|swimmerf-gen4dp|\n|gen|1\n|tier|[Gen 1] OU\n|rule|Desync Clause Mod: Desyncs resolve to link battle behavior from the acting player's perspective.\n|rule|HP Percentage Mod: HP is shown in percentages\n|rule|Endless Battle Clause: Forcing endless battles is banned\n|rule|Sleep Clause Mod: Limit one foe put to sleep\n|rule|Freeze Clause Mod: Limit one foe frozen\n|rule|Species Clause: Limit one of each Pokémon\n|rule|OHKO Clause: OHKO moves are banned\n|rule|Evasion Moves Clause: Evasion moves are banned\n|\n|t:|1784456874\n|teamsize|p1|6\n|teamsize|p2|6\n|start\n|switch|p1a: Chansey|Chansey|100/100\n|switch|p2a: Lapras|Lapras|100/100\n|turn|1\n|\n|t:|1784456886\n|move|p2a: Lapras|Sing|p1a: Chansey\n|-status|p1a: Chansey|slp|[from] move: Sing\n|cant|p1a: Chansey|slp\n|\n|upkeep\n|turn|2\n|c|☆violet river|hf\n|\n|t:|1784456891\n|move|p2a: Lapras|Ice Beam|p1a: Chansey\n|-damage|p1a: Chansey|85/100 slp\n|cant|p1a: Chansey|slp\n|\n|upkeep\n|turn|3\n|\n|t:|1784456904\n|move|p2a: Lapras|Thunderbolt|p1a: Chansey\n|-damage|p1a: Chansey|75/100 slp\n|cant|p1a: Chansey|slp\n|\n|upkeep\n|turn|4\n|\n|t:|1784456910\n|switch|p1a: Starmie|Starmie|100/100\n|move|p2a: Lapras|Ice Beam|p1a: Starmie\n|-resisted|p1a: Starmie\n|-damage|p1a: Starmie|82/100\n|\n|upkeep\n|turn|5\n|\n|t:|1784456916\n|switch|p1a: Exeggutor|Exeggutor|100/100\n|move|p2a: Lapras|Thunderbolt|p1a: Exeggutor\n|-resisted|p1a: Exeggutor\n|-damage|p1a: Exeggutor|92/100\n|\n|upkeep\n|turn|6\n|\n|t:|1784456923\n|switch|p1a: Starmie|Starmie|82/100\n|move|p2a: Lapras|Ice Beam|p1a: Starmie\n|-resisted|p1a: Starmie\n|-damage|p1a: Starmie|64/100\n|\n|upkeep\n|turn|7\n|\n|t:|1784456929\n|switch|p2a: Chansey|Chansey|100/100\n|move|p1a: Starmie|Thunder Wave|p2a: Chansey\n|-status|p2a: Chansey|par\n|\n|upkeep\n|turn|8\n|\n|t:|1784456939\n|switch|p1a: Chansey|Chansey|75/100 slp\n|move|p2a: Chansey|Thunder Wave|p1a: Chansey\n|-fail|p1a: Chansey\n|\n|upkeep\n|turn|9\n|\n|t:|1784456946\n|switch|p1a: Snorlax|Snorlax|100/100\n|cant|p2a: Chansey|par\n|\n|upkeep\n|turn|10\n|\n|t:|1784456954\n|switch|p2a: Rhydon|Rhydon|100/100\n|move|p1a: Snorlax|Body Slam|p2a: Rhydon\n|-resisted|p2a: Rhydon\n|-damage|p2a: Rhydon|89/100\n|-status|p2a: Rhydon|par\n|\n|upkeep\n|turn|11\n|\n|t:|1784456969\n|move|p1a: Snorlax|Reflect|p1a: Snorlax\n|-start|p1a: Snorlax|Reflect\n|move|p2a: Rhydon|Earthquake|p1a: Snorlax\n|-damage|p1a: Snorlax|82/100\n|\n|upkeep\n|turn|12\n|\n|t:|1784456976\n|move|p1a: Snorlax|Body Slam|p2a: Rhydon\n|-resisted|p2a: Rhydon\n|-damage|p2a: Rhydon|77/100 par\n|move|p2a: Rhydon|Earthquake|p1a: Snorlax\n|-damage|p1a: Snorlax|65/100\n|\n|upkeep\n|turn|13\n|\n|t:|1784456983\n|move|p1a: Snorlax|Body Slam|p2a: Rhydon\n|-resisted|p2a: Rhydon\n|-damage|p2a: Rhydon|66/100 par\n|move|p2a: Rhydon|Earthquake|p1a: Snorlax\n|-damage|p1a: Snorlax|47/100\n|\n|upkeep\n|turn|14\n|\n|t:|1784456989\n|move|p1a: Snorlax|Body Slam|p2a: Rhydon\n|-resisted|p2a: Rhydon\n|-damage|p2a: Rhydon|55/100 par\n|move|p2a: Rhydon|Earthquake|p1a: Snorlax\n|-damage|p1a: Snorlax|29/100\n|\n|upkeep\n|turn|15\n|\n|t:|1784456995\n|move|p1a: Snorlax|Body Slam|p2a: Rhydon\n|-resisted|p2a: Rhydon\n|-damage|p2a: Rhydon|43/100 par\n|move|p2a: Rhydon|Earthquake|p1a: Snorlax\n|-damage|p1a: Snorlax|12/100\n|\n|upkeep\n|turn|16\n|\n|t:|1784457003\n|switch|p2a: Lapras|Lapras|100/100\n|move|p1a: Snorlax|Rest|p1a: Snorlax\n|-status|p1a: Snorlax|slp|[from] move: Rest\n|-heal|p1a: Snorlax|100/100 slp|[silent]\n|\n|upkeep\n|turn|17\n|\n|t:|1784457009\n|move|p2a: Lapras|Ice Beam|p1a: Snorlax\n|-damage|p1a: Snorlax|72/100 slp\n|cant|p1a: Snorlax|slp\n|\n|upkeep\n|turn|18\n|\n|t:|1784457014\n|switch|p1a: Starmie|Starmie|64/100\n|move|p2a: Lapras|Ice Beam|p1a: Starmie\n|-resisted|p1a: Starmie\n|-damage|p1a: Starmie|46/100\n|\n|upkeep\n|turn|19\n|\n|t:|1784457022\n|move|p1a: Starmie|Thunder Wave|p2a: Lapras\n|-status|p2a: Lapras|par\n|move|p2a: Lapras|Thunderbolt|p1a: Starmie\n|-supereffective|p1a: Starmie\n|-damage|p1a: Starmie|4/100\n|\n|upkeep\n|turn|20\n|\n|t:|1784457028\n|move|p1a: Starmie|Recover|p1a: Starmie\n|-heal|p1a: Starmie|53/100\n|move|p2a: Lapras|Thunderbolt|p1a: Starmie\n|-supereffective|p1a: Starmie\n|-damage|p1a: Starmie|9/100\n|-status|p1a: Starmie|par\n|\n|upkeep\n|turn|21\n|\n|t:|1784457042\n|cant|p1a: Starmie|par\n|move|p2a: Lapras|Thunderbolt|p1a: Starmie\n|-supereffective|p1a: Starmie\n|-damage|p1a: Starmie|0 fnt\n|faint|p1a: Starmie\n|\n|t:|1784457046\n|switch|p1a: Rhydon|Rhydon|100/100\n|turn|22\n|\n|t:|1784457054\n|switch|p2a: Exeggutor|Exeggutor|100/100\n|move|p1a: Rhydon|Rock Slide|p2a: Exeggutor\n|-damage|p2a: Exeggutor|70/100\n|\n|upkeep\n|turn|23\n|\n|t:|1784457063\n|switch|p1a: Exeggutor|Exeggutor|92/100\n|move|p2a: Exeggutor|Stun Spore|p1a: Exeggutor\n|-status|p1a: Exeggutor|par\n|\n|upkeep\n|turn|24\n|\n|t:|1784457070\n|switch|p2a: Chansey|Chansey|100/100 par\n|switch|p1a: Rhydon|Rhydon|100/100\n|\n|upkeep\n|turn|25\n|\n|t:|1784457085\n|switch|p2a: Rhydon|Rhydon|43/100 par\n|move|p1a: Rhydon|Rock Slide|p2a: Rhydon\n|-resisted|p2a: Rhydon\n|-damage|p2a: Rhydon|32/100 par\n|\n|upkeep\n|turn|26\n|inactive|Tarvold has 270 seconds left.\n|\n|t:|1784457119\n|move|p1a: Rhydon|Earthquake|p2a: Rhydon\n|-supereffective|p2a: Rhydon\n|-damage|p2a: Rhydon|0 fnt\n|faint|p2a: Rhydon\n|inactive|Tarvold has 270 seconds left.\n|\n|t:|1784457125\n|switch|p2a: Exeggutor|Exeggutor|70/100\n|turn|27\n|\n|t:|1784457128\n|switch|p1a: Exeggutor|Exeggutor|92/100 par\n|move|p2a: Exeggutor|Psychic|p1a: Exeggutor\n|-resisted|p1a: Exeggutor\n|-damage|p1a: Exeggutor|79/100 par\n|\n|upkeep\n|turn|28\n|\n|t:|1784457134\n|switch|p2a: Lapras|Lapras|100/100 par\n|move|p1a: Exeggutor|Sleep Powder|p2a: Lapras|[miss]\n|-miss|p1a: Exeggutor\n|\n|upkeep\n|turn|29\n|\n|t:|1784457143\n|switch|p1a: Chansey|Chansey|75/100 slp\n|cant|p2a: Lapras|par\n|\n|upkeep\n|turn|30\n|\n|t:|1784457148\n|switch|p2a: Tauros|Tauros|100/100\n|cant|p1a: Chansey|slp\n|\n|upkeep\n|turn|31\n|\n|t:|1784457157\n|switch|p1a: Exeggutor|Exeggutor|79/100 par\n|move|p2a: Tauros|Earthquake|p1a: Exeggutor\n|-resisted|p1a: Exeggutor\n|-damage|p1a: Exeggutor|67/100 par\n|\n|upkeep\n|turn|32\n|\n|t:|1784457169\n|switch|p2a: Chansey|Chansey|100/100 par\n|cant|p1a: Exeggutor|par\n|\n|upkeep\n|turn|33\n|\n|t:|1784457177\n|cant|p1a: Exeggutor|par\n|move|p2a: Chansey|Seismic Toss|p1a: Exeggutor\n|-damage|p1a: Exeggutor|41/100 par\n|\n|upkeep\n|turn|34\n|\n|t:|1784457183\n|move|p1a: Exeggutor|Sleep Powder|p2a: Chansey\n|-fail|p2a: Chansey\n|move|p2a: Chansey|Seismic Toss|p1a: Exeggutor\n|-damage|p1a: Exeggutor|16/100 par\n|\n|upkeep\n|turn|35\n|\n|t:|1784457189\n|move|p1a: Exeggutor|Explosion|p2a: Chansey\n|-damage|p2a: Chansey|4/100 par\n|faint|p1a: Exeggutor\n|\n|t:|1784457192\n|switch|p1a: Rhydon|Rhydon|100/100\n|turn|36\n|\n|t:|1784457197\n|move|p1a: Rhydon|Substitute|p1a: Rhydon\n|-start|p1a: Rhydon|Substitute\n|-damage|p1a: Rhydon|76/100\n|move|p2a: Chansey|Seismic Toss|p1a: Rhydon\n|-activate|p1a: Rhydon|Substitute|[damage]\n|\n|upkeep\n|turn|37\n|\n|t:|1784457206\n|move|p1a: Rhydon|Body Slam|p2a: Chansey\n|-damage|p2a: Chansey|0 fnt\n|faint|p2a: Chansey\n|\n|t:|1784457210\n|switch|p2a: Exeggutor|Exeggutor|70/100\n|turn|38\n|\n|t:|1784457216\n|move|p2a: Exeggutor|Stun Spore|p1a: Rhydon\n|-status|p1a: Rhydon|par\n|move|p1a: Rhydon|Body Slam|p2a: Exeggutor\n|-damage|p2a: Exeggutor|46/100\n|\n|upkeep\n|turn|39\n|\n|t:|1784457223\n|move|p2a: Exeggutor|Psychic|p1a: Rhydon\n|-end|p1a: Rhydon|Substitute\n|cant|p1a: Rhydon|par\n|\n|upkeep\n|turn|40\n|\n|t:|1784457228\n|switch|p1a: Chansey|Chansey|75/100 slp\n|move|p2a: Exeggutor|Psychic|p1a: Chansey\n|-damage|p1a: Chansey|58/100 slp\n|-unboost|p1a: Chansey|spa|1\n|-unboost|p1a: Chansey|spd|1\n|\n|upkeep\n|turn|41\n|\n|t:|1784457234\n|move|p2a: Exeggutor|Psychic|p1a: Chansey\n|-damage|p1a: Chansey|30/100 slp\n|-curestatus|p1a: Chansey|slp|[msg]\n|\n|upkeep\n|turn|42\n|inactive|Tarvold has 270 seconds left.\n|\n|t:|1784457285\n|switch|p2a: Lapras|Lapras|100/100 par\n|move|p1a: Chansey|Soft-Boiled|p1a: Chansey\n|-heal|p1a: Chansey|80/100\n|\n|upkeep\n|turn|43\n|\n|t:|1784457302\n|switch|p1a: Snorlax|Snorlax|72/100 slp\n|move|p2a: Lapras|Ice Beam|p1a: Snorlax\n|-damage|p1a: Snorlax|43/100 slp\n|\n|upkeep\n|turn|44\n|inactive|Tarvold has 240 seconds left.\n|\n|t:|1784457339\n|switch|p2a: Exeggutor|Exeggutor|46/100\n|-curestatus|p1a: Snorlax|slp|[msg]\n|\n|upkeep\n|turn|45\n|\n|t:|1784457371\n|move|p2a: Exeggutor|Psychic|p1a: Snorlax\n|-damage|p1a: Snorlax|14/100\n|-unboost|p1a: Snorlax|spa|1\n|-unboost|p1a: Snorlax|spd|1\n|move|p1a: Snorlax|Hyper Beam|p2a: Exeggutor\n|-damage|p2a: Exeggutor|0 fnt\n|faint|p2a: Exeggutor\n|\n|t:|1784457380\n|switch|p2a: Tauros|Tauros|100/100\n|turn|46\n|\n|t:|1784457388\n|switch|p1a: Rhydon|Rhydon|76/100 par\n|move|p2a: Tauros|Earthquake|p1a: Rhydon\n|-supereffective|p1a: Rhydon\n|-damage|p1a: Rhydon|41/100 par\n|\n|upkeep\n|turn|47\n|\n|t:|1784457394\n|move|p2a: Tauros|Earthquake|p1a: Rhydon\n|-supereffective|p1a: Rhydon\n|-damage|p1a: Rhydon|5/100 par\n|cant|p1a: Rhydon|par\n|\n|upkeep\n|turn|48\n|\n|t:|1784457399\n|move|p2a: Tauros|Body Slam|p1a: Rhydon\n|-resisted|p1a: Rhydon\n|-damage|p1a: Rhydon|0 fnt\n|faint|p1a: Rhydon\n|\n|t:|1784457401\n|switch|p1a: Tauros|Tauros|100/100\n|turn|49\n|\n|t:|1784457405\n|move|p1a: Tauros|Body Slam|p2a: Tauros\n|-damage|p2a: Tauros|71/100\n|move|p2a: Tauros|Body Slam|p1a: Tauros\n|-crit|p1a: Tauros\n|-damage|p1a: Tauros|42/100\n|\n|upkeep\n|turn|50\n|\n|t:|1784457413\n|move|p1a: Tauros|Body Slam|p2a: Tauros\n|-crit|p2a: Tauros\n|-damage|p2a: Tauros|16/100\n|move|p2a: Tauros|Body Slam|p1a: Tauros\n|-damage|p1a: Tauros|12/100\n|\n|upkeep\n|turn|51\n|\n|t:|1784457426\n|switch|p2a: Slowbro|Slowbro|100/100\n|move|p1a: Tauros|Body Slam|p2a: Slowbro\n|-damage|p2a: Slowbro|78/100\n|\n|upkeep\n|turn|52\n|\n|t:|1784457438\n|switch|p1a: Chansey|Chansey|80/100\n|move|p2a: Slowbro|Surf|p1a: Chansey\n|-damage|p1a: Chansey|67/100\n|\n|upkeep\n|turn|53\n|inactive|Tarvold has 240 seconds left.\n|inactive|violet river has 270 seconds left.\n|\n|t:|1784457491\n|switch|p1a: Snorlax|Snorlax|14/100\n|move|p2a: Slowbro|Surf|p1a: Snorlax\n|-damage|p1a: Snorlax|0 fnt\n|faint|p1a: Snorlax\n|\n|t:|1784457493\n|switch|p1a: Chansey|Chansey|67/100\n|turn|54\n|\n|t:|1784457498\n|switch|p2a: Lapras|Lapras|100/100 par\n|move|p1a: Chansey|Seismic Toss|p2a: Lapras\n|-damage|p2a: Lapras|79/100 par\n|\n|upkeep\n|turn|55\n|\n|t:|1784457503\n|move|p1a: Chansey|Seismic Toss|p2a: Lapras\n|-damage|p2a: Lapras|57/100 par\n|move|p2a: Lapras|Sing|p1a: Chansey|[miss]\n|-miss|p2a: Lapras\n|\n|upkeep\n|turn|56\n|\n|t:|1784457512\n|switch|p1a: Tauros|Tauros|12/100\n|cant|p2a: Lapras|par\n|\n|upkeep\n|turn|57\n|\n|t:|1784457516\n|move|p1a: Tauros|Hyper Beam|p2a: Lapras\n|-damage|p2a: Lapras|13/100 par\n|-mustrecharge|p1a: Tauros\n|move|p2a: Lapras|Ice Beam|p1a: Tauros\n|-damage|p1a: Tauros|0 fnt\n|faint|p1a: Tauros\n|\n|t:|1784457518\n|switch|p1a: Chansey|Chansey|67/100\n|turn|58\n|inactive|Tarvold has 270 seconds left.\n|\n|t:|1784457553\n|move|p1a: Chansey|Soft-Boiled|p1a: Chansey\n|-heal|p1a: Chansey|100/100\n|cant|p2a: Lapras|par\n|\n|upkeep\n|turn|59\n|\n|t:|1784457576\n|move|p1a: Chansey|Seismic Toss|p2a: Lapras\n|-damage|p2a: Lapras|0 fnt\n|faint|p2a: Lapras\n|\n|t:|1784457580\n|switch|p2a: Tauros|Tauros|16/100\n|turn|60\n|\n|t:|1784457583\n|move|p2a: Tauros|Rest|p2a: Tauros\n|-status|p2a: Tauros|slp|[from] move: Rest\n|-heal|p2a: Tauros|100/100 slp|[silent]\n|move|p1a: Chansey|Seismic Toss|p2a: Tauros\n|-damage|p2a: Tauros|72/100 slp\n|\n|upkeep\n|turn|61\n|\n|t:|1784457589\n|cant|p2a: Tauros|slp\n|move|p1a: Chansey|Seismic Toss|p2a: Tauros\n|-damage|p2a: Tauros|44/100 slp\n|\n|upkeep\n|turn|62\n|\n|t:|1784457594\n|-curestatus|p2a: Tauros|slp|[msg]\n|move|p1a: Chansey|Thunder Wave|p2a: Tauros\n|-status|p2a: Tauros|par\n|\n|upkeep\n|turn|63\n|\n|t:|1784457599\n|move|p1a: Chansey|Seismic Toss|p2a: Tauros\n|-damage|p2a: Tauros|16/100 par\n|move|p2a: Tauros|Rest|p2a: Tauros\n|-status|p2a: Tauros|slp|[from] move: Rest\n|-heal|p2a: Tauros|100/100 slp|[silent]\n|\n|upkeep\n|turn|64\n|\n|t:|1784457605\n|move|p1a: Chansey|Seismic Toss|p2a: Tauros\n|-damage|p2a: Tauros|72/100 slp\n|cant|p2a: Tauros|slp\n|\n|upkeep\n|turn|65\n|\n|t:|1784457610\n|move|p1a: Chansey|Seismic Toss|p2a: Tauros\n|-damage|p2a: Tauros|44/100 slp\n|-curestatus|p2a: Tauros|slp|[msg]\n|\n|upkeep\n|turn|66\n|\n|t:|1784457615\n|move|p1a: Chansey|Thunder Wave|p2a: Tauros\n|-status|p2a: Tauros|par\n|move|p2a: Tauros|Rest|p2a: Tauros\n|-status|p2a: Tauros|slp|[from] move: Rest\n|-heal|p2a: Tauros|100/100 slp|[silent]\n|\n|upkeep\n|turn|67\n|\n|t:|1784457621\n|move|p1a: Chansey|Seismic Toss|p2a: Tauros\n|-damage|p2a: Tauros|72/100 slp\n|cant|p2a: Tauros|slp\n|\n|upkeep\n|turn|68\n|\n|t:|1784457626\n|move|p1a: Chansey|Seismic Toss|p2a: Tauros\n|-damage|p2a: Tauros|44/100 slp\n|-curestatus|p2a: Tauros|slp|[msg]\n|\n|upkeep\n|turn|69\n|\n|t:|1784457631\n|move|p1a: Chansey|Thunder Wave|p2a: Tauros\n|-status|p2a: Tauros|par\n|cant|p2a: Tauros|par\n|\n|upkeep\n|turn|70\n|\n|t:|1784457636\n|move|p1a: Chansey|Seismic Toss|p2a: Tauros\n|-damage|p2a: Tauros|16/100 par\n|move|p2a: Tauros|Rest|p2a: Tauros\n|-status|p2a: Tauros|slp|[from] move: Rest\n|-heal|p2a: Tauros|100/100 slp|[silent]\n|\n|upkeep\n|turn|71\n|\n|t:|1784457642\n|move|p1a: Chansey|Seismic Toss|p2a: Tauros\n|-damage|p2a: Tauros|72/100 slp\n|cant|p2a: Tauros|slp\n|\n|upkeep\n|turn|72\n|\n|t:|1784457647\n|move|p1a: Chansey|Seismic Toss|p2a: Tauros\n|-damage|p2a: Tauros|44/100 slp\n|-curestatus|p2a: Tauros|slp|[msg]\n|\n|upkeep\n|turn|73\n|\n|t:|1784457651\n|switch|p2a: Slowbro|Slowbro|78/100\n|move|p1a: Chansey|Thunder Wave|p2a: Slowbro\n|-status|p2a: Slowbro|par\n|\n|upkeep\n|turn|74\n|\n|t:|1784457657\n|move|p1a: Chansey|Seismic Toss|p2a: Slowbro\n|-damage|p2a: Slowbro|53/100 par\n|move|p2a: Slowbro|Thunder Wave|p1a: Chansey\n|-status|p1a: Chansey|par\n|\n|upkeep\n|turn|75\n|\n|t:|1784457663\n|cant|p1a: Chansey|par\n|move|p2a: Slowbro|Rest|p2a: Slowbro\n|-status|p2a: Slowbro|slp|[from] move: Rest\n|-heal|p2a: Slowbro|100/100 slp|[silent]\n|\n|upkeep\n|turn|76\n|\n|t:|1784457669\n|move|p1a: Chansey|Seismic Toss|p2a: Slowbro\n|-damage|p2a: Slowbro|75/100 slp\n|cant|p2a: Slowbro|slp\n|\n|upkeep\n|turn|77\n|\n|t:|1784457677\n|move|p1a: Chansey|Seismic Toss|p2a: Slowbro\n|-damage|p2a: Slowbro|50/100 slp\n|-curestatus|p2a: Slowbro|slp|[msg]\n|\n|upkeep\n|turn|78\n|\n|t:|1784457687\n|move|p1a: Chansey|Sing|p2a: Slowbro\n|-status|p2a: Slowbro|slp|[from] move: Sing\n|cant|p2a: Slowbro|slp\n|\n|upkeep\n|turn|79\n|\n|t:|1784457692\n|switch|p2a: Tauros|Tauros|44/100\n|cant|p1a: Chansey|par\n|\n|upkeep\n|turn|80\n|\n|t:|1784457707\n|move|p2a: Tauros|Body Slam|p1a: Chansey\n|-damage|p1a: Chansey|61/100 par\n|cant|p1a: Chansey|par\n|\n|upkeep\n|turn|81\n|\n|t:|1784457712\n|move|p2a: Tauros|Hyper Beam|p1a: Chansey\n|-damage|p1a: Chansey|0 fnt\n|faint|p1a: Chansey\n|\n|win|Tarvold\n|c|☆violet river|gg\n|c|☆Tarvold|gg\n","uploadtime":1784457712,"views":"74","formatid":"gen1ou","rating":null,"private":0,"password":null}