{"id":"smogtours-gen1ou-822788","format":"[Gen 1] OU","players":["Sceptross","nicole7735"],"log":"|inactive|Battle timer is ON: inactive players will automatically lose when time's up.\n|t:|1740913389\n|gametype|singles\n|player|p1|Sceptross|#splxvicryonicles|\n|player|p2|nicole7735|lady-gen4|\n|teamsize|p1|6\n|teamsize|p2|6\n|gen|1\n|tier|[Gen 1] OU\n|rule|Desync Clause Mod: Desyncs changed to move failure.\n|rule|Sleep Clause Mod: Limit one foe put to sleep\n|rule|Freeze Clause Mod: Limit one foe frozen\n|rule|Species Clause: Limit one of each Pokémon\n|rule|OHKO Clause: OHKO moves are banned\n|rule|Evasion Moves Clause: Evasion moves are banned\n|rule|Endless Battle Clause: Forcing endless battles is banned\n|rule|HP Percentage Mod: HP is shown in percentages\n|\n|t:|1740913389\n|start\n|switch|p1a: Gengar|Gengar|100/100\n|switch|p2a: Starmie|Starmie|100/100\n|turn|1\n|c|☆nicole7735|hf\n|c|☆Sceptross|gl hf\n|inactive|nicole7735 has 270 seconds left.\n|\n|t:|1740913422\n|switch|p2a: Exeggutor|Exeggutor|100/100\n|move|p1a: Gengar|Hypnosis|p2a: Exeggutor\n|-status|p2a: Exeggutor|slp|[from] move: Hypnosis\n|\n|upkeep\n|turn|2\n|c|☆Sceptross|nvm triangles I didnt\n|inactive|Sceptross has 270 seconds left.\n|\n|t:|1740913464\n|switch|p2a: Chansey|Chansey|100/100\n|move|p1a: Gengar|Night Shade|p2a: Chansey\n|-damage|p2a: Chansey|86/100\n|\n|upkeep\n|turn|3\n|\n|t:|1740913469\n|switch|p1a: Chansey|Chansey|100/100\n|move|p2a: Chansey|Soft-Boiled|p2a: Chansey\n|-heal|p2a: Chansey|100/100\n|\n|upkeep\n|turn|4\n|inactive|Sceptross has 270 seconds left.\n|\n|t:|1740913478\n|move|p2a: Chansey|Sing|p1a: Chansey\n|-status|p1a: Chansey|slp|[from] move: Sing\n|cant|p1a: Chansey|slp\n|\n|upkeep\n|turn|5\n|inactive|Sceptross has 270 seconds left.\n|c|+triangles|lmao\n|c|+triangles|gl\n|inactive|Sceptross has 240 seconds left.\n|\n|t:|1740913545\n|cant|p1a: Chansey|slp\n|move|p2a: Chansey|Thunder Wave|p1a: Chansey\n|-fail|p1a: Chansey\n|\n|upkeep\n|turn|6\n|inactive|Sceptross has 210 seconds left.\n|\n|t:|1740913565\n|switch|p1a: Snorlax|Snorlax|100/100\n|switch|p2a: Tauros|Tauros|100/100\n|\n|upkeep\n|turn|7\n|inactive|nicole7735 has 270 seconds left.\n|inactive|nicole7735 has 240 seconds left.\n|\n|t:|1740913642\n|switch|p2a: Snorlax|Snorlax|100/100\n|move|p1a: Snorlax|Body Slam|p2a: Snorlax\n|-damage|p2a: Snorlax|76/100\n|\n|upkeep\n|turn|8\n|inactive|Sceptross has 210 seconds left.\n|\n|t:|1740913669\n|move|p1a: Snorlax|Body Slam|p2a: Snorlax\n|-damage|p2a: Snorlax|51/100\n|move|p2a: Snorlax|Body Slam|p1a: Snorlax\n|-damage|p1a: Snorlax|72/100\n|\n|upkeep\n|turn|9\n|\n|t:|1740913673\n|move|p1a: Snorlax|Reflect|p1a: Snorlax\n|-start|p1a: Snorlax|Reflect\n|move|p2a: Snorlax|Reflect|p2a: Snorlax\n|-start|p2a: Snorlax|Reflect\n|\n|upkeep\n|turn|10\n|\n|t:|1740913678\n|switch|p1a: Gengar|Gengar|100/100\n|move|p2a: Snorlax|Body Slam|p1a: Gengar\n|-immune|p1a: Gengar\n|\n|upkeep\n|turn|11\n|inactive|Sceptross has 210 seconds left.\n|\n|t:|1740913724\n|move|p1a: Gengar|Psychic|p2a: Snorlax\n|-damage|p2a: Snorlax|29/100\n|move|p2a: Snorlax|Rest|p2a: Snorlax\n|-status|p2a: Snorlax|slp|[from] move: Rest\n|-heal|p2a: Snorlax|100/100 slp|[silent]\n|\n|upkeep\n|turn|12\n|\n|t:|1740913731\n|switch|p1a: Snorlax|Snorlax|72/100\n|cant|p2a: Snorlax|slp\n|\n|upkeep\n|turn|13\n|\n|t:|1740913738\n|move|p1a: Snorlax|Reflect|p1a: Snorlax\n|-start|p1a: Snorlax|Reflect\n|-curestatus|p2a: Snorlax|slp|[msg]\n|\n|upkeep\n|turn|14\n|\n|t:|1740913740\n|move|p1a: Snorlax|Body Slam|p2a: Snorlax\n|-damage|p2a: Snorlax|87/100\n|move|p2a: Snorlax|Body Slam|p1a: Snorlax\n|-damage|p1a: Snorlax|58/100\n|\n|upkeep\n|turn|15\n|\n|t:|1740913744\n|move|p2a: Snorlax|Body Slam|p1a: Snorlax\n|-damage|p1a: Snorlax|44/100\n|move|p1a: Snorlax|Body Slam|p2a: Snorlax\n|-damage|p2a: Snorlax|75/100\n|\n|upkeep\n|turn|16\n|\n|t:|1740913752\n|move|p2a: Snorlax|Body Slam|p1a: Snorlax\n|-damage|p1a: Snorlax|32/100\n|move|p1a: Snorlax|Body Slam|p2a: Snorlax\n|-damage|p2a: Snorlax|61/100\n|\n|upkeep\n|turn|17\n|\n|t:|1740913756\n|move|p1a: Snorlax|Body Slam|p2a: Snorlax\n|-crit|p2a: Snorlax\n|-damage|p2a: Snorlax|6/100\n|move|p2a: Snorlax|Body Slam|p1a: Snorlax\n|-crit|p1a: Snorlax\n|-damage|p1a: Snorlax|0 fnt\n|faint|p1a: Snorlax\n|\n|t:|1740913761\n|switch|p1a: Tauros|Tauros|100/100\n|turn|18\n|inactive|nicole7735 has 270 seconds left.\n|inactive|nicole7735 has 240 seconds left.\n|\n|t:|1740913831\n|move|p1a: Tauros|Body Slam|p2a: Snorlax\n|-damage|p2a: Snorlax|0 fnt\n|faint|p2a: Snorlax\n|\n|t:|1740913832\n|switch|p2a: Starmie|Starmie|100/100\n|turn|19\n|\n|t:|1740913848\n|switch|p1a: Chansey|Chansey|100/100 slp\n|move|p2a: Starmie|Thunder Wave|p1a: Chansey\n|-fail|p1a: Chansey\n|\n|upkeep\n|turn|20\n|\n|t:|1740913862\n|switch|p2a: Tauros|Tauros|100/100\n|switch|p1a: Exeggutor|Exeggutor|100/100\n|\n|upkeep\n|turn|21\n|\n|t:|1740913887\n|switch|p2a: Chansey|Chansey|100/100\n|move|p1a: Exeggutor|Stun Spore|p2a: Chansey\n|-status|p2a: Chansey|par\n|\n|upkeep\n|turn|22\n|inactive|Sceptross has 240 seconds left.\n|inactive|nicole7735 has 240 seconds left.\n|\n|t:|1740913936\n|switch|p1a: Chansey|Chansey|100/100 slp\n|cant|p2a: Chansey|par\n|\n|upkeep\n|turn|23\n|\n|t:|1740913959\n|cant|p1a: Chansey|slp\n|move|p2a: Chansey|Seismic Toss|p1a: Chansey\n|-damage|p1a: Chansey|86/100 slp\n|\n|upkeep\n|turn|24\n|inactive|Sceptross has 210 seconds left.\n|\n|t:|1740914001\n|switch|p2a: Tauros|Tauros|100/100\n|cant|p1a: Chansey|slp\n|\n|upkeep\n|turn|25\n|\n|t:|1740914007\n|switch|p1a: Gengar|Gengar|100/100\n|move|p2a: Tauros|Body Slam|p1a: Gengar\n|-immune|p1a: Gengar\n|\n|upkeep\n|turn|26\n|\n|t:|1740914032\n|move|p1a: Gengar|Psychic|p2a: Tauros\n|-damage|p2a: Tauros|71/100\n|move|p2a: Tauros|Earthquake|p1a: Gengar\n|-crit|p1a: Gengar\n|-supereffective|p1a: Gengar\n|-damage|p1a: Gengar|0 fnt\n|faint|p1a: Gengar\n|\n|t:|1740914051\n|switch|p1a: Tauros|Tauros|100/100\n|turn|27\n|\n|t:|1740914058\n|move|p1a: Tauros|Body Slam|p2a: Tauros\n|-damage|p2a: Tauros|44/100\n|move|p2a: Tauros|Body Slam|p1a: Tauros\n|-crit|p1a: Tauros\n|-damage|p1a: Tauros|46/100\n|\n|upkeep\n|turn|28\n|inactive|nicole7735 has 240 seconds left.\n|inactive|Sceptross has 180 seconds left.\n|inactive|nicole7735 has 210 seconds left.\n|inactive|nicole7735 has 180 seconds left.\n|inactive|nicole7735 has 150 seconds left.\n|\n|t:|1740914174\n|switch|p2a: Starmie|Starmie|100/100\n|switch|p1a: Zapdos|Zapdos|100/100\n|\n|upkeep\n|turn|29\n|inactive|nicole7735 has 150 seconds left.\n|inactive|Sceptross has 150 seconds left.\n|\n|t:|1740914200\n|switch|p2a: Rhydon|Rhydon|100/100\n|switch|p1a: Tauros|Tauros|46/100\n|\n|upkeep\n|turn|30\n|inactive|Sceptross has 150 seconds left.\n|inactive|nicole7735 has 150 seconds left.\n|inactive|nicole7735 has 120 seconds left.\n|\n|t:|1740914242\n|switch|p2a: Starmie|Starmie|100/100\n|move|p1a: Tauros|Body Slam|p2a: Starmie\n|-damage|p2a: Starmie|67/100\n|-status|p2a: Starmie|par\n|\n|upkeep\n|turn|31\n|inactive|Sceptross has 150 seconds left.\n|inactive|nicole7735 has 120 seconds left.\n|inactive|Sceptross has 120 seconds left.\n|\n|t:|1740914278\n|switch|p1a: Chansey|Chansey|86/100 slp\n|move|p2a: Starmie|Thunder Wave|p1a: Chansey\n|-fail|p1a: Chansey\n|\n|upkeep\n|turn|32\n|\n|t:|1740914289\n|switch|p2a: Tauros|Tauros|44/100\n|cant|p1a: Chansey|slp\n|\n|upkeep\n|turn|33\n|inactive|Sceptross has 120 seconds left.\n|\n|t:|1740914307\n|switch|p1a: Zapdos|Zapdos|100/100\n|move|p2a: Tauros|Body Slam|p1a: Zapdos\n|-damage|p1a: Zapdos|70/100\n|-status|p1a: Zapdos|par\n|\n|upkeep\n|turn|34\n|inactive|Sceptross has 120 seconds left.\n|\n|t:|1740914321\n|switch|p2a: Rhydon|Rhydon|100/100\n|switch|p1a: Tauros|Tauros|46/100\n|\n|upkeep\n|turn|35\n|inactive|nicole7735 has 90 seconds left.\n|\n|t:|1740914366\n|switch|p2a: Exeggutor|Exeggutor|100/100 slp\n|move|p1a: Tauros|Blizzard|p2a: Exeggutor\n|-crit|p2a: Exeggutor\n|-supereffective|p2a: Exeggutor\n|-damage|p2a: Exeggutor|33/100 slp\n|\n|upkeep\n|turn|36\n|\n|t:|1740914375\n|move|p1a: Tauros|Hyper Beam|p2a: Exeggutor\n|-crit|p2a: Exeggutor\n|-damage|p2a: Exeggutor|0 fnt\n|faint|p2a: Exeggutor\n|\n|t:|1740914380\n|switch|p2a: Starmie|Starmie|67/100 par\n|turn|37\n|inactive|nicole7735 has 90 seconds left.\n|inactive|Sceptross has 120 seconds left.\n|\n|t:|1740914432\n|switch|p2a: Tauros|Tauros|44/100\n|move|p1a: Tauros|Body Slam|p2a: Tauros\n|-crit|p2a: Tauros\n|-damage|p2a: Tauros|0 fnt\n|faint|p2a: Tauros\n|inactive|nicole7735 has 60 seconds left.\n|\n|t:|1740914465\n|switch|p2a: Starmie|Starmie|67/100 par\n|turn|38\n|inactive|nicole7735 has 60 seconds left.\n|inactive|Sceptross has 90 seconds left.\n|\n|t:|1740914486\n|switch|p1a: Chansey|Chansey|86/100 slp\n|move|p2a: Starmie|Recover|p2a: Starmie\n|-heal|p2a: Starmie|100/100 par\n|\n|upkeep\n|turn|39\n|\n|t:|1740914490\n|switch|p2a: Rhydon|Rhydon|100/100\n|-curestatus|p1a: Chansey|slp|[msg]\n|\n|upkeep\n|turn|40\n|inactive|Sceptross has 90 seconds left.\n|\n|t:|1740914521\n|switch|p1a: Exeggutor|Exeggutor|100/100\n|switch|p2a: Chansey|Chansey|100/100 par\n|\n|upkeep\n|turn|41\n|inactive|nicole7735 has 60 seconds left.\n|\n|t:|1740914538\n|switch|p2a: Starmie|Starmie|100/100 par\n|move|p1a: Exeggutor|Psychic|p2a: Starmie\n|-resisted|p2a: Starmie\n|-damage|p2a: Starmie|82/100 par\n|\n|upkeep\n|turn|42\n|inactive|Sceptross has 60 seconds left.\n|inactive|nicole7735 has 60 seconds left.\n|inactive|Sceptross has 30 seconds left.\n|\n|t:|1740914596\n|move|p1a: Exeggutor|Explosion|p2a: Starmie\n|-damage|p2a: Starmie|0 fnt\n|faint|p2a: Starmie\n|faint|p1a: Exeggutor\n|\n|t:|1740914603\n|switch|p1a: Tauros|Tauros|46/100\n|switch|p2a: Chansey|Chansey|100/100 par\n|turn|43\n|inactive|nicole7735 has 60 seconds left.\n|\n|t:|1740914616\n|move|p1a: Tauros|Body Slam|p2a: Chansey\n|-damage|p2a: Chansey|63/100 par\n|cant|p2a: Chansey|par\n|\n|upkeep\n|turn|44\n|inactive|nicole7735 has 60 seconds left.\n|inactive|Sceptross has 30 seconds left.\n|inactive|nicole7735 has 30 seconds left.\n|inactive|Sceptross has 20 seconds left.\n|inactive|Sceptross has 15 seconds left.\n|inactive|Sceptross has 10 seconds left.\n|\n|t:|1740914667\n|switch|p2a: Rhydon|Rhydon|100/100\n|move|p1a: Tauros|Body Slam|p2a: Rhydon\n|-crit|p2a: Rhydon\n|-resisted|p2a: Rhydon\n|-damage|p2a: Rhydon|81/100\n|\n|upkeep\n|turn|45\n|inactive|Sceptross has 20 seconds left this turn.\n|\n|t:|1740914671\n|move|p1a: Tauros|Blizzard|p2a: Rhydon\n|-supereffective|p2a: Rhydon\n|-damage|p2a: Rhydon|20/100\n|move|p2a: Rhydon|Earthquake|p1a: Tauros\n|-damage|p1a: Tauros|2/100\n|\n|upkeep\n|turn|46\n|inactive|Sceptross has 30 seconds left this turn.\n|\n|t:|1740914677\n|move|p1a: Tauros|Earthquake|p2a: Rhydon\n|-supereffective|p2a: Rhydon\n|-damage|p2a: Rhydon|0 fnt\n|faint|p2a: Rhydon\n|inactive|Sceptross has 30 seconds left this turn.\n|\n|t:|1740914678\n|switch|p2a: Chansey|Chansey|63/100 par\n|turn|47\n|\n|t:|1740914681\n|move|p1a: Tauros|Hyper Beam|p2a: Chansey\n|-damage|p2a: Chansey|0 fnt\n|faint|p2a: Chansey\n|\n|win|Sceptross\n","uploadtime":1740914681,"views":"1990","formatid":"gen1ou","rating":null,"private":0,"password":null}