{"id":"smogtours-gen1ou-946558","format":"[Gen 1] OU","players":["AJ Duncan","16bit"],"log":"|inactive|Battle timer is ON: inactive players will automatically lose when time's up.\n|t:|1781444309\n|gametype|singles\n|player|p1|AJ Duncan|#wcop2026italy|\n|player|p2|16bit|malva|\n|gen|1\n|tier|[Gen 1] OU\n|rule|Desync Clause Mod: Desyncs changed to move failure.\n|rule|HP Percentage Mod: HP is shown in percentages\n|rule|Endless Battle Clause: Forcing endless battles is banned\n|rule|Sleep Clause Mod: Limit one foe put to sleep\n|rule|Freeze Clause Mod: Limit one foe frozen\n|rule|Species Clause: Limit one of each Pokémon\n|rule|OHKO Clause: OHKO moves are banned\n|rule|Evasion Moves Clause: Evasion moves are banned\n|\n|t:|1781444309\n|teamsize|p1|6\n|teamsize|p2|6\n|start\n|switch|p1a: Alakazam|Alakazam|100/100\n|switch|p2a: Jynx|Jynx|100/100\n|turn|1\n|c|☆16bit|hf\n|c|☆AJ Duncan|hf\n|\n|t:|1781444322\n|move|p1a: Alakazam|Thunder Wave|p2a: Jynx\n|-status|p2a: Jynx|par\n|move|p2a: Jynx|Lovely Kiss|p1a: Alakazam\n|-status|p1a: Alakazam|slp|[from] move: Lovely Kiss\n|\n|upkeep\n|turn|2\n|\n|t:|1781444340\n|switch|p1a: Chansey|Chansey|100/100\n|cant|p2a: Jynx|par\n|\n|upkeep\n|turn|3\n|\n|t:|1781444349\n|move|p1a: Chansey|Thunderbolt|p2a: Jynx\n|-damage|p2a: Jynx|76/100 par\n|move|p2a: Jynx|Blizzard|p1a: Chansey|[miss]\n|-miss|p2a: Jynx\n|\n|upkeep\n|turn|4\n|\n|t:|1781444365\n|move|p1a: Chansey|Thunderbolt|p2a: Jynx\n|-damage|p2a: Jynx|54/100 par\n|move|p2a: Jynx|Rest|p2a: Jynx\n|-status|p2a: Jynx|slp|[from] move: Rest\n|-heal|p2a: Jynx|100/100 slp|[silent]\n|\n|upkeep\n|turn|5\n|\n|t:|1781444378\n|switch|p2a: Chansey|Chansey|100/100\n|move|p1a: Chansey|Thunder Wave|p2a: Chansey\n|-status|p2a: Chansey|par\n|\n|upkeep\n|turn|6\n|\n|t:|1781444385\n|switch|p1a: Snorlax|Snorlax|100/100\n|move|p2a: Chansey|Thunder Wave|p1a: Snorlax\n|-status|p1a: Snorlax|par\n|\n|upkeep\n|turn|7\n|\n|t:|1781444412\n|switch|p2a: Exeggutor|Exeggutor|100/100\n|move|p1a: Snorlax|Body Slam|p2a: Exeggutor\n|-damage|p2a: Exeggutor|72/100\n|\n|upkeep\n|turn|8\n|\n|t:|1781444429\n|move|p2a: Exeggutor|Psychic|p1a: Snorlax\n|-crit|p1a: Snorlax\n|-damage|p1a: Snorlax|45/100 par\n|-unboost|p1a: Snorlax|spa|1\n|-unboost|p1a: Snorlax|spd|1\n|cant|p1a: Snorlax|par\n|\n|upkeep\n|turn|9\n|\n|t:|1781444437\n|switch|p1a: Exeggutor|Exeggutor|100/100\n|move|p2a: Exeggutor|Psychic|p1a: Exeggutor\n|-resisted|p1a: Exeggutor\n|-damage|p1a: Exeggutor|88/100\n|\n|upkeep\n|turn|10\n|\n|t:|1781444467\n|switch|p2a: Chansey|Chansey|100/100 par\n|switch|p1a: Snorlax|Snorlax|45/100 par\n|\n|upkeep\n|turn|11\n|\n|t:|1781444472\n|switch|p2a: Exeggutor|Exeggutor|72/100\n|cant|p1a: Snorlax|par\n|\n|upkeep\n|turn|12\n|c|☆AJ Duncan|snorlax can you please move\n|\n|t:|1781444496\n|switch|p1a: Exeggutor|Exeggutor|88/100\n|move|p2a: Exeggutor|Psychic|p1a: Exeggutor\n|-crit|p1a: Exeggutor\n|-resisted|p1a: Exeggutor\n|-damage|p1a: Exeggutor|62/100\n|-unboost|p1a: Exeggutor|spa|1\n|-unboost|p1a: Exeggutor|spd|1\n|\n|upkeep\n|turn|13\n|\n|t:|1781444513\n|switch|p2a: Chansey|Chansey|100/100 par\n|switch|p1a: Chansey|Chansey|100/100\n|\n|upkeep\n|turn|14\n|\n|t:|1781444537\n|switch|p1a: Snorlax|Snorlax|45/100 par\n|move|p2a: Chansey|Thunder Wave|p1a: Snorlax\n|-fail|p1a: Snorlax|par\n|\n|upkeep\n|turn|15\n|\n|t:|1781444547\n|switch|p2a: Cloyster|Cloyster|100/100\n|move|p1a: Snorlax|Rest|p1a: Snorlax\n|-status|p1a: Snorlax|slp|[from] move: Rest\n|-heal|p1a: Snorlax|100/100 slp|[silent]\n|\n|upkeep\n|turn|16\n|\n|t:|1781444559\n|switch|p1a: Chansey|Chansey|100/100\n|move|p2a: Cloyster|Blizzard|p1a: Chansey\n|-damage|p1a: Chansey|82/100\n|\n|upkeep\n|turn|17\n|inactive|AJ Duncan has 270 seconds left.\n|\n|t:|1781444591\n|switch|p2a: Chansey|Chansey|100/100 par\n|move|p1a: Chansey|Thunderbolt|p2a: Chansey\n|-damage|p2a: Chansey|90/100 par\n|\n|upkeep\n|turn|18\n|inactive|AJ Duncan has 270 seconds left.\n|\n|t:|1781444605\n|switch|p1a: Snorlax|Snorlax|100/100 slp\n|move|p2a: Chansey|Seismic Toss|p1a: Snorlax\n|-damage|p1a: Snorlax|81/100 slp\n|\n|upkeep\n|turn|19\n|inactive|AJ Duncan has 270 seconds left.\n|\n|t:|1781444613\n|switch|p1a: Chansey|Chansey|82/100\n|switch|p2a: Cloyster|Cloyster|100/100\n|\n|upkeep\n|turn|20\n|\n|t:|1781444622\n|switch|p2a: Chansey|Chansey|90/100 par\n|move|p1a: Chansey|Thunderbolt|p2a: Chansey\n|-damage|p2a: Chansey|79/100 par\n|\n|upkeep\n|turn|21\n|\n|t:|1781444626\n|move|p1a: Chansey|Soft-Boiled|p1a: Chansey\n|-heal|p1a: Chansey|100/100\n|move|p2a: Chansey|Thunder Wave|p1a: Chansey\n|-status|p1a: Chansey|par\n|\n|upkeep\n|turn|22\n|\n|t:|1781444640\n|switch|p1a: Snorlax|Snorlax|81/100 slp\n|move|p2a: Chansey|Seismic Toss|p1a: Snorlax\n|-damage|p1a: Snorlax|62/100 slp\n|\n|upkeep\n|turn|23\n|\n|t:|1781444653\n|switch|p2a: Exeggutor|Exeggutor|72/100\n|cant|p1a: Snorlax|slp\n|\n|upkeep\n|turn|24\n|\n|t:|1781444656\n|switch|p1a: Chansey|Chansey|100/100 par\n|move|p2a: Exeggutor|Psychic|p1a: Chansey\n|-damage|p1a: Chansey|84/100 par\n|\n|upkeep\n|turn|25\n|\n|t:|1781444668\n|switch|p1a: Exeggutor|Exeggutor|62/100\n|move|p2a: Exeggutor|Explosion|p1a: Exeggutor\n|-damage|p1a: Exeggutor|0 fnt\n|faint|p1a: Exeggutor\n|faint|p2a: Exeggutor\n|\n|t:|1781444691\n|switch|p2a: Cloyster|Cloyster|100/100\n|switch|p1a: Chansey|Chansey|84/100 par\n|turn|26\n|\n|t:|1781444715\n|move|p2a: Cloyster|Clamp|p1a: Chansey\n|-crit|p1a: Chansey\n|-damage|p1a: Chansey|74/100 par\n|cant|p1a: Chansey|partiallytrapped\n|\n|upkeep\n|turn|27\n|\n|t:|1781444725\n|move|p2a: Cloyster|Clamp|p1a: Chansey|[from] Clamp\n|-damage|p1a: Chansey|64/100 par\n|\n|upkeep\n|turn|28\n|\n|t:|1781444738\n|move|p2a: Cloyster|Clamp|p1a: Chansey|[miss]\n|-miss|p2a: Cloyster\n|cant|p1a: Chansey|par\n|\n|upkeep\n|turn|29\n|\n|t:|1781444743\n|move|p2a: Cloyster|Clamp|p1a: Chansey\n|-damage|p1a: Chansey|59/100 par\n|cant|p1a: Chansey|partiallytrapped\n|\n|upkeep\n|turn|30\n|\n|t:|1781444747\n|move|p2a: Cloyster|Clamp|p1a: Chansey|[from] Clamp\n|-damage|p1a: Chansey|53/100 par\n|\n|upkeep\n|turn|31\n|\n|t:|1781444752\n|move|p2a: Cloyster|Clamp|p1a: Chansey|[from] Clamp\n|-damage|p1a: Chansey|48/100 par\n|\n|upkeep\n|turn|32\n|\n|t:|1781444755\n|switch|p2a: Rhydon|Rhydon|100/100\n|move|p1a: Chansey|Soft-Boiled|p1a: Chansey\n|-heal|p1a: Chansey|98/100 par\n|\n|upkeep\n|turn|33\n|\n|t:|1781444779\n|move|p2a: Rhydon|Earthquake|p1a: Chansey\n|-damage|p1a: Chansey|40/100 par\n|move|p1a: Chansey|Ice Beam|p2a: Rhydon\n|-supereffective|p2a: Rhydon\n|-damage|p2a: Rhydon|41/100\n|\n|upkeep\n|turn|34\n|\n|t:|1781444793\n|switch|p1a: Snorlax|Snorlax|62/100 slp\n|move|p2a: Rhydon|Earthquake|p1a: Snorlax\n|-damage|p1a: Snorlax|26/100 slp\n|\n|upkeep\n|turn|35\n|\n|t:|1781444798\n|move|p2a: Rhydon|Earthquake|p1a: Snorlax\n|-damage|p1a: Snorlax|0 fnt\n|faint|p1a: Snorlax\n|\n|t:|1781444801\n|switch|p1a: Tauros|Tauros|100/100\n|turn|36\n|\n|t:|1781444812\n|switch|p2a: Cloyster|Cloyster|100/100\n|move|p1a: Tauros|Body Slam|p2a: Cloyster\n|-crit|p2a: Cloyster\n|-damage|p2a: Cloyster|58/100\n|-status|p2a: Cloyster|par\n|\n|upkeep\n|turn|37\n|\n|t:|1781444828\n|switch|p1a: Chansey|Chansey|40/100 par\n|move|p2a: Cloyster|Explosion|p1a: Chansey\n|-damage|p1a: Chansey|0 fnt\n|faint|p1a: Chansey\n|faint|p2a: Cloyster\n|inactive|16bit has 270 seconds left.\n|\n|t:|1781444853\n|switch|p2a: Chansey|Chansey|79/100 par\n|switch|p1a: Rhydon|Rhydon|100/100\n|turn|38\n|inactive|16bit has 270 seconds left.\n|\n|t:|1781444871\n|switch|p2a: Tauros|Tauros|100/100\n|move|p1a: Rhydon|Substitute|p1a: Rhydon\n|-start|p1a: Rhydon|Substitute\n|-damage|p1a: Rhydon|76/100\n|\n|upkeep\n|turn|39\n|\n|t:|1781444876\n|move|p2a: Tauros|Earthquake|p1a: Rhydon\n|-crit|p1a: Rhydon\n|-supereffective|p1a: Rhydon\n|-end|p1a: Rhydon|Substitute\n|move|p1a: Rhydon|Earthquake|p2a: Tauros\n|-damage|p2a: Tauros|62/100\n|\n|upkeep\n|turn|40\n|inactive|16bit has 270 seconds left.\n|\n|t:|1781444908\n|move|p2a: Tauros|Body Slam|p1a: Rhydon\n|-resisted|p1a: Rhydon\n|-damage|p1a: Rhydon|65/100\n|-status|p1a: Rhydon|par\n|move|p1a: Rhydon|Earthquake|p2a: Tauros\n|-damage|p2a: Tauros|23/100\n|\n|upkeep\n|turn|41\n|inactive|16bit has 240 seconds left.\n|\n|t:|1781444923\n|move|p2a: Tauros|Body Slam|p1a: Rhydon\n|-crit|p1a: Rhydon\n|-resisted|p1a: Rhydon\n|-damage|p1a: Rhydon|44/100 par\n|move|p1a: Rhydon|Earthquake|p2a: Tauros\n|-damage|p2a: Tauros|0 fnt\n|faint|p2a: Tauros\n|inactive|16bit has 240 seconds left.\n|\n|t:|1781444929\n|switch|p2a: Rhydon|Rhydon|41/100\n|turn|42\n|\n|t:|1781444938\n|move|p2a: Rhydon|Substitute|p2a: Rhydon\n|-start|p2a: Rhydon|Substitute\n|-damage|p2a: Rhydon|16/100\n|move|p1a: Rhydon|Earthquake|p2a: Rhydon\n|-supereffective|p2a: Rhydon\n|-end|p2a: Rhydon|Substitute\n|\n|upkeep\n|turn|43\n|\n|t:|1781444947\n|switch|p1a: Tauros|Tauros|100/100\n|move|p2a: Rhydon|Earthquake|p1a: Tauros\n|-damage|p1a: Tauros|63/100\n|\n|upkeep\n|turn|44\n|\n|t:|1781444955\n|switch|p2a: Jynx|Jynx|100/100 slp\n|move|p1a: Tauros|Earthquake|p2a: Jynx\n|-crit|p2a: Jynx\n|-damage|p2a: Jynx|23/100 slp\n|\n|upkeep\n|turn|45\n|\n|t:|1781444962\n|move|p1a: Tauros|Earthquake|p2a: Jynx\n|-damage|p2a: Jynx|0 fnt\n|faint|p2a: Jynx\n|\n|t:|1781444965\n|switch|p2a: Chansey|Chansey|79/100 par\n|turn|46\n|\n|t:|1781444988\n|switch|p1a: Alakazam|Alakazam|100/100 slp\n|cant|p2a: Chansey|par\n|\n|upkeep\n|turn|47\n|\n|t:|1781445000\n|-curestatus|p1a: Alakazam|slp|[msg]\n|move|p2a: Chansey|Seismic Toss|p1a: Alakazam\n|-damage|p1a: Alakazam|69/100\n|\n|upkeep\n|turn|48\n|\n|t:|1781445006\n|move|p1a: Alakazam|Psychic|p2a: Chansey\n|-damage|p2a: Chansey|61/100 par\n|-unboost|p2a: Chansey|spa|1\n|-unboost|p2a: Chansey|spd|1\n|move|p2a: Chansey|Thunder Wave|p1a: Alakazam\n|-status|p1a: Alakazam|par\n|\n|upkeep\n|turn|49\n|\n|t:|1781445011\n|move|p1a: Alakazam|Psychic|p2a: Chansey\n|-crit|p2a: Chansey\n|-damage|p2a: Chansey|25/100 par\n|move|p2a: Chansey|Soft-Boiled|p2a: Chansey\n|-heal|p2a: Chansey|75/100 par\n|\n|upkeep\n|turn|50\n|\n|t:|1781445016\n|move|p1a: Alakazam|Psychic|p2a: Chansey\n|-crit|p2a: Chansey\n|-damage|p2a: Chansey|38/100 par\n|move|p2a: Chansey|Soft-Boiled|p2a: Chansey\n|-heal|p2a: Chansey|88/100 par\n|\n|upkeep\n|turn|51\n|\n|t:|1781445020\n|move|p1a: Alakazam|Recover|p1a: Alakazam\n|-heal|p1a: Alakazam|100/100 par\n|move|p2a: Chansey|Seismic Toss|p1a: Alakazam\n|-damage|p1a: Alakazam|69/100 par\n|\n|upkeep\n|turn|52\n|\n|t:|1781445025\n|cant|p1a: Alakazam|par\n|move|p2a: Chansey|Seismic Toss|p1a: Alakazam\n|-damage|p1a: Alakazam|37/100 par\n|\n|upkeep\n|turn|53\n|\n|t:|1781445028\n|switch|p2a: Rhydon|Rhydon|16/100\n|cant|p1a: Alakazam|par\n|\n|upkeep\n|turn|54\n|\n|t:|1781445032\n|move|p2a: Rhydon|Earthquake|p1a: Alakazam\n|-damage|p1a: Alakazam|0 fnt\n|faint|p1a: Alakazam\n|\n|t:|1781445034\n|switch|p1a: Tauros|Tauros|63/100\n|turn|55\n|\n|t:|1781445041\n|switch|p2a: Chansey|Chansey|88/100 par\n|move|p1a: Tauros|Earthquake|p2a: Chansey\n|-damage|p2a: Chansey|58/100 par\n|\n|upkeep\n|turn|56\n|\n|t:|1781445057\n|move|p1a: Tauros|Hyper Beam|p2a: Chansey\n|-damage|p2a: Chansey|0 fnt\n|faint|p2a: Chansey\n|\n|t:|1781445059\n|switch|p2a: Rhydon|Rhydon|16/100\n|turn|57\n|\n|t:|1781445062\n|move|p1a: Tauros|Earthquake|p2a: Rhydon\n|-supereffective|p2a: Rhydon\n|-damage|p2a: Rhydon|0 fnt\n|faint|p2a: Rhydon\n|\n|win|AJ Duncan\n|c|☆AJ Duncan|ggs\n|c|☆16bit|ggs\n|player|p2|\n","uploadtime":1781445062,"views":"56","formatid":"gen1ou","rating":null,"private":0,"password":null}