{"id":"smogtours-gen1ou-831093","format":"[Gen 1] OU","players":["Kaz","shiloh"],"log":"|inactive|Battle timer is ON: inactive players will automatically lose when time's up.\n|t:|1743958476\n|gametype|singles\n|player|p1|Kaz|#splxviclassiest2|\n|player|p2|shiloh|#splxvitigers2|\n|teamsize|p1|6\n|teamsize|p2|6\n|gen|1\n|tier|[Gen 1] OU\n|rule|Desync Clause Mod: Desyncs changed to move failure.\n|rule|Sleep Clause Mod: Limit one foe put to sleep\n|rule|Freeze Clause Mod: Limit one foe frozen\n|rule|Species Clause: Limit one of each Pokémon\n|rule|OHKO Clause: OHKO moves are banned\n|rule|Evasion Moves Clause: Evasion moves are banned\n|rule|Endless Battle Clause: Forcing endless battles is banned\n|rule|HP Percentage Mod: HP is shown in percentages\n|\n|t:|1743958476\n|start\n|switch|p1a: Jynx|Jynx|100/100\n|switch|p2a: 21-68|Starmie|100/100\n|turn|1\n|c|☆Kaz|hf\n|\n|t:|1743958506\n|move|p2a: 21-68|Thunder Wave|p1a: Jynx\n|-status|p1a: Jynx|par\n|move|p1a: Jynx|Lovely Kiss|p2a: 21-68\n|-status|p2a: 21-68|slp|[from] move: Lovely Kiss\n|\n|upkeep\n|turn|2\n|\n|t:|1743958511\n|switch|p2a: 64-448 / 27-192|Chansey|100/100\n|switch|p1a: Chansey|Chansey|100/100\n|\n|upkeep\n|turn|3\n|\n|t:|1743958516\n|move|p1a: Chansey|Thunder Wave|p2a: 64-448 / 27-192\n|-status|p2a: 64-448 / 27-192|par\n|move|p2a: 64-448 / 27-192|Ice Beam|p1a: Chansey\n|-crit|p1a: Chansey\n|-damage|p1a: Chansey|78/100\n|\n|upkeep\n|turn|4\n|\n|t:|1743958524\n|switch|p1a: Jynx|Jynx|100/100 par\n|move|p2a: 64-448 / 27-192|Ice Beam|p1a: Jynx\n|-resisted|p1a: Jynx\n|-damage|p1a: Jynx|89/100 par\n|\n|upkeep\n|turn|5\n|\n|t:|1743958528\n|cant|p1a: Jynx|par\n|move|p2a: 64-448 / 27-192|Thunderbolt|p1a: Jynx\n|-damage|p1a: Jynx|66/100 par\n|\n|upkeep\n|turn|6\n|\n|t:|1743958531\n|switch|p1a: Snorlax|Snorlax|100/100\n|move|p2a: 64-448 / 27-192|Thunderbolt|p1a: Snorlax\n|-damage|p1a: Snorlax|82/100\n|\n|upkeep\n|turn|7\n|\n|t:|1743958541\n|switch|p2a: 35-138|Exeggutor|100/100\n|move|p1a: Snorlax|Reflect|p1a: Snorlax\n|-start|p1a: Snorlax|Reflect\n|\n|upkeep\n|turn|8\n|rated|Smogon Premier League\n|inactive|Kaz has 270 seconds left.\n|\n|t:|1743958575\n|switch|p1a: Jynx|Jynx|66/100 par\n|move|p2a: 35-138|Psychic|p1a: Jynx\n|-resisted|p1a: Jynx\n|-damage|p1a: Jynx|47/100 par\n|\n|upkeep\n|turn|9\n|\n|t:|1743958579\n|switch|p1a: Starmie|Starmie|100/100\n|move|p2a: 35-138|Hyper Beam|p1a: Starmie\n|-damage|p1a: Starmie|60/100\n|-mustrecharge|p2a: 35-138\n|\n|upkeep\n|turn|10\n|\n|t:|1743958593\n|move|p1a: Starmie|Thunder Wave|p2a: 35-138\n|-status|p2a: 35-138|par\n|cant|p2a: 35-138|recharge\n|\n|upkeep\n|turn|11\n|inactive|Kaz has 270 seconds left.\n|\n|t:|1743958621\n|move|p1a: Starmie|Blizzard|p2a: 35-138\n|-supereffective|p2a: 35-138\n|-damage|p2a: 35-138|62/100 par\n|move|p2a: 35-138|Sleep Powder|p1a: Starmie\n|-status|p1a: Starmie|slp|[from] move: Sleep Powder\n|\n|upkeep\n|turn|12\n|inactive|Kaz has 270 seconds left.\n|inactive|shiloh has 270 seconds left.\n|inactive|Kaz has 240 seconds left.\n|inactive|shiloh has 240 seconds left.\n|\n|t:|1743958703\n|switch|p1a: Chansey|Chansey|78/100\n|switch|p2a: 28-98 STORMBLESSED|Tauros|100/100\n|\n|upkeep\n|turn|13\n|\n|t:|1743958713\n|switch|p2a: 64-448 / 27-192|Chansey|100/100 par\n|switch|p1a: Snorlax|Snorlax|82/100\n|\n|upkeep\n|turn|14\n|\n|t:|1743958719\n|switch|p2a: 51-268 / 2-12|Snorlax|100/100\n|move|p1a: Snorlax|Body Slam|p2a: 51-268 / 2-12\n|-damage|p2a: 51-268 / 2-12|72/100\n|\n|upkeep\n|turn|15\n|\n|t:|1743958722\n|move|p2a: 51-268 / 2-12|Body Slam|p1a: Snorlax\n|-damage|p1a: Snorlax|57/100\n|move|p1a: Snorlax|Reflect|p1a: Snorlax\n|-start|p1a: Snorlax|Reflect\n|\n|upkeep\n|turn|16\n|\n|t:|1743958751\n|move|p1a: Snorlax|Rest|p1a: Snorlax\n|-status|p1a: Snorlax|slp|[from] move: Rest\n|-heal|p1a: Snorlax|100/100 slp|[silent]\n|move|p2a: 51-268 / 2-12|Reflect|p2a: 51-268 / 2-12\n|-start|p2a: 51-268 / 2-12|Reflect\n|\n|upkeep\n|turn|17\n|\n|t:|1743958758\n|cant|p1a: Snorlax|slp\n|move|p2a: 51-268 / 2-12|Body Slam|p1a: Snorlax\n|-damage|p1a: Snorlax|87/100 slp\n|\n|upkeep\n|turn|18\n|\n|t:|1743958760\n|move|p2a: 51-268 / 2-12|Body Slam|p1a: Snorlax\n|-crit|p1a: Snorlax\n|-damage|p1a: Snorlax|33/100 slp\n|-curestatus|p1a: Snorlax|slp|[msg]\n|\n|upkeep\n|turn|19\n|inactive|Kaz has 240 seconds left.\n|inactive|shiloh has 270 seconds left.\n|\n|t:|1743958795\n|move|p1a: Snorlax|Body Slam|p2a: 51-268 / 2-12\n|-damage|p2a: 51-268 / 2-12|60/100\n|move|p2a: 51-268 / 2-12|Body Slam|p1a: Snorlax\n|-damage|p1a: Snorlax|18/100\n|\n|upkeep\n|turn|20\n|\n|t:|1743958805\n|switch|p2a: 19-58|Alakazam|100/100\n|move|p1a: Snorlax|Rest|p1a: Snorlax\n|-status|p1a: Snorlax|slp|[from] move: Rest\n|-heal|p1a: Snorlax|100/100 slp|[silent]\n|\n|upkeep\n|turn|21\n|\n|t:|1743958815\n|switch|p1a: Chansey|Chansey|78/100\n|move|p2a: 19-58|Thunder Wave|p1a: Chansey\n|-status|p1a: Chansey|par\n|\n|upkeep\n|turn|22\n|\n|t:|1743958838\n|switch|p2a: 64-448 / 27-192|Chansey|100/100 par\n|move|p1a: Chansey|Thunder Wave|p2a: 64-448 / 27-192\n|-fail|p2a: 64-448 / 27-192|par\n|\n|upkeep\n|turn|23\n|\n|t:|1743958849\n|cant|p2a: 64-448 / 27-192|par\n|move|p1a: Chansey|Thunder Wave|p2a: 64-448 / 27-192\n|-fail|p2a: 64-448 / 27-192|par\n|\n|upkeep\n|turn|24\n|\n|t:|1743958852\n|switch|p2a: 51-268 / 2-12|Snorlax|60/100\n|move|p1a: Chansey|Ice Beam|p2a: 51-268 / 2-12\n|-damage|p2a: 51-268 / 2-12|42/100\n|\n|upkeep\n|turn|25\n|inactive|Kaz has 270 seconds left.\n|\n|t:|1743958874\n|switch|p1a: Rhydon|Rhydon|100/100\n|move|p2a: 51-268 / 2-12|Body Slam|p1a: Rhydon\n|-resisted|p1a: Rhydon\n|-damage|p1a: Rhydon|89/100\n|\n|upkeep\n|turn|26\n|inactive|shiloh has 270 seconds left.\n|inactive|shiloh has 240 seconds left.\n|inactive|Kaz has 240 seconds left.\n|\n|t:|1743958951\n|switch|p2a: 35-138|Exeggutor|62/100 par\n|move|p1a: Rhydon|Earthquake|p2a: 35-138\n|-resisted|p2a: 35-138\n|-damage|p2a: 35-138|44/100 par\n|\n|upkeep\n|turn|27\n|inactive|shiloh has 240 seconds left.\n|inactive|Kaz has 210 seconds left.\n|inactive|shiloh has 210 seconds left.\n|inactive|Kaz has 180 seconds left.\n|inactive|Kaz has 150 seconds left.\n|inactive|Kaz has 120 seconds left.\n|\n|t:|1743959065\n|switch|p1a: Jynx|Jynx|47/100 par\n|switch|p2a: 28-98 STORMBLESSED|Tauros|100/100\n|\n|upkeep\n|turn|28\n|inactive|Kaz has 120 seconds left.\n|inactive|shiloh has 180 seconds left.\n|inactive|Kaz has 90 seconds left.\n|\n|t:|1743959123\n|switch|p1a: Starmie|Starmie|60/100 slp\n|move|p2a: 28-98 STORMBLESSED|Body Slam|p1a: Starmie\n|-damage|p1a: Starmie|27/100 slp\n|\n|upkeep\n|turn|29\n|\n|t:|1743959125\n|-curestatus|p1a: Starmie|slp|[msg]\n|move|p2a: 28-98 STORMBLESSED|Body Slam|p1a: Starmie\n|-damage|p1a: Starmie|0 fnt\n|faint|p1a: Starmie\n|\n|t:|1743959133\n|switch|p1a: Tauros|Tauros|100/100\n|turn|30\n|inactive|shiloh has 180 seconds left.\n|\n|t:|1743959178\n|move|p1a: Tauros|Body Slam|p2a: 28-98 STORMBLESSED\n|-damage|p2a: 28-98 STORMBLESSED|73/100\n|move|p2a: 28-98 STORMBLESSED|Blizzard|p1a: Tauros\n|-damage|p1a: Tauros|73/100\n|\n|upkeep\n|turn|31\n|inactive|Kaz has 90 seconds left.\n|\n|t:|1743959200\n|move|p2a: 28-98 STORMBLESSED|Body Slam|p1a: Tauros\n|-crit|p1a: Tauros\n|-damage|p1a: Tauros|12/100\n|move|p1a: Tauros|Body Slam|p2a: 28-98 STORMBLESSED\n|-damage|p2a: 28-98 STORMBLESSED|41/100\n|\n|upkeep\n|turn|32\n|inactive|shiloh has 150 seconds left.\n|inactive|Kaz has 60 seconds left.\n|\n|t:|1743959238\n|move|p2a: 28-98 STORMBLESSED|Body Slam|p1a: Tauros\n|-crit|p1a: Tauros\n|-damage|p1a: Tauros|0 fnt\n|faint|p1a: Tauros\n|inactive|Kaz has 60 seconds left.\n|inactive|Kaz has 30 seconds left.\n|\n|t:|1743959277\n|switch|p1a: Chansey|Chansey|78/100 par\n|turn|33\n|inactive|shiloh has 120 seconds left.\n|inactive|shiloh has 90 seconds left.\n|\n|t:|1743959344\n|switch|p2a: 64-448 / 27-192|Chansey|100/100 par\n|move|p1a: Chansey|Thunder Wave|p2a: 64-448 / 27-192\n|-fail|p2a: 64-448 / 27-192|par\n|\n|upkeep\n|turn|34\n|inactive|shiloh has 90 seconds left.\n|\n|t:|1743959349\n|move|p1a: Chansey|Soft-Boiled|p1a: Chansey\n|-heal|p1a: Chansey|100/100 par\n|move|p2a: 64-448 / 27-192|Ice Beam|p1a: Chansey\n|-damage|p1a: Chansey|89/100 par\n|\n|upkeep\n|turn|35\n|\n|t:|1743959354\n|switch|p1a: Snorlax|Snorlax|100/100 slp\n|move|p2a: 64-448 / 27-192|Ice Beam|p1a: Snorlax\n|-crit|p1a: Snorlax\n|-damage|p1a: Snorlax|65/100 slp\n|\n|upkeep\n|turn|36\n|inactive|shiloh has 90 seconds left.\n|\n|t:|1743959375\n|switch|p2a: 28-98 STORMBLESSED|Tauros|41/100\n|cant|p1a: Snorlax|slp\n|\n|upkeep\n|turn|37\n|\n|t:|1743959380\n|move|p2a: 28-98 STORMBLESSED|Body Slam|p1a: Snorlax\n|-damage|p1a: Snorlax|40/100 slp\n|-curestatus|p1a: Snorlax|slp|[msg]\n|\n|upkeep\n|turn|38\n|inactive|Kaz has 60 seconds left.\n|\n|t:|1743959414\n|switch|p1a: Rhydon|Rhydon|89/100\n|move|p2a: 28-98 STORMBLESSED|Hyper Beam|p1a: Rhydon\n|-resisted|p1a: Rhydon\n|-damage|p1a: Rhydon|70/100\n|-mustrecharge|p2a: 28-98 STORMBLESSED\n|\n|upkeep\n|turn|39\n|\n|t:|1743959420\n|cant|p2a: 28-98 STORMBLESSED|recharge\n|move|p1a: Rhydon|Earthquake|p2a: 28-98 STORMBLESSED\n|-damage|p2a: 28-98 STORMBLESSED|2/100\n|\n|upkeep\n|turn|40\n|inactive|Kaz has 60 seconds left.\n|\n|t:|1743959457\n|move|p2a: 28-98 STORMBLESSED|Blizzard|p1a: Rhydon\n|-supereffective|p1a: Rhydon\n|-damage|p1a: Rhydon|17/100\n|move|p1a: Rhydon|Earthquake|p2a: 28-98 STORMBLESSED\n|-damage|p2a: 28-98 STORMBLESSED|0 fnt\n|faint|p2a: 28-98 STORMBLESSED\n|inactive|shiloh has 90 seconds left.\n|\n|t:|1743959473\n|switch|p2a: 19-58|Alakazam|100/100\n|turn|41\n|\n|t:|1743959476\n|switch|p1a: Chansey|Chansey|89/100 par\n|move|p2a: 19-58|Psychic|p1a: Chansey\n|-damage|p1a: Chansey|72/100 par\n|\n|upkeep\n|turn|42\n|inactive|Kaz has 60 seconds left.\n|inactive|shiloh has 90 seconds left.\n|\n|t:|1743959498\n|move|p2a: 19-58|Psychic|p1a: Chansey\n|-damage|p1a: Chansey|54/100 par\n|move|p1a: Chansey|Thunder Wave|p2a: 19-58\n|-status|p2a: 19-58|par\n|\n|upkeep\n|turn|43\n|\n|t:|1743959520\n|move|p2a: 19-58|Psychic|p1a: Chansey\n|-damage|p1a: Chansey|36/100 par\n|move|p1a: Chansey|Soft-Boiled|p1a: Chansey\n|-heal|p1a: Chansey|86/100 par\n|\n|upkeep\n|turn|44\n|\n|t:|1743959525\n|move|p2a: 19-58|Psychic|p1a: Chansey\n|-damage|p1a: Chansey|68/100 par\n|move|p1a: Chansey|Ice Beam|p2a: 19-58\n|-damage|p2a: 19-58|81/100 par\n|\n|upkeep\n|turn|45\n|\n|t:|1743959528\n|move|p2a: 19-58|Psychic|p1a: Chansey\n|-crit|p1a: Chansey\n|-damage|p1a: Chansey|33/100 par\n|move|p1a: Chansey|Soft-Boiled|p1a: Chansey\n|-heal|p1a: Chansey|83/100 par\n|\n|upkeep\n|turn|46\n|inactive|Kaz has 60 seconds left.\n|\n|t:|1743959539\n|move|p2a: 19-58|Psychic|p1a: Chansey\n|-damage|p1a: Chansey|63/100 par\n|move|p1a: Chansey|Soft-Boiled|p1a: Chansey\n|-heal|p1a: Chansey|100/100 par\n|\n|upkeep\n|turn|47\n|inactive|Kaz has 60 seconds left.\n|\n|t:|1743959554\n|cant|p2a: 19-58|par\n|move|p1a: Chansey|Ice Beam|p2a: 19-58\n|-damage|p2a: 19-58|61/100 par\n|\n|upkeep\n|turn|48\n|inactive|Kaz has 60 seconds left.\n|\n|t:|1743959593\n|switch|p1a: Rhydon|Rhydon|17/100\n|move|p2a: 19-58|Recover|p2a: 19-58\n|-heal|p2a: 19-58|100/100 par\n|\n|upkeep\n|turn|49\n|\n|t:|1743959601\n|move|p1a: Rhydon|Earthquake|p2a: 19-58\n|-damage|p2a: 19-58|24/100 par\n|move|p2a: 19-58|Psychic|p1a: Rhydon\n|-damage|p1a: Rhydon|0 fnt\n|faint|p1a: Rhydon\n|\n|t:|1743959604\n|switch|p1a: Snorlax|Snorlax|40/100\n|turn|50\n|\n|t:|1743959607\n|switch|p2a: 21-68|Starmie|100/100 slp\n|move|p1a: Snorlax|Body Slam|p2a: 21-68\n|-damage|p2a: 21-68|64/100 slp\n|\n|upkeep\n|turn|51\n|inactive|Kaz has 60 seconds left.\n|\n|t:|1743959617\n|-curestatus|p2a: 21-68|slp|[msg]\n|move|p1a: Snorlax|Body Slam|p2a: 21-68\n|-damage|p2a: 21-68|24/100\n|-status|p2a: 21-68|par\n|\n|upkeep\n|turn|52\n|inactive|Kaz has 60 seconds left.\n|inactive|shiloh has 180 seconds left.\n|\n|t:|1743959631\n|move|p1a: Snorlax|Body Slam|p2a: 21-68\n|-crit|p2a: 21-68\n|-damage|p2a: 21-68|0 fnt\n|faint|p2a: 21-68\n|\n|t:|1743959632\n|switch|p2a: 35-138|Exeggutor|44/100 par\n|turn|53\n|\n|t:|1743959647\n|move|p1a: Snorlax|Hyper Beam|p2a: 35-138\n|-damage|p2a: 35-138|0 fnt\n|faint|p2a: 35-138\n|inactive|shiloh has 180 seconds left.\n|\n|t:|1743959663\n|switch|p2a: 64-448 / 27-192|Chansey|100/100 par\n|turn|54\n|inactive|Kaz has 60 seconds left.\n|\n|t:|1743959695\n|move|p1a: Snorlax|Rest|p1a: Snorlax\n|-status|p1a: Snorlax|slp|[from] move: Rest\n|-heal|p1a: Snorlax|100/100 slp|[silent]\n|move|p2a: 64-448 / 27-192|Thunder Wave|p1a: Snorlax\n|-fail|p1a: Snorlax\n|\n|upkeep\n|turn|55\n|\n|t:|1743959702\n|switch|p2a: 51-268 / 2-12|Snorlax|42/100\n|cant|p1a: Snorlax|slp\n|\n|upkeep\n|turn|56\n|inactive|Kaz has 60 seconds left.\n|\n|t:|1743959727\n|move|p2a: 51-268 / 2-12|Reflect|p2a: 51-268 / 2-12\n|-start|p2a: 51-268 / 2-12|Reflect\n|-curestatus|p1a: Snorlax|slp|[msg]\n|\n|upkeep\n|turn|57\n|\n|t:|1743959733\n|move|p1a: Snorlax|Reflect|p1a: Snorlax\n|-start|p1a: Snorlax|Reflect\n|move|p2a: 51-268 / 2-12|Rest|p2a: 51-268 / 2-12\n|-status|p2a: 51-268 / 2-12|slp|[from] move: Rest\n|-heal|p2a: 51-268 / 2-12|100/100 slp|[silent]\n|\n|upkeep\n|turn|58\n|inactive|Kaz has 60 seconds left.\n|\n|t:|1743959743\n|switch|p1a: Chansey|Chansey|100/100 par\n|cant|p2a: 51-268 / 2-12|slp\n|\n|upkeep\n|turn|59\n|\n|t:|1743959746\n|-curestatus|p2a: 51-268 / 2-12|slp|[msg]\n|move|p1a: Chansey|Thunder Wave|p2a: 51-268 / 2-12\n|-status|p2a: 51-268 / 2-12|par\n|\n|upkeep\n|turn|60\n|\n|t:|1743959749\n|switch|p1a: Snorlax|Snorlax|100/100\n|move|p2a: 51-268 / 2-12|Body Slam|p1a: Snorlax\n|-damage|p1a: Snorlax|75/100\n|\n|upkeep\n|turn|61\n|\n|t:|1743959751\n|move|p1a: Snorlax|Reflect|p1a: Snorlax\n|-start|p1a: Snorlax|Reflect\n|move|p2a: 51-268 / 2-12|Body Slam|p1a: Snorlax\n|-damage|p1a: Snorlax|62/100\n|\n|upkeep\n|turn|62\n|\n|t:|1743959754\n|move|p1a: Snorlax|Body Slam|p2a: 51-268 / 2-12\n|-damage|p2a: 51-268 / 2-12|88/100 par\n|cant|p2a: 51-268 / 2-12|par\n|\n|upkeep\n|turn|63\n|\n|t:|1743959758\n|move|p1a: Snorlax|Body Slam|p2a: 51-268 / 2-12\n|-damage|p2a: 51-268 / 2-12|74/100 par\n|move|p2a: 51-268 / 2-12|Rest|p2a: 51-268 / 2-12\n|-status|p2a: 51-268 / 2-12|slp|[from] move: Rest\n|-heal|p2a: 51-268 / 2-12|100/100 slp|[silent]\n|\n|upkeep\n|turn|64\n|inactive|Kaz has 90 seconds left.\n|\n|t:|1743959789\n|move|p1a: Snorlax|Rest|p1a: Snorlax\n|-status|p1a: Snorlax|slp|[from] move: Rest\n|-heal|p1a: Snorlax|100/100 slp|[silent]\n|cant|p2a: 51-268 / 2-12|slp\n|\n|upkeep\n|turn|65\n|\n|t:|1743959801\n|cant|p1a: Snorlax|slp\n|-curestatus|p2a: 51-268 / 2-12|slp|[msg]\n|\n|upkeep\n|turn|66\n|\n|t:|1743959803\n|-curestatus|p1a: Snorlax|slp|[msg]\n|move|p2a: 51-268 / 2-12|Body Slam|p1a: Snorlax\n|-damage|p1a: Snorlax|87/100\n|\n|upkeep\n|turn|67\n|\n|t:|1743959805\n|move|p1a: Snorlax|Reflect|p1a: Snorlax\n|-fail|p1a: Snorlax\n|move|p2a: 51-268 / 2-12|Body Slam|p1a: Snorlax\n|-damage|p1a: Snorlax|74/100\n|\n|upkeep\n|turn|68\n|\n|t:|1743959814\n|move|p1a: Snorlax|Body Slam|p2a: 51-268 / 2-12\n|-damage|p2a: 51-268 / 2-12|87/100\n|move|p2a: 51-268 / 2-12|Reflect|p2a: 51-268 / 2-12\n|-fail|p2a: 51-268 / 2-12\n|\n|upkeep\n|turn|69\n|inactive|Kaz has 120 seconds left.\n|inactive|shiloh has 270 seconds left.\n|\n|t:|1743959845\n|move|p1a: Snorlax|Rest|p1a: Snorlax\n|-status|p1a: Snorlax|slp|[from] move: Rest\n|-heal|p1a: Snorlax|100/100 slp|[silent]\n|move|p2a: 51-268 / 2-12|Rest|p2a: 51-268 / 2-12\n|-status|p2a: 51-268 / 2-12|slp|[from] move: Rest\n|-heal|p2a: 51-268 / 2-12|100/100 slp|[silent]\n|\n|upkeep\n|turn|70\n|\n|t:|1743959847\n|cant|p1a: Snorlax|slp\n|cant|p2a: 51-268 / 2-12|slp\n|\n|upkeep\n|turn|71\n|\n|t:|1743959850\n|-curestatus|p1a: Snorlax|slp|[msg]\n|-curestatus|p2a: 51-268 / 2-12|slp|[msg]\n|\n|upkeep\n|turn|72\n|\n|t:|1743959855\n|move|p1a: Snorlax|Reflect|p1a: Snorlax\n|-fail|p1a: Snorlax\n|move|p2a: 51-268 / 2-12|Reflect|p2a: 51-268 / 2-12\n|-fail|p2a: 51-268 / 2-12\n|\n|upkeep\n|turn|73\n|\n|t:|1743959858\n|move|p1a: Snorlax|Reflect|p1a: Snorlax\n|-fail|p1a: Snorlax\n|move|p2a: 51-268 / 2-12|Reflect|p2a: 51-268 / 2-12\n|-fail|p2a: 51-268 / 2-12\n|\n|upkeep\n|turn|74\n|\n|t:|1743959866\n|move|p1a: Snorlax|Reflect|p1a: Snorlax\n|-fail|p1a: Snorlax\n|move|p2a: 51-268 / 2-12|Reflect|p2a: 51-268 / 2-12\n|-fail|p2a: 51-268 / 2-12\n|\n|upkeep\n|turn|75\n|\n|t:|1743959868\n|move|p1a: Snorlax|Reflect|p1a: Snorlax\n|-fail|p1a: Snorlax\n|move|p2a: 51-268 / 2-12|Reflect|p2a: 51-268 / 2-12\n|-fail|p2a: 51-268 / 2-12\n|\n|upkeep\n|turn|76\n|\n|t:|1743959891\n|move|p1a: Snorlax|Body Slam|p2a: 51-268 / 2-12\n|-damage|p2a: 51-268 / 2-12|87/100\n|move|p2a: 51-268 / 2-12|Reflect|p2a: 51-268 / 2-12\n|-fail|p2a: 51-268 / 2-12\n|\n|upkeep\n|turn|77\n|inactive|Kaz has 150 seconds left.\n|\n|t:|1743959924\n|move|p1a: Snorlax|Hyper Beam|p2a: 51-268 / 2-12\n|-damage|p2a: 51-268 / 2-12|64/100\n|-mustrecharge|p1a: Snorlax\n|move|p2a: 51-268 / 2-12|Reflect|p2a: 51-268 / 2-12\n|-fail|p2a: 51-268 / 2-12\n|\n|upkeep\n|turn|78\n|\n|t:|1743959932\n|cant|p1a: Snorlax|recharge\n|move|p2a: 51-268 / 2-12|Rest|p2a: 51-268 / 2-12\n|-status|p2a: 51-268 / 2-12|slp|[from] move: Rest\n|-heal|p2a: 51-268 / 2-12|100/100 slp|[silent]\n|\n|upkeep\n|turn|79\n|inactive|Kaz has 150 seconds left.\n|\n|t:|1743959948\n|switch|p1a: Jynx|Jynx|47/100 par\n|cant|p2a: 51-268 / 2-12|slp\n|\n|upkeep\n|turn|80\n|inactive|Kaz has 150 seconds left.\n|\n|t:|1743959959\n|switch|p2a: 64-448 / 27-192|Chansey|100/100 par\n|move|p1a: Jynx|Blizzard|p2a: 64-448 / 27-192\n|-damage|p2a: 64-448 / 27-192|83/100 par\n|\n|upkeep\n|turn|81\n|inactive|Kaz has 150 seconds left.\n|\n|t:|1743959969\n|move|p1a: Jynx|Rest|p1a: Jynx\n|-status|p1a: Jynx|slp|[from] move: Rest\n|-heal|p1a: Jynx|100/100 slp|[silent]\n|cant|p2a: 64-448 / 27-192|par\n|\n|upkeep\n|turn|82\n|\n|t:|1743959976\n|cant|p1a: Jynx|slp\n|move|p2a: 64-448 / 27-192|Thunder Wave|p1a: Jynx\n|-fail|p1a: Jynx\n|\n|upkeep\n|turn|83\n|\n|t:|1743959980\n|switch|p1a: Chansey|Chansey|100/100 par\n|cant|p2a: 64-448 / 27-192|par\n|\n|upkeep\n|turn|84\n|\n|t:|1743959991\n|move|p2a: 64-448 / 27-192|Thunderbolt|p1a: Chansey\n|-damage|p1a: Chansey|91/100 par\n|move|p1a: Chansey|Ice Beam|p2a: 64-448 / 27-192\n|-damage|p2a: 64-448 / 27-192|72/100 par\n|\n|upkeep\n|turn|85\n|\n|t:|1743960009\n|cant|p1a: Chansey|par\n|move|p2a: 64-448 / 27-192|Soft-Boiled|p2a: 64-448 / 27-192\n|-heal|p2a: 64-448 / 27-192|100/100 par\n|\n|upkeep\n|turn|86\n|\n|t:|1743960013\n|move|p2a: 64-448 / 27-192|Thunderbolt|p1a: Chansey\n|-damage|p1a: Chansey|79/100 par\n|move|p1a: Chansey|Ice Beam|p2a: 64-448 / 27-192\n|-damage|p2a: 64-448 / 27-192|90/100 par\n|\n|upkeep\n|turn|87\n|\n|t:|1743960015\n|move|p1a: Chansey|Ice Beam|p2a: 64-448 / 27-192\n|-damage|p2a: 64-448 / 27-192|80/100 par\n|cant|p2a: 64-448 / 27-192|par\n|\n|upkeep\n|turn|88\n|\n|t:|1743960019\n|move|p2a: 64-448 / 27-192|Ice Beam|p1a: Chansey\n|-damage|p1a: Chansey|69/100 par\n|cant|p1a: Chansey|par\n|\n|upkeep\n|turn|89\n|\n|t:|1743960025\n|switch|p2a: 19-58|Alakazam|24/100 par\n|move|p1a: Chansey|Soft-Boiled|p1a: Chansey\n|-heal|p1a: Chansey|100/100 par\n|\n|upkeep\n|turn|90\n|\n|t:|1743960027\n|switch|p1a: Snorlax|Snorlax|100/100\n|move|p2a: 19-58|Recover|p2a: 19-58\n|-heal|p2a: 19-58|74/100 par\n|\n|upkeep\n|turn|91\n|\n|t:|1743960035\n|switch|p2a: 51-268 / 2-12|Snorlax|100/100 slp\n|move|p1a: Snorlax|Body Slam|p2a: 51-268 / 2-12\n|-damage|p2a: 51-268 / 2-12|72/100 slp\n|\n|upkeep\n|turn|92\n|\n|t:|1743960038\n|move|p1a: Snorlax|Body Slam|p2a: 51-268 / 2-12\n|-damage|p2a: 51-268 / 2-12|44/100 slp\n|-curestatus|p2a: 51-268 / 2-12|slp|[msg]\n|\n|upkeep\n|turn|93\n|inactive|Kaz has 240 seconds left.\n|\n|t:|1743960060\n|move|p2a: 51-268 / 2-12|Reflect|p2a: 51-268 / 2-12\n|-start|p2a: 51-268 / 2-12|Reflect\n|move|p1a: Snorlax|Hyper Beam|p2a: 51-268 / 2-12\n|-damage|p2a: 51-268 / 2-12|19/100\n|-mustrecharge|p1a: Snorlax\n|\n|upkeep\n|turn|94\n|\n|t:|1743960065\n|move|p2a: 51-268 / 2-12|Rest|p2a: 51-268 / 2-12\n|-status|p2a: 51-268 / 2-12|slp|[from] move: Rest\n|-heal|p2a: 51-268 / 2-12|100/100 slp|[silent]\n|cant|p1a: Snorlax|recharge\n|\n|upkeep\n|turn|95\n|\n|t:|1743960070\n|switch|p1a: Jynx|Jynx|100/100 slp\n|cant|p2a: 51-268 / 2-12|slp\n|\n|upkeep\n|turn|96\n|\n|t:|1743960077\n|-curestatus|p1a: Jynx|slp|[msg]\n|-curestatus|p2a: 51-268 / 2-12|slp|[msg]\n|\n|upkeep\n|turn|97\n|\n|t:|1743960080\n|switch|p1a: Snorlax|Snorlax|100/100\n|switch|p2a: 64-448 / 27-192|Chansey|80/100 par\n|\n|upkeep\n|turn|98\n|\n|t:|1743960086\n|switch|p2a: 51-268 / 2-12|Snorlax|100/100\n|move|p1a: Snorlax|Body Slam|p2a: 51-268 / 2-12\n|-damage|p2a: 51-268 / 2-12|76/100\n|\n|upkeep\n|turn|99\n|\n|t:|1743960097\n|move|p2a: 51-268 / 2-12|Reflect|p2a: 51-268 / 2-12\n|-start|p2a: 51-268 / 2-12|Reflect\n|move|p1a: Snorlax|Body Slam|p2a: 51-268 / 2-12\n|-damage|p2a: 51-268 / 2-12|63/100\n|\n|upkeep\n|turn|100\n|\n|t:|1743960100\n|move|p1a: Snorlax|Reflect|p1a: Snorlax\n|-start|p1a: Snorlax|Reflect\n|move|p2a: 51-268 / 2-12|Rest|p2a: 51-268 / 2-12\n|-status|p2a: 51-268 / 2-12|slp|[from] move: Rest\n|-heal|p2a: 51-268 / 2-12|100/100 slp|[silent]\n|\n|upkeep\n|turn|101\n|\n|t:|1743960103\n|switch|p1a: Jynx|Jynx|100/100\n|cant|p2a: 51-268 / 2-12|slp\n|\n|upkeep\n|turn|102\n|\n|t:|1743960111\n|switch|p2a: 64-448 / 27-192|Chansey|80/100 par\n|move|p1a: Jynx|Psychic|p2a: 64-448 / 27-192\n|-damage|p2a: 64-448 / 27-192|67/100 par\n|\n|upkeep\n|turn|103\n|\n|t:|1743960118\n|switch|p1a: Snorlax|Snorlax|100/100\n|move|p2a: 64-448 / 27-192|Thunder Wave|p1a: Snorlax\n|-status|p1a: Snorlax|par\n|\n|upkeep\n|turn|104\n|\n|t:|1743960123\n|switch|p2a: 51-268 / 2-12|Snorlax|100/100 slp\n|switch|p1a: Jynx|Jynx|100/100\n|\n|upkeep\n|turn|105\n|\n|t:|1743960125\n|switch|p2a: 64-448 / 27-192|Chansey|67/100 par\n|move|p1a: Jynx|Psychic|p2a: 64-448 / 27-192\n|-damage|p2a: 64-448 / 27-192|54/100 par\n|-unboost|p2a: 64-448 / 27-192|spa|1\n|-unboost|p2a: 64-448 / 27-192|spd|1\n|\n|upkeep\n|turn|106\n|\n|t:|1743960148\n|move|p1a: Jynx|Blizzard|p2a: 64-448 / 27-192|[miss]\n|-miss|p1a: Jynx\n|move|p2a: 64-448 / 27-192|Soft-Boiled|p2a: 64-448 / 27-192\n|-heal|p2a: 64-448 / 27-192|100/100 par\n|\n|upkeep\n|turn|107\n|\n|t:|1743960165\n|switch|p1a: Snorlax|Snorlax|100/100 par\n|cant|p2a: 64-448 / 27-192|par\n|\n|upkeep\n|turn|108\n|\n|t:|1743960169\n|switch|p2a: 51-268 / 2-12|Snorlax|100/100 slp\n|move|p1a: Snorlax|Reflect|p1a: Snorlax\n|-start|p1a: Snorlax|Reflect\n|\n|upkeep\n|turn|109\n|\n|t:|1743960171\n|-curestatus|p2a: 51-268 / 2-12|slp|[msg]\n|cant|p1a: Snorlax|par\n|\n|upkeep\n|turn|110\n|\n|t:|1743960174\n|move|p2a: 51-268 / 2-12|Reflect|p2a: 51-268 / 2-12\n|-start|p2a: 51-268 / 2-12|Reflect\n|move|p1a: Snorlax|Reflect|p1a: Snorlax\n|-fail|p1a: Snorlax\n|\n|upkeep\n|turn|111\n|\n|t:|1743960177\n|move|p2a: 51-268 / 2-12|Reflect|p2a: 51-268 / 2-12\n|-fail|p2a: 51-268 / 2-12\n|cant|p1a: Snorlax|par\n|\n|upkeep\n|turn|112\n|\n|t:|1743960180\n|move|p2a: 51-268 / 2-12|Reflect|p2a: 51-268 / 2-12\n|-fail|p2a: 51-268 / 2-12\n|cant|p1a: Snorlax|par\n|\n|upkeep\n|turn|113\n|\n|t:|1743960184\n|move|p2a: 51-268 / 2-12|Body Slam|p1a: Snorlax\n|-damage|p1a: Snorlax|88/100 par\n|move|p1a: Snorlax|Reflect|p1a: Snorlax\n|-fail|p1a: Snorlax\n|\n|upkeep\n|turn|114\n|\n|t:|1743960186\n|move|p2a: 51-268 / 2-12|Body Slam|p1a: Snorlax\n|-damage|p1a: Snorlax|74/100 par\n|move|p1a: Snorlax|Reflect|p1a: Snorlax\n|-fail|p1a: Snorlax\n|\n|upkeep\n|turn|115\n|\n|t:|1743960195\n|move|p2a: 51-268 / 2-12|Body Slam|p1a: Snorlax\n|-damage|p1a: Snorlax|61/100 par\n|cant|p1a: Snorlax|par\n|\n|upkeep\n|turn|116\n|\n|t:|1743960199\n|move|p2a: 51-268 / 2-12|Body Slam|p1a: Snorlax\n|-damage|p1a: Snorlax|47/100 par\n|move|p1a: Snorlax|Rest|p1a: Snorlax\n|-status|p1a: Snorlax|slp|[from] move: Rest\n|-heal|p1a: Snorlax|100/100 slp|[silent]\n|\n|upkeep\n|turn|117\n|\n|t:|1743960203\n|switch|p2a: 19-58|Alakazam|74/100 par\n|cant|p1a: Snorlax|slp\n|\n|upkeep\n|turn|118\n|\n|t:|1743960223\n|switch|p1a: Chansey|Chansey|100/100 par\n|cant|p2a: 19-58|par\n|\n|upkeep\n|turn|119\n|\n|t:|1743960238\n|cant|p2a: 19-58|par\n|move|p1a: Chansey|Ice Beam|p2a: 19-58\n|-damage|p2a: 19-58|53/100 par\n|\n|upkeep\n|turn|120\n|\n|t:|1743960241\n|switch|p1a: Snorlax|Snorlax|100/100 slp\n|move|p2a: 19-58|Recover|p2a: 19-58\n|-heal|p2a: 19-58|100/100 par\n|\n|upkeep\n|turn|121\n|\n|t:|1743960249\n|-curestatus|p1a: Snorlax|slp|[msg]\n|move|p2a: 19-58|Thunder Wave|p1a: Snorlax\n|-status|p1a: Snorlax|par\n|\n|upkeep\n|turn|122\n|\n|t:|1743960252\n|switch|p2a: 51-268 / 2-12|Snorlax|100/100\n|switch|p1a: Chansey|Chansey|100/100 par\n|\n|upkeep\n|turn|123\n|\n|t:|1743960256\n|switch|p1a: Snorlax|Snorlax|100/100 par\n|move|p2a: 51-268 / 2-12|Body Slam|p1a: Snorlax\n|-damage|p1a: Snorlax|74/100 par\n|\n|upkeep\n|turn|124\n|inactive|shiloh has 270 seconds left.\n|inactive|shiloh has 240 seconds left.\n|inactive|shiloh has 210 seconds left.\n|inactive|shiloh has 180 seconds left.\n|inactive|shiloh has 150 seconds left.\n|inactive|shiloh has 120 seconds left.\n|\n|t:|1743960461\n|move|p2a: 51-268 / 2-12|Self-Destruct|p1a: Snorlax\n|-damage|p1a: Snorlax|0 fnt\n|faint|p1a: Snorlax\n|faint|p2a: 51-268 / 2-12\n|inactive|shiloh has 90 seconds left.\n|inactive|shiloh has 60 seconds left.\n|\n|t:|1743960509\n|switch|p2a: 64-448 / 27-192|Chansey|100/100 par\n|switch|p1a: Jynx|Jynx|100/100\n|turn|125\n|\n|t:|1743960512\n|switch|p1a: Chansey|Chansey|100/100 par\n|move|p2a: 64-448 / 27-192|Thunderbolt|p1a: Chansey\n|-damage|p1a: Chansey|91/100 par\n|\n|upkeep\n|turn|126\n|\n|t:|1743960520\n|switch|p2a: 19-58|Alakazam|100/100 par\n|switch|p1a: Jynx|Jynx|100/100\n|\n|upkeep\n|turn|127\n|\n|t:|1743960522\n|switch|p1a: Chansey|Chansey|91/100 par\n|switch|p2a: 64-448 / 27-192|Chansey|100/100 par\n|\n|upkeep\n|turn|128\n|\n|t:|1743960525\n|switch|p2a: 19-58|Alakazam|100/100 par\n|switch|p1a: Jynx|Jynx|100/100\n|\n|upkeep\n|turn|129\n|\n|t:|1743960527\n|switch|p1a: Chansey|Chansey|91/100 par\n|switch|p2a: 64-448 / 27-192|Chansey|100/100 par\n|\n|upkeep\n|turn|130\n|\n|t:|1743960529\n|switch|p1a: Jynx|Jynx|100/100\n|cant|p2a: 64-448 / 27-192|par\n|\n|upkeep\n|turn|131\n|\n|t:|1743960531\n|switch|p1a: Chansey|Chansey|91/100 par\n|move|p2a: 64-448 / 27-192|Thunder Wave|p1a: Chansey\n|-fail|p1a: Chansey|par\n|\n|upkeep\n|turn|132\n|\n|t:|1743960534\n|switch|p1a: Jynx|Jynx|100/100\n|move|p2a: 64-448 / 27-192|Thunder Wave|p1a: Jynx\n|-status|p1a: Jynx|par\n|\n|upkeep\n|turn|133\n|\n|t:|1743960538\n|switch|p1a: Chansey|Chansey|91/100 par\n|switch|p2a: 19-58|Alakazam|100/100 par\n|\n|upkeep\n|turn|134\n|\n|t:|1743960540\n|switch|p1a: Jynx|Jynx|100/100 par\n|move|p2a: 19-58|Seismic Toss|p1a: Jynx\n|-damage|p1a: Jynx|70/100 par\n|\n|upkeep\n|turn|135\n|\n|t:|1743960543\n|move|p2a: 19-58|Seismic Toss|p1a: Jynx\n|-damage|p1a: Jynx|40/100 par\n|move|p1a: Jynx|Rest|p1a: Jynx\n|-status|p1a: Jynx|slp|[from] move: Rest\n|-heal|p1a: Jynx|100/100 slp|[silent]\n|\n|upkeep\n|turn|136\n|\n|t:|1743960545\n|cant|p2a: 19-58|par\n|cant|p1a: Jynx|slp\n|\n|upkeep\n|turn|137\n|\n|t:|1743960547\n|switch|p1a: Chansey|Chansey|91/100 par\n|move|p2a: 19-58|Seismic Toss|p1a: Chansey\n|-damage|p1a: Chansey|76/100 par\n|\n|upkeep\n|turn|138\n|\n|t:|1743960555\n|move|p2a: 19-58|Psychic|p1a: Chansey\n|-damage|p1a: Chansey|60/100 par\n|cant|p1a: Chansey|par\n|\n|upkeep\n|turn|139\n|\n|t:|1743960559\n|move|p2a: 19-58|Psychic|p1a: Chansey\n|-damage|p1a: Chansey|40/100 par\n|-unboost|p1a: Chansey|spa|1\n|-unboost|p1a: Chansey|spd|1\n|move|p1a: Chansey|Soft-Boiled|p1a: Chansey\n|-heal|p1a: Chansey|90/100 par\n|\n|upkeep\n|turn|140\n|\n|t:|1743960569\n|move|p2a: 19-58|Seismic Toss|p1a: Chansey\n|-damage|p1a: Chansey|76/100 par\n|move|p1a: Chansey|Soft-Boiled|p1a: Chansey\n|-heal|p1a: Chansey|100/100 par\n|\n|upkeep\n|turn|141\n|\n|t:|1743960577\n|switch|p1a: Jynx|Jynx|100/100 slp\n|move|p2a: 19-58|Seismic Toss|p1a: Jynx\n|-damage|p1a: Jynx|70/100 slp\n|\n|upkeep\n|turn|142\n|\n|t:|1743960579\n|-curestatus|p1a: Jynx|slp|[msg]\n|move|p2a: 19-58|Thunder Wave|p1a: Jynx\n|-status|p1a: Jynx|par\n|\n|upkeep\n|turn|143\n|\n|t:|1743960581\n|move|p2a: 19-58|Seismic Toss|p1a: Jynx\n|-damage|p1a: Jynx|40/100 par\n|cant|p1a: Jynx|par\n|\n|upkeep\n|turn|144\n|\n|t:|1743960590\n|move|p2a: 19-58|Psychic|p1a: Jynx\n|-resisted|p1a: Jynx\n|-damage|p1a: Jynx|19/100 par\n|cant|p1a: Jynx|par\n|\n|upkeep\n|turn|145\n|\n|t:|1743960610\n|switch|p1a: Chansey|Chansey|100/100 par\n|move|p2a: 19-58|Psychic|p1a: Chansey\n|-damage|p1a: Chansey|83/100 par\n|\n|upkeep\n|turn|146\n|\n|t:|1743960628\n|cant|p2a: 19-58|par\n|move|p1a: Chansey|Thunderbolt|p2a: 19-58\n|-damage|p2a: 19-58|82/100 par\n|\n|upkeep\n|turn|147\n|\n|t:|1743960632\n|cant|p2a: 19-58|par\n|move|p1a: Chansey|Thunder Wave|p2a: 19-58\n|-fail|p2a: 19-58|par\n|\n|upkeep\n|turn|148\n|\n|t:|1743960635\n|move|p2a: 19-58|Recover|p2a: 19-58\n|-heal|p2a: 19-58|100/100 par\n|cant|p1a: Chansey|par\n|\n|upkeep\n|turn|149\n|\n|t:|1743960638\n|move|p2a: 19-58|Psychic|p1a: Chansey\n|-damage|p1a: Chansey|66/100 par\n|-unboost|p1a: Chansey|spa|1\n|-unboost|p1a: Chansey|spd|1\n|move|p1a: Chansey|Thunderbolt|p2a: 19-58\n|-damage|p2a: 19-58|86/100 par\n|\n|upkeep\n|turn|150\n|\n|t:|1743960644\n|move|p2a: 19-58|Psychic|p1a: Chansey\n|-crit|p1a: Chansey\n|-damage|p1a: Chansey|31/100 par\n|-unboost|p1a: Chansey|spa|1\n|-unboost|p1a: Chansey|spd|1\n|move|p1a: Chansey|Soft-Boiled|p1a: Chansey\n|-heal|p1a: Chansey|81/100 par\n|\n|upkeep\n|turn|151\n|\n|t:|1743960657\n|move|p2a: 19-58|Seismic Toss|p1a: Chansey\n|-damage|p1a: Chansey|67/100 par\n|move|p1a: Chansey|Thunderbolt|p2a: 19-58\n|-crit|p2a: 19-58\n|-damage|p2a: 19-58|48/100 par\n|\n|upkeep\n|turn|152\n|\n|t:|1743960661\n|move|p2a: 19-58|Seismic Toss|p1a: Chansey\n|-damage|p1a: Chansey|53/100 par\n|move|p1a: Chansey|Soft-Boiled|p1a: Chansey\n|-heal|p1a: Chansey|100/100 par\n|\n|upkeep\n|turn|153\n|inactive|Kaz has 270 seconds left.\n|\n|t:|1743960707\n|move|p2a: 19-58|Psychic|p1a: Chansey\n|-damage|p1a: Chansey|61/100 par\n|move|p1a: Chansey|Thunder Wave|p2a: 19-58\n|-fail|p2a: 19-58|par\n|\n|upkeep\n|turn|154\n|\n|t:|1743960712\n|cant|p2a: 19-58|par\n|move|p1a: Chansey|Soft-Boiled|p1a: Chansey\n|-heal|p1a: Chansey|100/100 par\n|\n|upkeep\n|turn|155\n|inactive|Kaz has 270 seconds left.\n|\n|t:|1743960724\n|move|p2a: 19-58|Seismic Toss|p1a: Chansey\n|-damage|p1a: Chansey|86/100 par\n|move|p1a: Chansey|Thunder Wave|p2a: 19-58\n|-fail|p2a: 19-58|par\n|\n|upkeep\n|turn|156\n|\n|t:|1743960727\n|cant|p2a: 19-58|par\n|cant|p1a: Chansey|par\n|\n|upkeep\n|turn|157\n|\n|t:|1743960729\n|move|p2a: 19-58|Seismic Toss|p1a: Chansey\n|-damage|p1a: Chansey|72/100 par\n|cant|p1a: Chansey|par\n|\n|upkeep\n|turn|158\n|\n|t:|1743960740\n|move|p2a: 19-58|Seismic Toss|p1a: Chansey\n|-damage|p1a: Chansey|58/100 par\n|move|p1a: Chansey|Thunderbolt|p2a: 19-58\n|-damage|p2a: 19-58|39/100 par\n|\n|upkeep\n|turn|159\n|\n|t:|1743960746\n|move|p2a: 19-58|Recover|p2a: 19-58\n|-heal|p2a: 19-58|89/100 par\n|move|p1a: Chansey|Soft-Boiled|p1a: Chansey\n|-heal|p1a: Chansey|100/100 par\n|\n|upkeep\n|turn|160\n|\n|t:|1743960748\n|move|p2a: 19-58|Seismic Toss|p1a: Chansey\n|-damage|p1a: Chansey|86/100 par\n|move|p1a: Chansey|Thunderbolt|p2a: 19-58\n|-crit|p2a: 19-58\n|-damage|p2a: 19-58|47/100 par\n|\n|upkeep\n|turn|161\n|\n|t:|1743960753\n|move|p2a: 19-58|Seismic Toss|p1a: Chansey\n|-damage|p1a: Chansey|72/100 par\n|move|p1a: Chansey|Thunderbolt|p2a: 19-58\n|-damage|p2a: 19-58|37/100 par\n|\n|upkeep\n|turn|162\n|inactive|Kaz has 270 seconds left.\n|\n|t:|1743960784\n|move|p2a: 19-58|Seismic Toss|p1a: Chansey\n|-damage|p1a: Chansey|58/100 par\n|move|p1a: Chansey|Thunderbolt|p2a: 19-58\n|-damage|p2a: 19-58|26/100 par\n|\n|upkeep\n|turn|163\n|inactive|Kaz has 270 seconds left.\n|\n|t:|1743960796\n|switch|p1a: Jynx|Jynx|19/100 par\n|move|p2a: 19-58|Psychic|p1a: Jynx\n|-resisted|p1a: Jynx\n|-damage|p1a: Jynx|0 fnt\n|faint|p1a: Jynx\n|\n|t:|1743960800\n|switch|p1a: Chansey|Chansey|58/100 par\n|turn|164\n|\n|t:|1743960810\n|cant|p2a: 19-58|par\n|cant|p1a: Chansey|par\n|\n|upkeep\n|turn|165\n|\n|t:|1743960811\n|move|p2a: 19-58|Recover|p2a: 19-58\n|-heal|p2a: 19-58|76/100 par\n|move|p1a: Chansey|Thunderbolt|p2a: 19-58\n|-crit|p2a: 19-58\n|-damage|p2a: 19-58|35/100 par\n|\n|upkeep\n|turn|166\n|\n|t:|1743960814\n|move|p2a: 19-58|Recover|p2a: 19-58\n|-heal|p2a: 19-58|85/100 par\n|move|p1a: Chansey|Thunderbolt|p2a: 19-58\n|-damage|p2a: 19-58|65/100 par\n|\n|upkeep\n|turn|167\n|\n|t:|1743960816\n|move|p2a: 19-58|Recover|p2a: 19-58\n|-heal|p2a: 19-58|100/100 par\n|move|p1a: Chansey|Thunderbolt|p2a: 19-58\n|-damage|p2a: 19-58|80/100 par\n|\n|upkeep\n|turn|168\n|\n|t:|1743960819\n|move|p2a: 19-58|Recover|p2a: 19-58\n|-heal|p2a: 19-58|100/100 par\n|cant|p1a: Chansey|par\n|\n|upkeep\n|turn|169\n|\n|t:|1743960822\n|move|p2a: 19-58|Seismic Toss|p1a: Chansey\n|-damage|p1a: Chansey|44/100 par\n|move|p1a: Chansey|Thunderbolt|p2a: 19-58\n|-damage|p2a: 19-58|79/100 par\n|\n|upkeep\n|turn|170\n|\n|t:|1743960824\n|switch|p2a: 64-448 / 27-192|Chansey|100/100 par\n|move|p1a: Chansey|Soft-Boiled|p1a: Chansey\n|-heal|p1a: Chansey|94/100 par\n|\n|upkeep\n|turn|171\n|c|☆Kaz|gg\n|-message|Kaz forfeited.\n|\n|win|shiloh\n|player|p1|\n|c|☆shiloh|gg\n","uploadtime":1743960835,"views":"1860","formatid":"gen1ou","rating":null,"private":0,"password":null}