{"id":"smogtours-gen1ou-971944","format":"[Gen 1] OU","players":["wooooo rby","LNumbers"],"log":"|inactive|Battle timer is ON: inactive players will automatically lose when time's up.\n|t:|1789501991\n|gametype|singles\n|player|p1|wooooo rby|lucas|\n|player|p2|LNumbers|#rbywc2026|\n|gen|1\n|tier|[Gen 1] OU\n|rule|Desync Clause Mod: Desyncs resolve to link battle behavior from the acting player's perspective.\n|rule|HP Percentage Mod: HP is shown in percentages\n|rule|Endless Battle Clause: Forcing endless battles is banned\n|rule|Sleep Clause Mod: Limit one foe put to sleep\n|rule|Freeze Clause Mod: Limit one foe frozen\n|rule|Species Clause: Limit one of each Pokémon\n|rule|OHKO Clause: OHKO moves are banned\n|rule|Evasion Moves Clause: Evasion moves are banned\n|\n|t:|1789501991\n|teamsize|p1|6\n|teamsize|p2|6\n|start\n|switch|p1a: Alakazam|Alakazam|100/100\n|switch|p2a: Tauros|Tauros|100/100\n|turn|1\n|c|☆LNumbers|hf\n|inactive|wooooo rby has 270 seconds left.\n|inactive|LNumbers has 270 seconds left.\n|c|☆wooooo rby|hf\n|\n|t:|1789502046\n|switch|p2a: Chansey|Chansey|100/100\n|move|p1a: Alakazam|Thunder Wave|p2a: Chansey\n|-status|p2a: Chansey|par\n|\n|upkeep\n|turn|2\n|\n|t:|1789502057\n|move|p1a: Alakazam|Psychic|p2a: Chansey\n|-crit|p2a: Chansey\n|-damage|p2a: Chansey|65/100 par\n|-unboost|p2a: Chansey|spa|1\n|-unboost|p2a: Chansey|spd|1\n|move|p2a: Chansey|Sing|p1a: Alakazam\n|-status|p1a: Alakazam|slp|[from] move: Sing\n|\n|upkeep\n|turn|3\n|\n|t:|1789502074\n|cant|p1a: Alakazam|slp\n|cant|p2a: Chansey|par\n|\n|upkeep\n|turn|4\n|\n|t:|1789502077\n|cant|p1a: Alakazam|slp\n|move|p2a: Chansey|Soft-Boiled|p2a: Chansey\n|-heal|p2a: Chansey|100/100 par\n|\n|upkeep\n|turn|5\n|\n|t:|1789502081\n|switch|p1a: Snorlax|Snorlax|100/100\n|switch|p2a: Tauros|Tauros|100/100\n|\n|upkeep\n|turn|6\n|\n|t:|1789502105\n|switch|p2a: Cloyster|Cloyster|100/100\n|move|p1a: Snorlax|Body Slam|p2a: Cloyster\n|-damage|p2a: Cloyster|77/100\n|\n|upkeep\n|turn|7\n|\n|t:|1789502118\n|switch|p1a: Chansey|Chansey|100/100\n|move|p2a: Cloyster|Blizzard|p1a: Chansey\n|-damage|p1a: Chansey|84/100\n|\n|upkeep\n|turn|8\n|\n|t:|1789502124\n|switch|p2a: Chansey|Chansey|100/100 par\n|move|p1a: Chansey|Seismic Toss|p2a: Chansey\n|-damage|p2a: Chansey|86/100 par\n|\n|upkeep\n|turn|9\n|\n|t:|1789502132\n|switch|p1a: Alakazam|Alakazam|100/100 slp\n|cant|p2a: Chansey|par\n|\n|upkeep\n|turn|10\n|\n|t:|1789502145\n|switch|p2a: Tauros|Tauros|100/100\n|cant|p1a: Alakazam|slp\n|\n|upkeep\n|turn|11\n|\n|t:|1789502150\n|switch|p1a: Snorlax|Snorlax|100/100\n|move|p2a: Tauros|Body Slam|p1a: Snorlax\n|-damage|p1a: Snorlax|77/100\n|\n|upkeep\n|turn|12\n|\n|t:|1789502152\n|move|p2a: Tauros|Earthquake|p1a: Snorlax\n|-damage|p1a: Snorlax|59/100\n|move|p1a: Snorlax|Body Slam|p2a: Tauros\n|-damage|p2a: Tauros|69/100\n|\n|upkeep\n|turn|13\n|\n|t:|1789502161\n|switch|p2a: Cloyster|Cloyster|77/100\n|move|p1a: Snorlax|Body Slam|p2a: Cloyster\n|-damage|p2a: Cloyster|55/100\n|-status|p2a: Cloyster|par\n|\n|upkeep\n|turn|14\n|\n|t:|1789502170\n|switch|p1a: Alakazam|Alakazam|100/100 slp\n|move|p2a: Cloyster|Explosion|p1a: Alakazam\n|-damage|p1a: Alakazam|0 fnt\n|faint|p1a: Alakazam\n|faint|p2a: Cloyster\n|inactive|LNumbers has 270 seconds left.\n|\n|t:|1789502212\n|switch|p1a: Zapdos|Zapdos|100/100\n|switch|p2a: Chansey|Chansey|86/100 par\n|turn|15\n|\n|t:|1789502221\n|switch|p2a: Rhydon|Rhydon|100/100\n|move|p1a: Zapdos|Drill Peck|p2a: Rhydon\n|-resisted|p2a: Rhydon\n|-damage|p2a: Rhydon|92/100\n|\n|upkeep\n|turn|16\n|inactive|LNumbers has 270 seconds left.\n|\n|t:|1789502227\n|switch|p1a: Exeggutor|Exeggutor|100/100\n|move|p2a: Rhydon|Rock Slide|p1a: Exeggutor\n|-damage|p1a: Exeggutor|69/100\n|\n|upkeep\n|turn|17\n|inactive|LNumbers has 270 seconds left.\n|\n|t:|1789502245\n|switch|p2a: Exeggutor|Exeggutor|100/100\n|move|p1a: Exeggutor|Psychic|p2a: Exeggutor\n|-resisted|p2a: Exeggutor\n|-damage|p2a: Exeggutor|87/100\n|\n|upkeep\n|turn|18\n|\n|t:|1789502252\n|switch|p2a: Chansey|Chansey|86/100 par\n|move|p1a: Exeggutor|Sleep Powder|p2a: Chansey\n|-fail|p2a: Chansey\n|\n|upkeep\n|turn|19\n|inactive|LNumbers has 270 seconds left.\n|\n|t:|1789502270\n|switch|p1a: Zapdos|Zapdos|100/100\n|move|p2a: Chansey|Sing|p1a: Zapdos|[miss]\n|-miss|p2a: Chansey\n|\n|upkeep\n|turn|20\n|inactive|LNumbers has 270 seconds left.\n|\n|t:|1789502292\n|switch|p2a: Rhydon|Rhydon|92/100\n|move|p1a: Zapdos|Drill Peck|p2a: Rhydon\n|-resisted|p2a: Rhydon\n|-damage|p2a: Rhydon|83/100\n|\n|upkeep\n|turn|21\n|\n|t:|1789502297\n|switch|p1a: Exeggutor|Exeggutor|69/100\n|move|p2a: Rhydon|Rock Slide|p1a: Exeggutor\n|-damage|p1a: Exeggutor|37/100\n|\n|upkeep\n|turn|22\n|\n|t:|1789502307\n|switch|p2a: Chansey|Chansey|86/100 par\n|move|p1a: Exeggutor|Psychic|p2a: Chansey\n|-damage|p2a: Chansey|68/100 par\n|\n|upkeep\n|turn|23\n|\n|t:|1789502322\n|move|p1a: Exeggutor|Psychic|p2a: Chansey\n|-damage|p2a: Chansey|50/100 par\n|move|p2a: Chansey|Soft-Boiled|p2a: Chansey\n|-heal|p2a: Chansey|99/100 par\n|\n|upkeep\n|turn|24\n|\n|t:|1789502330\n|switch|p1a: Zapdos|Zapdos|100/100\n|move|p2a: Chansey|Sing|p1a: Zapdos|[miss]\n|-miss|p2a: Chansey\n|\n|upkeep\n|turn|25\n|\n|t:|1789502344\n|move|p1a: Zapdos|Drill Peck|p2a: Chansey\n|-damage|p2a: Chansey|66/100 par\n|cant|p2a: Chansey|par\n|\n|upkeep\n|turn|26\n|\n|t:|1789502360\n|switch|p1a: Tauros|Tauros|100/100\n|move|p2a: Chansey|Soft-Boiled|p2a: Chansey\n|-heal|p2a: Chansey|100/100 par\n|\n|upkeep\n|turn|27\n|\n|t:|1789502381\n|switch|p1a: Chansey|Chansey|84/100\n|move|p2a: Chansey|Thunder Wave|p1a: Chansey\n|-status|p1a: Chansey|par\n|\n|upkeep\n|turn|28\n|\n|t:|1789502391\n|cant|p1a: Chansey|par\n|move|p2a: Chansey|Ice Beam|p1a: Chansey\n|-damage|p1a: Chansey|73/100 par\n|\n|upkeep\n|turn|29\n|\n|t:|1789502396\n|switch|p2a: Rhydon|Rhydon|83/100\n|move|p1a: Chansey|Reflect|p1a: Chansey\n|-start|p1a: Chansey|Reflect\n|\n|upkeep\n|turn|30\n|\n|t:|1789502401\n|move|p2a: Rhydon|Earthquake|p1a: Chansey\n|-damage|p1a: Chansey|45/100 par\n|move|p1a: Chansey|Soft-Boiled|p1a: Chansey\n|-heal|p1a: Chansey|95/100 par\n|\n|upkeep\n|turn|31\n|\n|t:|1789502404\n|move|p2a: Rhydon|Substitute|p2a: Rhydon\n|-start|p2a: Rhydon|Substitute\n|-damage|p2a: Rhydon|58/100\n|move|p1a: Chansey|Seismic Toss|p2a: Rhydon\n|-activate|p2a: Rhydon|Substitute|[damage]\n|\n|upkeep\n|turn|32\n|\n|t:|1789502407\n|move|p2a: Rhydon|Earthquake|p1a: Chansey\n|-damage|p1a: Chansey|67/100 par\n|move|p1a: Chansey|Seismic Toss|p2a: Rhydon\n|-end|p2a: Rhydon|Substitute\n|\n|upkeep\n|turn|33\n|\n|t:|1789502416\n|move|p2a: Rhydon|Earthquake|p1a: Chansey\n|-damage|p1a: Chansey|41/100 par\n|move|p1a: Chansey|Soft-Boiled|p1a: Chansey\n|-heal|p1a: Chansey|91/100 par\n|\n|upkeep\n|turn|34\n|\n|t:|1789502419\n|move|p2a: Rhydon|Substitute|p2a: Rhydon\n|-start|p2a: Rhydon|Substitute\n|-damage|p2a: Rhydon|33/100\n|move|p1a: Chansey|Seismic Toss|p2a: Rhydon\n|-activate|p2a: Rhydon|Substitute|[damage]\n|\n|upkeep\n|turn|35\n|\n|t:|1789502422\n|move|p2a: Rhydon|Earthquake|p1a: Chansey\n|-damage|p1a: Chansey|65/100 par\n|move|p1a: Chansey|Seismic Toss|p2a: Rhydon\n|-end|p2a: Rhydon|Substitute\n|\n|upkeep\n|turn|36\n|\n|t:|1789502435\n|move|p2a: Rhydon|Substitute|p2a: Rhydon\n|-start|p2a: Rhydon|Substitute\n|-damage|p2a: Rhydon|8/100\n|cant|p1a: Chansey|par\n|\n|upkeep\n|turn|37\n|\n|t:|1789502448\n|switch|p1a: Exeggutor|Exeggutor|37/100\n|move|p2a: Rhydon|Rest|p2a: Rhydon\n|-status|p2a: Rhydon|slp|[from] move: Rest\n|-heal|p2a: Rhydon|100/100 slp|[silent]\n|\n|upkeep\n|turn|38\n|\n|t:|1789502451\n|move|p1a: Exeggutor|Psychic|p2a: Rhydon\n|-end|p2a: Rhydon|Substitute\n|cant|p2a: Rhydon|slp\n|\n|upkeep\n|turn|39\n|\n|t:|1789502459\n|switch|p2a: Chansey|Chansey|100/100 par\n|move|p1a: Exeggutor|Psychic|p2a: Chansey\n|-damage|p2a: Chansey|84/100 par\n|\n|upkeep\n|turn|40\n|\n|t:|1789502465\n|switch|p1a: Chansey|Chansey|65/100 par\n|move|p2a: Chansey|Ice Beam|p1a: Chansey\n|-damage|p1a: Chansey|54/100 par\n|\n|upkeep\n|turn|41\n|\n|t:|1789502473\n|switch|p2a: Tauros|Tauros|69/100\n|move|p1a: Chansey|Soft-Boiled|p1a: Chansey\n|-heal|p1a: Chansey|100/100 par\n|\n|upkeep\n|turn|42\n|inactive|LNumbers has 270 seconds left.\n|\n|t:|1789502505\n|move|p2a: Tauros|Body Slam|p1a: Chansey\n|-damage|p1a: Chansey|60/100 par\n|move|p1a: Chansey|Thunder Wave|p2a: Tauros\n|-status|p2a: Tauros|par\n|\n|upkeep\n|turn|43\n|inactive|LNumbers has 270 seconds left.\n|\n|t:|1789502527\n|switch|p1a: Zapdos|Zapdos|100/100\n|move|p2a: Tauros|Body Slam|p1a: Zapdos\n|-damage|p1a: Zapdos|73/100\n|-status|p1a: Zapdos|par\n|\n|upkeep\n|turn|44\n|\n|t:|1789502554\n|switch|p2a: Rhydon|Rhydon|100/100 slp\n|move|p1a: Zapdos|Thunderbolt|p2a: Rhydon\n|-immune|p2a: Rhydon\n|\n|upkeep\n|turn|45\n|\n|t:|1789502563\n|switch|p2a: Exeggutor|Exeggutor|87/100\n|switch|p1a: Tauros|Tauros|100/100\n|\n|upkeep\n|turn|46\n|\n|t:|1789502570\n|switch|p1a: Chansey|Chansey|60/100 par\n|move|p2a: Exeggutor|Psychic|p1a: Chansey\n|-damage|p1a: Chansey|42/100 par\n|-unboost|p1a: Chansey|spa|1\n|-unboost|p1a: Chansey|spd|1\n|\n|upkeep\n|turn|47\n|\n|t:|1789502585\n|move|p2a: Exeggutor|Psychic|p1a: Chansey\n|-damage|p1a: Chansey|18/100 par\n|-unboost|p1a: Chansey|spa|1\n|-unboost|p1a: Chansey|spd|1\n|move|p1a: Chansey|Soft-Boiled|p1a: Chansey\n|-heal|p1a: Chansey|67/100 par\n|\n|upkeep\n|turn|48\n|\n|t:|1789502593\n|move|p2a: Exeggutor|Psychic|p1a: Chansey\n|-damage|p1a: Chansey|33/100 par\n|move|p1a: Chansey|Soft-Boiled|p1a: Chansey\n|-heal|p1a: Chansey|83/100 par\n|\n|upkeep\n|turn|49\n|\n|t:|1789502598\n|move|p2a: Exeggutor|Psychic|p1a: Chansey\n|-damage|p1a: Chansey|51/100 par\n|move|p1a: Chansey|Seismic Toss|p2a: Exeggutor\n|-damage|p2a: Exeggutor|62/100\n|\n|upkeep\n|turn|50\n|inactive|LNumbers has 270 seconds left.\n|\n|t:|1789502609\n|switch|p1a: Exeggutor|Exeggutor|37/100\n|move|p2a: Exeggutor|Psychic|p1a: Exeggutor\n|-resisted|p1a: Exeggutor\n|-damage|p1a: Exeggutor|24/100\n|\n|upkeep\n|turn|51\n|inactive|LNumbers has 270 seconds left.\n|\n|t:|1789502620\n|switch|p2a: Chansey|Chansey|84/100 par\n|switch|p1a: Chansey|Chansey|51/100 par\n|\n|upkeep\n|turn|52\n|inactive|LNumbers has 270 seconds left.\n|\n|t:|1789502635\n|switch|p2a: Tauros|Tauros|69/100 par\n|move|p1a: Chansey|Soft-Boiled|p1a: Chansey\n|-heal|p1a: Chansey|100/100 par\n|\n|upkeep\n|turn|53\n|inactive|LNumbers has 270 seconds left.\n|\n|t:|1789502640\n|switch|p1a: Zapdos|Zapdos|73/100 par\n|cant|p2a: Tauros|par\n|\n|upkeep\n|turn|54\n|\n|t:|1789502646\n|move|p2a: Tauros|Body Slam|p1a: Zapdos\n|-damage|p1a: Zapdos|42/100 par\n|cant|p1a: Zapdos|par\n|\n|upkeep\n|turn|55\n|\n|t:|1789502656\n|switch|p2a: Rhydon|Rhydon|100/100 slp\n|move|p1a: Zapdos|Thunderbolt|p2a: Rhydon\n|-immune|p2a: Rhydon\n|\n|upkeep\n|turn|56\n|\n|t:|1789502659\n|switch|p1a: Tauros|Tauros|100/100\n|-curestatus|p2a: Rhydon|slp|[msg]\n|\n|upkeep\n|turn|57\n|inactive|LNumbers has 270 seconds left.\n|inactive|LNumbers has 240 seconds left.\n|inactive|LNumbers has 210 seconds left.\n|inactive|LNumbers has 180 seconds left.\n|\n|t:|1789502786\n|switch|p2a: Chansey|Chansey|84/100 par\n|move|p1a: Tauros|Blizzard|p2a: Chansey\n|-damage|p2a: Chansey|74/100 par\n|\n|upkeep\n|turn|58\n|inactive|LNumbers has 180 seconds left.\n|\n|t:|1789502803\n|switch|p1a: Chansey|Chansey|100/100 par\n|cant|p2a: Chansey|par\n|\n|upkeep\n|turn|59\n|\n|t:|1789502809\n|cant|p1a: Chansey|par\n|move|p2a: Chansey|Soft-Boiled|p2a: Chansey\n|-heal|p2a: Chansey|100/100 par\n|\n|upkeep\n|turn|60\n|\n|t:|1789502816\n|move|p1a: Chansey|Seismic Toss|p2a: Chansey\n|-damage|p2a: Chansey|86/100 par\n|cant|p2a: Chansey|par\n|\n|upkeep\n|turn|61\n|\n|t:|1789502819\n|switch|p2a: Rhydon|Rhydon|100/100\n|cant|p1a: Chansey|par\n|\n|upkeep\n|turn|62\n|\n|t:|1789502826\n|switch|p1a: Zapdos|Zapdos|42/100 par\n|move|p2a: Rhydon|Earthquake|p1a: Zapdos\n|-immune|p1a: Zapdos\n|\n|upkeep\n|turn|63\n|inactive|LNumbers has 210 seconds left.\n|\n|t:|1789502832\n|move|p2a: Rhydon|Rock Slide|p1a: Zapdos\n|-supereffective|p1a: Zapdos\n|-damage|p1a: Zapdos|0 fnt\n|faint|p1a: Zapdos\n|\n|t:|1789502834\n|switch|p1a: Tauros|Tauros|100/100\n|turn|64\n|inactive|LNumbers has 210 seconds left.\n|\n|t:|1789502875\n|move|p1a: Tauros|Body Slam|p2a: Rhydon\n|-resisted|p2a: Rhydon\n|-damage|p2a: Rhydon|90/100\n|move|p2a: Rhydon|Earthquake|p1a: Tauros\n|-damage|p1a: Tauros|60/100\n|\n|upkeep\n|turn|65\n|inactive|LNumbers has 180 seconds left.\n|inactive|LNumbers has 150 seconds left.\n|inactive|LNumbers has 120 seconds left.\n|inactive|LNumbers has 90 seconds left.\n|\n|t:|1789502988\n|switch|p2a: Tauros|Tauros|69/100 par\n|move|p1a: Tauros|Blizzard|p2a: Tauros\n|-damage|p2a: Tauros|42/100 par\n|\n|upkeep\n|turn|66\n|inactive|LNumbers has 90 seconds left.\n|inactive|LNumbers has 60 seconds left.\n|\n|t:|1789503037\n|switch|p2a: Rhydon|Rhydon|90/100\n|move|p1a: Tauros|Hyper Beam|p2a: Rhydon\n|-resisted|p2a: Rhydon\n|-damage|p2a: Rhydon|71/100\n|-mustrecharge|p1a: Tauros\n|\n|upkeep\n|turn|67\n|\n|t:|1789503041\n|cant|p1a: Tauros|recharge\n|move|p2a: Rhydon|Earthquake|p1a: Tauros\n|-damage|p1a: Tauros|21/100\n|\n|upkeep\n|turn|68\n|inactive|LNumbers has 60 seconds left.\n|\n|t:|1789503066\n|switch|p2a: Tauros|Tauros|42/100 par\n|move|p1a: Tauros|Blizzard|p2a: Tauros\n|-crit|p2a: Tauros\n|-damage|p2a: Tauros|0 fnt\n|faint|p2a: Tauros\n|inactive|LNumbers has 30 seconds left.\n|\n|t:|1789503091\n|switch|p2a: Alakazam|Alakazam|100/100\n|turn|69\n|\n|t:|1789503096\n|switch|p1a: Chansey|Chansey|100/100 par\n|move|p2a: Alakazam|Psychic|p1a: Chansey\n|-crit|p1a: Chansey\n|-damage|p1a: Chansey|64/100 par\n|\n|upkeep\n|turn|70\n|\n|t:|1789503107\n|move|p2a: Alakazam|Psychic|p1a: Chansey\n|-damage|p1a: Chansey|46/100 par\n|move|p1a: Chansey|Reflect|p1a: Chansey\n|-start|p1a: Chansey|Reflect\n|\n|upkeep\n|turn|71\n|\n|t:|1789503113\n|switch|p2a: Rhydon|Rhydon|71/100\n|move|p1a: Chansey|Soft-Boiled|p1a: Chansey\n|-heal|p1a: Chansey|96/100 par\n|\n|upkeep\n|turn|72\n|\n|t:|1789503120\n|move|p2a: Rhydon|Earthquake|p1a: Chansey\n|-crit|p1a: Chansey\n|-damage|p1a: Chansey|0 fnt\n|faint|p1a: Chansey\n|\n|t:|1789503124\n|switch|p1a: Exeggutor|Exeggutor|24/100\n|turn|73\n|\n|t:|1789503134\n|switch|p2a: Chansey|Chansey|86/100 par\n|move|p1a: Exeggutor|Mega Drain|p2a: Chansey\n|-damage|p2a: Chansey|79/100 par\n|-heal|p1a: Exeggutor|31/100|[from] drain|[of] p2a: Chansey\n|\n|upkeep\n|turn|74\n|\n|t:|1789503140\n|switch|p1a: Snorlax|Snorlax|59/100\n|move|p2a: Chansey|Thunder Wave|p1a: Snorlax\n|-status|p1a: Snorlax|par\n|\n|upkeep\n|turn|75\n|inactive|LNumbers has 60 seconds left.\n|\n|t:|1789503160\n|switch|p2a: Exeggutor|Exeggutor|62/100\n|switch|p1a: Tauros|Tauros|21/100\n|\n|upkeep\n|turn|76\n|\n|t:|1789503166\n|move|p1a: Tauros|Blizzard|p2a: Exeggutor\n|-supereffective|p2a: Exeggutor\n|-damage|p2a: Exeggutor|26/100\n|move|p2a: Exeggutor|Psychic|p1a: Tauros\n|-damage|p1a: Tauros|0 fnt\n|faint|p1a: Tauros\n|\n|t:|1789503171\n|switch|p1a: Exeggutor|Exeggutor|31/100\n|turn|77\n|\n|t:|1789503183\n|switch|p2a: Chansey|Chansey|79/100 par\n|move|p1a: Exeggutor|Hyper Beam|p2a: Chansey\n|-damage|p2a: Chansey|31/100 par\n|-mustrecharge|p1a: Exeggutor\n|\n|upkeep\n|turn|78\n|\n|t:|1789503189\n|cant|p1a: Exeggutor|recharge\n|move|p2a: Chansey|Ice Beam|p1a: Exeggutor\n|-supereffective|p1a: Exeggutor\n|-damage|p1a: Exeggutor|0 fnt\n|faint|p1a: Exeggutor\n|c|☆wooooo rby|gg\n|c|☆LNumbers|gg\n|-message|wooooo rby forfeited.\n|\n|win|LNumbers\n|c|☆LNumbers|/log LNumbers made the replay of this battle unlisted.\n|player|p2|\n","uploadtime":1789503199,"views":"102","formatid":"gen1ou","rating":null,"private":2,"password":null}