{"id":"smogtours-gen1ou-947539","format":"[Gen 1] OU","players":["longestbanana","stunner047"],"log":"|inactive|Battle timer is ON: inactive players will automatically lose when time's up.\n|t:|1781637562\n|gametype|singles\n|player|p1|longestbanana|youngcouple|\n|player|p2|stunner047|#rbypliiidingdangdewgongs|\n|gen|1\n|tier|[Gen 1] OU\n|rule|Desync Clause Mod: Desyncs changed to move failure.\n|rule|HP Percentage Mod: HP is shown in percentages\n|rule|Endless Battle Clause: Forcing endless battles is banned\n|rule|Sleep Clause Mod: Limit one foe put to sleep\n|rule|Freeze Clause Mod: Limit one foe frozen\n|rule|Species Clause: Limit one of each Pokémon\n|rule|OHKO Clause: OHKO moves are banned\n|rule|Evasion Moves Clause: Evasion moves are banned\n|\n|t:|1781637562\n|teamsize|p1|6\n|teamsize|p2|6\n|start\n|switch|p1a: Gengar|Gengar|100/100\n|switch|p2a: Alakazam|Alakazam|100/100\n|turn|1\n|c|☆stunner047|gl hf\n|c|☆longestbanana|hf\n|\n|t:|1781637569\n|move|p2a: Alakazam|Psychic|p1a: Gengar\n|-supereffective|p1a: Gengar\n|-damage|p1a: Gengar|36/100\n|move|p1a: Gengar|Explosion|p2a: Alakazam\n|-damage|p2a: Alakazam|0 fnt\n|faint|p2a: Alakazam\n|faint|p1a: Gengar\n|\n|t:|1781637572\n|switch|p2a: Exeggutor|Exeggutor|100/100\n|switch|p1a: Cloyster|Cloyster|100/100\n|turn|2\n|\n|t:|1781637576\n|switch|p2a: Chansey|Chansey|100/100\n|move|p1a: Cloyster|Blizzard|p2a: Chansey\n|-damage|p2a: Chansey|83/100\n|\n|upkeep\n|turn|3\n|\n|t:|1781637578\n|move|p1a: Cloyster|Explosion|p2a: Chansey\n|-damage|p2a: Chansey|0 fnt\n|faint|p2a: Chansey\n|faint|p1a: Cloyster\n|\n|t:|1781637581\n|switch|p1a: Exeggutor|Exeggutor|100/100\n|switch|p2a: Exeggutor|Exeggutor|100/100\n|turn|4\n|\n|t:|1781637583\n|move|p1a: Exeggutor|Explosion|p2a: Exeggutor\n|-damage|p2a: Exeggutor|30/100\n|faint|p1a: Exeggutor\n|\n|t:|1781637586\n|switch|p1a: Tauros|Tauros|100/100\n|turn|5\n|\n|t:|1781637591\n|move|p1a: Tauros|Hyper Beam|p2a: Exeggutor\n|-damage|p2a: Exeggutor|0 fnt\n|faint|p2a: Exeggutor\n|\n|t:|1781637594\n|switch|p2a: Zapdos|Zapdos|100/100\n|turn|6\n|\n|t:|1781637598\n|switch|p1a: Snorlax|Snorlax|100/100\n|move|p2a: Zapdos|Thunder Wave|p1a: Snorlax\n|-status|p1a: Snorlax|par\n|\n|upkeep\n|turn|7\n|\n|t:|1781637604\n|switch|p2a: Snorlax|Snorlax|100/100\n|move|p1a: Snorlax|Body Slam|p2a: Snorlax\n|-damage|p2a: Snorlax|73/100\n|\n|upkeep\n|turn|8\n|\n|t:|1781637607\n|move|p2a: Snorlax|Reflect|p2a: Snorlax\n|-start|p2a: Snorlax|Reflect\n|move|p1a: Snorlax|Self-Destruct|p2a: Snorlax\n|-damage|p2a: Snorlax|34/100\n|faint|p1a: Snorlax\n|\n|t:|1781637609\n|switch|p1a: Chansey|Chansey|100/100\n|turn|9\n|\n|t:|1781637613\n|move|p1a: Chansey|Sing|p2a: Snorlax\n|-status|p2a: Snorlax|slp|[from] move: Sing\n|cant|p2a: Snorlax|slp\n|\n|upkeep\n|turn|10\n|\n|t:|1781637615\n|move|p1a: Chansey|Seismic Toss|p2a: Snorlax\n|-damage|p2a: Snorlax|15/100 slp\n|cant|p2a: Snorlax|slp\n|\n|upkeep\n|turn|11\n|\n|t:|1781637616\n|move|p1a: Chansey|Seismic Toss|p2a: Snorlax\n|-damage|p2a: Snorlax|0 fnt\n|faint|p2a: Snorlax\n|\n|t:|1781637618\n|switch|p2a: Zapdos|Zapdos|100/100\n|turn|12\n|\n|t:|1781637620\n|move|p2a: Zapdos|Thunder Wave|p1a: Chansey\n|-status|p1a: Chansey|par\n|move|p1a: Chansey|Sing|p2a: Zapdos|[miss]\n|-miss|p1a: Chansey\n|\n|upkeep\n|turn|13\n|\n|t:|1781637622\n|move|p2a: Zapdos|Drill Peck|p1a: Chansey\n|-crit|p1a: Chansey\n|-damage|p1a: Chansey|32/100 par\n|move|p1a: Chansey|Sing|p2a: Zapdos\n|-status|p2a: Zapdos|slp|[from] move: Sing\n|\n|upkeep\n|turn|14\n|\n|t:|1781637624\n|switch|p1a: Tauros|Tauros|100/100\n|cant|p2a: Zapdos|slp\n|\n|upkeep\n|turn|15\n|\n|t:|1781637625\n|move|p1a: Tauros|Body Slam|p2a: Zapdos\n|-damage|p2a: Zapdos|70/100 slp\n|cant|p2a: Zapdos|slp\n|\n|upkeep\n|turn|16\n|\n|t:|1781637627\n|move|p1a: Tauros|Body Slam|p2a: Zapdos\n|-damage|p2a: Zapdos|39/100 slp\n|cant|p2a: Zapdos|slp\n|\n|upkeep\n|turn|17\n|\n|t:|1781637628\n|move|p1a: Tauros|Hyper Beam|p2a: Zapdos\n|-damage|p2a: Zapdos|0 fnt\n|faint|p2a: Zapdos\n|\n|t:|1781637630\n|switch|p2a: Tauros|Tauros|100/100\n|turn|18\n|\n|t:|1781637636\n|move|p1a: Tauros|Body Slam|p2a: Tauros\n|-crit|p2a: Tauros\n|-damage|p2a: Tauros|44/100\n|move|p2a: Tauros|Body Slam|p1a: Tauros\n|-damage|p1a: Tauros|72/100\n|\n|upkeep\n|turn|19\n|\n|t:|1781637638\n|move|p1a: Tauros|Hyper Beam|p2a: Tauros\n|-damage|p2a: Tauros|0 fnt\n|faint|p2a: Tauros\n|\n|win|longestbanana\n|c|☆longestbanana|gg\n|c|☆stunner047|gg\n|player|p1|\n","uploadtime":1781637638,"views":"43","formatid":"gen1ou","rating":null,"private":2,"password":null}