{"id":"smogtours-gen1ou-962837","format":"[Gen 1] OU","players":["1000papercranes","Tree69420"],"log":"|inactive|Battle timer is ON: inactive players will automatically lose when time's up.\n|t:|1786312722\n|gametype|singles\n|player|p1|1000papercranes|psychic-gen1rb|\n|player|p2|Tree69420|#uucliambipoms|\n|gen|1\n|tier|[Gen 1] OU\n|rule|Desync Clause Mod: Desyncs resolve to link battle behavior from the acting player's perspective.\n|rule|HP Percentage Mod: HP is shown in percentages\n|rule|Endless Battle Clause: Forcing endless battles is banned\n|rule|Sleep Clause Mod: Limit one foe put to sleep\n|rule|Freeze Clause Mod: Limit one foe frozen\n|rule|Species Clause: Limit one of each Pokémon\n|rule|OHKO Clause: OHKO moves are banned\n|rule|Evasion Moves Clause: Evasion moves are banned\n|\n|t:|1786312722\n|teamsize|p1|6\n|teamsize|p2|6\n|start\n|switch|p1a: Gengar|Gengar|100/100\n|switch|p2a: Starmie|Starmie|100/100\n|turn|1\n|c|☆1000papercranes|Gl Hf\n|c|☆Tree69420|hf\n|\n|t:|1786312746\n|switch|p2a: Jynx|Jynx|100/100\n|switch|p1a: Starmie|Starmie|100/100\n|\n|upkeep\n|turn|2\n|\n|t:|1786312753\n|switch|p1a: Gengar|Gengar|100/100\n|move|p2a: Jynx|Lovely Kiss|p1a: Gengar\n|-status|p1a: Gengar|slp|[from] move: Lovely Kiss\n|\n|upkeep\n|turn|3\n|\n|t:|1786312759\n|switch|p1a: Starmie|Starmie|100/100\n|move|p2a: Jynx|Blizzard|p1a: Starmie\n|-resisted|p1a: Starmie\n|-damage|p1a: Starmie|78/100\n|\n|upkeep\n|turn|4\n|\n|t:|1786312787\n|move|p1a: Starmie|Thunderbolt|p2a: Jynx\n|-damage|p2a: Jynx|77/100\n|move|p2a: Jynx|Blizzard|p1a: Starmie\n|-resisted|p1a: Starmie\n|-damage|p1a: Starmie|57/100\n|\n|upkeep\n|turn|5\n|\n|t:|1786312797\n|move|p1a: Starmie|Thunderbolt|p2a: Jynx\n|-damage|p2a: Jynx|55/100\n|move|p2a: Jynx|Blizzard|p1a: Starmie\n|-resisted|p1a: Starmie\n|-damage|p1a: Starmie|35/100\n|\n|upkeep\n|turn|6\n|\n|t:|1786312807\n|move|p1a: Starmie|Recover|p1a: Starmie\n|-heal|p1a: Starmie|85/100\n|move|p2a: Jynx|Blizzard|p1a: Starmie\n|-resisted|p1a: Starmie\n|-damage|p1a: Starmie|63/100\n|\n|upkeep\n|turn|7\n|\n|t:|1786312811\n|switch|p2a: Chansey|Chansey|100/100\n|move|p1a: Starmie|Thunder Wave|p2a: Chansey\n|-status|p2a: Chansey|par\n|\n|upkeep\n|turn|8\n|\n|t:|1786312820\n|switch|p1a: Gengar|Gengar|100/100 slp\n|move|p2a: Chansey|Thunder Wave|p1a: Gengar\n|-fail|p1a: Gengar\n|\n|upkeep\n|turn|9\n|\n|t:|1786312825\n|switch|p1a: Snorlax|Snorlax|100/100\n|switch|p2a: Tauros|Tauros|100/100\n|\n|upkeep\n|turn|10\n|\n|t:|1786312829\n|switch|p2a: Snorlax|Snorlax|100/100\n|move|p1a: Snorlax|Body Slam|p2a: Snorlax\n|-damage|p2a: Snorlax|73/100\n|\n|upkeep\n|turn|11\n|\n|t:|1786312836\n|switch|p1a: Exeggutor|Exeggutor|100/100\n|move|p2a: Snorlax|Reflect|p2a: Snorlax\n|-start|p2a: Snorlax|Reflect\n|\n|upkeep\n|turn|12\n|\n|t:|1786312843\n|switch|p1a: Snorlax|Snorlax|100/100\n|switch|p2a: Chansey|Chansey|100/100 par\n|\n|upkeep\n|turn|13\n|\n|t:|1786312846\n|move|p1a: Snorlax|Body Slam|p2a: Chansey\n|-damage|p2a: Chansey|62/100 par\n|move|p2a: Chansey|Thunder Wave|p1a: Snorlax\n|-status|p1a: Snorlax|par\n|\n|upkeep\n|turn|14\n|\n|t:|1786312849\n|switch|p2a: Snorlax|Snorlax|73/100\n|move|p1a: Snorlax|Body Slam|p2a: Snorlax\n|-damage|p2a: Snorlax|47/100\n|\n|upkeep\n|turn|15\n|\n|t:|1786312860\n|switch|p1a: Rhydon|Rhydon|100/100\n|move|p2a: Snorlax|Body Slam|p1a: Rhydon\n|-resisted|p1a: Rhydon\n|-damage|p1a: Rhydon|90/100\n|\n|upkeep\n|turn|16\n|\n|t:|1786312867\n|switch|p2a: Starmie|Starmie|100/100\n|move|p1a: Rhydon|Body Slam|p2a: Starmie\n|-damage|p2a: Starmie|71/100\n|-status|p2a: Starmie|par\n|\n|upkeep\n|turn|17\n|\n|t:|1786312879\n|switch|p1a: Starmie|Starmie|63/100\n|move|p2a: Starmie|Recover|p2a: Starmie\n|-heal|p2a: Starmie|100/100 par\n|\n|upkeep\n|turn|18\n|\n|t:|1786312886\n|switch|p2a: Chansey|Chansey|62/100 par\n|move|p1a: Starmie|Thunderbolt|p2a: Chansey\n|-damage|p2a: Chansey|52/100 par\n|\n|upkeep\n|turn|19\n|\n|t:|1786312891\n|switch|p1a: Snorlax|Snorlax|100/100 par\n|move|p2a: Chansey|Soft-Boiled|p2a: Chansey\n|-heal|p2a: Chansey|100/100 par\n|\n|upkeep\n|turn|20\n|\n|t:|1786312893\n|switch|p2a: Snorlax|Snorlax|47/100\n|move|p1a: Snorlax|Body Slam|p2a: Snorlax\n|-damage|p2a: Snorlax|21/100\n|\n|upkeep\n|turn|21\n|\n|t:|1786312898\n|switch|p1a: Tauros|Tauros|100/100\n|move|p2a: Snorlax|Rest|p2a: Snorlax\n|-status|p2a: Snorlax|slp|[from] move: Rest\n|-heal|p2a: Snorlax|100/100 slp|[silent]\n|\n|upkeep\n|turn|22\n|\n|t:|1786312902\n|move|p1a: Tauros|Body Slam|p2a: Snorlax\n|-damage|p2a: Snorlax|77/100 slp\n|cant|p2a: Snorlax|slp\n|\n|upkeep\n|turn|23\n|\n|t:|1786312904\n|move|p1a: Tauros|Body Slam|p2a: Snorlax\n|-crit|p2a: Snorlax\n|-damage|p2a: Snorlax|32/100 slp\n|-curestatus|p2a: Snorlax|slp|[msg]\n|\n|upkeep\n|turn|24\n|\n|t:|1786312910\n|switch|p2a: Starmie|Starmie|100/100 par\n|move|p1a: Tauros|Hyper Beam|p2a: Starmie\n|-damage|p2a: Starmie|40/100 par\n|-mustrecharge|p1a: Tauros\n|\n|upkeep\n|turn|25\n|\n|t:|1786312915\n|cant|p1a: Tauros|recharge\n|move|p2a: Starmie|Thunder Wave|p1a: Tauros\n|-status|p1a: Tauros|par\n|\n|upkeep\n|turn|26\n|\n|t:|1786312920\n|move|p2a: Starmie|Recover|p2a: Starmie\n|-heal|p2a: Starmie|89/100 par\n|move|p1a: Tauros|Thunderbolt|p2a: Starmie\n|-supereffective|p2a: Starmie\n|-damage|p2a: Starmie|50/100 par\n|\n|upkeep\n|turn|27\n|\n|t:|1786312923\n|cant|p2a: Starmie|par\n|move|p1a: Tauros|Thunderbolt|p2a: Starmie\n|-supereffective|p2a: Starmie\n|-damage|p2a: Starmie|14/100 par\n|\n|upkeep\n|turn|28\n|\n|t:|1786312928\n|move|p2a: Starmie|Recover|p2a: Starmie\n|-heal|p2a: Starmie|64/100 par\n|move|p1a: Tauros|Thunderbolt|p2a: Starmie\n|-supereffective|p2a: Starmie\n|-damage|p2a: Starmie|26/100 par\n|\n|upkeep\n|turn|29\n|\n|t:|1786312930\n|move|p2a: Starmie|Recover|p2a: Starmie\n|-heal|p2a: Starmie|75/100 par\n|cant|p1a: Tauros|par\n|\n|upkeep\n|turn|30\n|\n|t:|1786312947\n|cant|p2a: Starmie|par\n|move|p1a: Tauros|Thunderbolt|p2a: Starmie\n|-supereffective|p2a: Starmie\n|-damage|p2a: Starmie|38/100 par\n|\n|upkeep\n|turn|31\n|\n|t:|1786312951\n|move|p2a: Starmie|Recover|p2a: Starmie\n|-heal|p2a: Starmie|88/100 par\n|move|p1a: Tauros|Thunderbolt|p2a: Starmie\n|-supereffective|p2a: Starmie\n|-damage|p2a: Starmie|49/100 par\n|\n|upkeep\n|turn|32\n|\n|t:|1786312954\n|move|p2a: Starmie|Recover|p2a: Starmie\n|-heal|p2a: Starmie|99/100 par\n|move|p1a: Tauros|Thunderbolt|p2a: Starmie\n|-supereffective|p2a: Starmie\n|-damage|p2a: Starmie|60/100 par\n|\n|upkeep\n|turn|33\n|\n|t:|1786312957\n|move|p2a: Starmie|Surf|p1a: Tauros\n|-crit|p1a: Tauros\n|-damage|p1a: Tauros|25/100 par\n|cant|p1a: Tauros|par\n|\n|upkeep\n|turn|34\n|\n|t:|1786312962\n|switch|p1a: Starmie|Starmie|63/100\n|move|p2a: Starmie|Recover|p2a: Starmie\n|-heal|p2a: Starmie|100/100 par\n|\n|upkeep\n|turn|35\n|\n|t:|1786312967\n|switch|p1a: Snorlax|Snorlax|100/100 par\n|cant|p2a: Starmie|par\n|\n|upkeep\n|turn|36\n|\n|t:|1786312970\n|move|p2a: Starmie|Surf|p1a: Snorlax\n|-crit|p1a: Snorlax\n|-damage|p1a: Snorlax|47/100 par\n|move|p1a: Snorlax|Body Slam|p2a: Starmie\n|-damage|p2a: Starmie|66/100 par\n|\n|upkeep\n|turn|37\n|\n|t:|1786312975\n|move|p2a: Starmie|Recover|p2a: Starmie\n|-heal|p2a: Starmie|100/100 par\n|move|p1a: Snorlax|Rest|p1a: Snorlax\n|-status|p1a: Snorlax|slp|[from] move: Rest\n|-heal|p1a: Snorlax|100/100 slp|[silent]\n|\n|upkeep\n|turn|38\n|\n|t:|1786312977\n|move|p2a: Starmie|Surf|p1a: Snorlax\n|-damage|p1a: Snorlax|74/100 slp\n|cant|p1a: Snorlax|slp\n|\n|upkeep\n|turn|39\n|\n|t:|1786312979\n|move|p2a: Starmie|Surf|p1a: Snorlax|[miss]\n|-miss|p2a: Starmie\n|-hint|In Gen 1, moves with 100% accuracy can still miss 1/256 of the time.\n|-curestatus|p1a: Snorlax|slp|[msg]\n|\n|upkeep\n|turn|40\n|\n|t:|1786312982\n|switch|p1a: Tauros|Tauros|25/100 par\n|move|p2a: Starmie|Thunder Wave|p1a: Tauros\n|-fail|p1a: Tauros|par\n|\n|upkeep\n|turn|41\n|\n|t:|1786312988\n|switch|p1a: Starmie|Starmie|63/100\n|move|p2a: Starmie|Thunder Wave|p1a: Starmie\n|-status|p1a: Starmie|par\n|\n|upkeep\n|turn|42\n|\n|t:|1786312994\n|switch|p2a: Chansey|Chansey|100/100 par\n|cant|p1a: Starmie|par\n|\n|upkeep\n|turn|43\n|\n|t:|1786313002\n|switch|p1a: Gengar|Gengar|100/100 slp\n|move|p2a: Chansey|Thunder Wave|p1a: Gengar\n|-fail|p1a: Gengar\n|\n|upkeep\n|turn|44\n|\n|t:|1786313005\n|switch|p1a: Snorlax|Snorlax|74/100\n|move|p2a: Chansey|Ice Beam|p1a: Snorlax\n|-damage|p1a: Snorlax|54/100\n|\n|upkeep\n|turn|45\n|\n|t:|1786313021\n|switch|p2a: Rhydon|Rhydon|100/100\n|move|p1a: Snorlax|Body Slam|p2a: Rhydon\n|-resisted|p2a: Rhydon\n|-damage|p2a: Rhydon|89/100\n|\n|upkeep\n|turn|46\n|\n|t:|1786313028\n|move|p2a: Rhydon|Body Slam|p1a: Snorlax\n|-damage|p1a: Snorlax|36/100\n|move|p1a: Snorlax|Reflect|p1a: Snorlax\n|-start|p1a: Snorlax|Reflect\n|\n|upkeep\n|turn|47\n|\n|t:|1786313033\n|move|p2a: Rhydon|Earthquake|p1a: Snorlax\n|-damage|p1a: Snorlax|19/100\n|move|p1a: Snorlax|Rest|p1a: Snorlax\n|-status|p1a: Snorlax|slp|[from] move: Rest\n|-heal|p1a: Snorlax|100/100 slp|[silent]\n|\n|upkeep\n|turn|48\n|\n|t:|1786313048\n|switch|p2a: Snorlax|Snorlax|32/100\n|cant|p1a: Snorlax|slp\n|\n|upkeep\n|turn|49\n|\n|t:|1786313052\n|-curestatus|p1a: Snorlax|slp|[msg]\n|move|p2a: Snorlax|Reflect|p2a: Snorlax\n|-start|p2a: Snorlax|Reflect\n|\n|upkeep\n|turn|50\n|\n|t:|1786313055\n|move|p1a: Snorlax|Body Slam|p2a: Snorlax\n|-damage|p2a: Snorlax|19/100\n|move|p2a: Snorlax|Rest|p2a: Snorlax\n|-status|p2a: Snorlax|slp|[from] move: Rest\n|-heal|p2a: Snorlax|100/100 slp|[silent]\n|\n|upkeep\n|turn|51\n|\n|t:|1786313059\n|switch|p1a: Exeggutor|Exeggutor|100/100\n|cant|p2a: Snorlax|slp\n|\n|upkeep\n|turn|52\n|\n|t:|1786313069\n|switch|p2a: Jynx|Jynx|55/100\n|move|p1a: Exeggutor|Psychic|p2a: Jynx\n|-resisted|p2a: Jynx\n|-damage|p2a: Jynx|34/100\n|\n|upkeep\n|turn|53\n|\n|t:|1786313074\n|switch|p1a: Starmie|Starmie|63/100 par\n|move|p2a: Jynx|Blizzard|p1a: Starmie\n|-crit|p1a: Starmie\n|-resisted|p1a: Starmie\n|-damage|p1a: Starmie|23/100 par\n|\n|upkeep\n|turn|54\n|\n|t:|1786313082\n|move|p2a: Jynx|Psychic|p1a: Starmie\n|-resisted|p1a: Starmie\n|-damage|p1a: Starmie|7/100 par\n|-unboost|p1a: Starmie|spa|1\n|-unboost|p1a: Starmie|spd|1\n|move|p1a: Starmie|Recover|p1a: Starmie\n|-heal|p1a: Starmie|57/100 par\n|\n|upkeep\n|turn|55\n|\n|t:|1786313090\n|move|p2a: Jynx|Blizzard|p1a: Starmie\n|-resisted|p1a: Starmie\n|-damage|p1a: Starmie|25/100 par\n|move|p1a: Starmie|Recover|p1a: Starmie\n|-heal|p1a: Starmie|74/100 par\n|\n|upkeep\n|turn|56\n|\n|t:|1786313095\n|move|p2a: Jynx|Psychic|p1a: Starmie\n|-crit|p1a: Starmie\n|-resisted|p1a: Starmie\n|-damage|p1a: Starmie|45/100 par\n|-unboost|p1a: Starmie|spa|1\n|-unboost|p1a: Starmie|spd|1\n|cant|p1a: Starmie|par\n|\n|upkeep\n|turn|57\n|\n|t:|1786313103\n|switch|p1a: Tauros|Tauros|25/100 par\n|move|p2a: Jynx|Psychic|p1a: Tauros\n|-damage|p1a: Tauros|0 fnt\n|faint|p1a: Tauros\n|\n|t:|1786313104\n|switch|p1a: Starmie|Starmie|45/100 par\n|turn|58\n|\n|t:|1786313111\n|switch|p2a: Chansey|Chansey|100/100 par\n|move|p1a: Starmie|Recover|p1a: Starmie\n|-heal|p1a: Starmie|95/100 par\n|\n|upkeep\n|turn|59\n|\n|t:|1786313114\n|switch|p1a: Gengar|Gengar|100/100 slp\n|move|p2a: Chansey|Thunder Wave|p1a: Gengar\n|-fail|p1a: Gengar\n|\n|upkeep\n|turn|60\n|\n|t:|1786313121\n|switch|p1a: Snorlax|Snorlax|100/100\n|switch|p2a: Rhydon|Rhydon|89/100\n|\n|upkeep\n|turn|61\n|\n|t:|1786313123\n|switch|p1a: Exeggutor|Exeggutor|100/100\n|move|p2a: Rhydon|Earthquake|p1a: Exeggutor\n|-resisted|p1a: Exeggutor\n|-damage|p1a: Exeggutor|81/100\n|\n|upkeep\n|turn|62\n|\n|t:|1786313131\n|switch|p2a: Starmie|Starmie|100/100 par\n|move|p1a: Exeggutor|Psychic|p2a: Starmie\n|-resisted|p2a: Starmie\n|-damage|p2a: Starmie|81/100 par\n|\n|upkeep\n|turn|63\n|\n|t:|1786313137\n|switch|p1a: Starmie|Starmie|95/100 par\n|cant|p2a: Starmie|par\n|\n|upkeep\n|turn|64\n|\n|t:|1786313144\n|switch|p1a: Snorlax|Snorlax|100/100\n|switch|p2a: Chansey|Chansey|100/100 par\n|\n|upkeep\n|turn|65\n|\n|t:|1786313148\n|move|p1a: Snorlax|Body Slam|p2a: Chansey\n|-damage|p2a: Chansey|57/100 par\n|move|p2a: Chansey|Thunder Wave|p1a: Snorlax\n|-status|p1a: Snorlax|par\n|\n|upkeep\n|turn|66\n|\n|t:|1786313154\n|move|p2a: Chansey|Soft-Boiled|p2a: Chansey\n|-heal|p2a: Chansey|100/100 par\n|move|p1a: Snorlax|Body Slam|p2a: Chansey\n|-damage|p2a: Chansey|61/100 par\n|\n|upkeep\n|turn|67\n|\n|t:|1786313156\n|switch|p2a: Snorlax|Snorlax|100/100 slp\n|move|p1a: Snorlax|Body Slam|p2a: Snorlax\n|-damage|p2a: Snorlax|75/100 slp\n|\n|upkeep\n|turn|68\n|\n|t:|1786313159\n|switch|p1a: Exeggutor|Exeggutor|81/100\n|-curestatus|p2a: Snorlax|slp|[msg]\n|\n|upkeep\n|turn|69\n|\n|t:|1786313162\n|switch|p2a: Chansey|Chansey|61/100 par\n|move|p1a: Exeggutor|Psychic|p2a: Chansey\n|-damage|p2a: Chansey|44/100 par\n|-unboost|p2a: Chansey|spa|1\n|-unboost|p2a: Chansey|spd|1\n|\n|upkeep\n|turn|70\n|\n|t:|1786313164\n|move|p1a: Exeggutor|Psychic|p2a: Chansey\n|-damage|p2a: Chansey|19/100 par\n|move|p2a: Chansey|Soft-Boiled|p2a: Chansey\n|-heal|p2a: Chansey|69/100 par\n|\n|upkeep\n|turn|71\n|\n|t:|1786313168\n|switch|p1a: Snorlax|Snorlax|100/100 par\n|move|p2a: Chansey|Soft-Boiled|p2a: Chansey\n|-heal|p2a: Chansey|100/100 par\n|\n|upkeep\n|turn|72\n|\n|t:|1786313176\n|switch|p1a: Rhydon|Rhydon|90/100\n|switch|p2a: Snorlax|Snorlax|75/100\n|\n|upkeep\n|turn|73\n|\n|t:|1786313180\n|move|p1a: Rhydon|Earthquake|p2a: Snorlax\n|-damage|p2a: Snorlax|41/100\n|move|p2a: Snorlax|Ice Beam|p1a: Rhydon\n|-supereffective|p1a: Rhydon\n|-damage|p1a: Rhydon|43/100\n|\n|upkeep\n|turn|74\n|\n|t:|1786313194\n|move|p1a: Rhydon|Earthquake|p2a: Snorlax\n|-damage|p2a: Snorlax|7/100\n|move|p2a: Snorlax|Ice Beam|p1a: Rhydon\n|-supereffective|p1a: Rhydon\n|-damage|p1a: Rhydon|2/100\n|\n|upkeep\n|turn|75\n|\n|t:|1786313213\n|switch|p2a: Jynx|Jynx|34/100\n|move|p1a: Rhydon|Earthquake|p2a: Jynx\n|-crit|p2a: Jynx\n|-damage|p2a: Jynx|0 fnt\n|faint|p2a: Jynx\n|\n|t:|1786313215\n|switch|p2a: Tauros|Tauros|100/100\n|turn|76\n|\n|t:|1786313223\n|switch|p1a: Gengar|Gengar|100/100 slp\n|move|p2a: Tauros|Body Slam|p1a: Gengar\n|-immune|p1a: Gengar\n|\n|upkeep\n|turn|77\n|\n|t:|1786313228\n|cant|p1a: Gengar|slp\n|move|p2a: Tauros|Body Slam|p1a: Gengar\n|-immune|p1a: Gengar\n|\n|upkeep\n|turn|78\n|\n|t:|1786313233\n|cant|p1a: Gengar|slp\n|move|p2a: Tauros|Blizzard|p1a: Gengar\n|-damage|p1a: Gengar|82/100 slp\n|\n|upkeep\n|turn|79\n|\n|t:|1786313237\n|move|p2a: Tauros|Earthquake|p1a: Gengar\n|-crit|p1a: Gengar\n|-supereffective|p1a: Gengar\n|-damage|p1a: Gengar|0 fnt\n|faint|p1a: Gengar\n|\n|t:|1786313240\n|switch|p1a: Exeggutor|Exeggutor|81/100\n|turn|80\n|\n|t:|1786313253\n|switch|p2a: Starmie|Starmie|81/100 par\n|move|p1a: Exeggutor|Psychic|p2a: Starmie\n|-resisted|p2a: Starmie\n|-damage|p2a: Starmie|63/100 par\n|\n|upkeep\n|turn|81\n|\n|t:|1786313257\n|switch|p1a: Starmie|Starmie|95/100 par\n|cant|p2a: Starmie|par\n|\n|upkeep\n|turn|82\n|\n|t:|1786313262\n|switch|p1a: Snorlax|Snorlax|100/100 par\n|move|p2a: Starmie|Recover|p2a: Starmie\n|-heal|p2a: Starmie|100/100 par\n|\n|upkeep\n|turn|83\n|\n|t:|1786313268\n|move|p2a: Starmie|Surf|p1a: Snorlax\n|-damage|p1a: Snorlax|74/100 par\n|move|p1a: Snorlax|Reflect|p1a: Snorlax\n|-start|p1a: Snorlax|Reflect\n|\n|upkeep\n|turn|84\n|\n|t:|1786313281\n|cant|p2a: Starmie|par\n|move|p1a: Snorlax|Rest|p1a: Snorlax\n|-status|p1a: Snorlax|slp|[from] move: Rest\n|-heal|p1a: Snorlax|100/100 slp|[silent]\n|\n|upkeep\n|turn|85\n|\n|t:|1786313283\n|move|p2a: Starmie|Surf|p1a: Snorlax\n|-crit|p1a: Snorlax\n|-damage|p1a: Snorlax|49/100 slp\n|cant|p1a: Snorlax|slp\n|\n|upkeep\n|turn|86\n|\n|t:|1786313285\n|move|p2a: Starmie|Surf|p1a: Snorlax\n|-crit|p1a: Snorlax\n|-damage|p1a: Snorlax|0 fnt\n|faint|p1a: Snorlax\n|\n|t:|1786313289\n|switch|p1a: Starmie|Starmie|95/100 par\n|turn|87\n|\n|t:|1786313292\n|switch|p1a: Rhydon|Rhydon|2/100\n|switch|p2a: Chansey|Chansey|100/100 par\n|\n|upkeep\n|turn|88\n|\n|t:|1786313294\n|move|p1a: Rhydon|Earthquake|p2a: Chansey\n|-crit|p2a: Chansey\n|-damage|p2a: Chansey|0 fnt\n|faint|p2a: Chansey\n|\n|t:|1786313300\n|switch|p2a: Tauros|Tauros|100/100\n|turn|89\n|\n|t:|1786313305\n|move|p2a: Tauros|Body Slam|p1a: Rhydon\n|-crit|p1a: Rhydon\n|-resisted|p1a: Rhydon\n|-damage|p1a: Rhydon|0 fnt\n|faint|p1a: Rhydon\n|\n|t:|1786313307\n|switch|p1a: Starmie|Starmie|95/100 par\n|turn|90\n|\n|t:|1786313322\n|switch|p2a: Rhydon|Rhydon|89/100\n|move|p1a: Starmie|Blizzard|p2a: Rhydon\n|-supereffective|p2a: Rhydon\n|-damage|p2a: Rhydon|17/100\n|\n|upkeep\n|turn|91\n|\n|t:|1786313335\n|switch|p1a: Exeggutor|Exeggutor|81/100\n|move|p2a: Rhydon|Rock Slide|p1a: Exeggutor\n|-damage|p1a: Exeggutor|51/100\n|\n|upkeep\n|turn|92\n|\n|t:|1786313344\n|switch|p2a: Starmie|Starmie|100/100 par\n|move|p1a: Exeggutor|Psychic|p2a: Starmie\n|-resisted|p2a: Starmie\n|-damage|p2a: Starmie|82/100 par\n|-unboost|p2a: Starmie|spa|1\n|-unboost|p2a: Starmie|spd|1\n|\n|upkeep\n|turn|93\n|\n|t:|1786313351\n|switch|p1a: Starmie|Starmie|95/100 par\n|move|p2a: Starmie|Recover|p2a: Starmie\n|-heal|p2a: Starmie|100/100 par\n|\n|upkeep\n|turn|94\n|\n|t:|1786313359\n|move|p1a: Starmie|Blizzard|p2a: Starmie\n|-resisted|p2a: Starmie\n|-damage|p2a: Starmie|80/100 par\n|move|p2a: Starmie|Thunderbolt|p1a: Starmie\n|-supereffective|p1a: Starmie\n|-damage|p1a: Starmie|65/100 par\n|\n|upkeep\n|turn|95\n|\n|t:|1786313369\n|switch|p2a: Snorlax|Snorlax|7/100\n|move|p1a: Starmie|Blizzard|p2a: Snorlax\n|-damage|p2a: Snorlax|0 fnt\n|faint|p2a: Snorlax\n|\n|t:|1786313379\n|switch|p2a: Rhydon|Rhydon|17/100\n|turn|96\n|\n|t:|1786313391\n|switch|p1a: Exeggutor|Exeggutor|51/100\n|move|p2a: Rhydon|Body Slam|p1a: Exeggutor\n|-damage|p1a: Exeggutor|28/100\n|\n|upkeep\n|turn|97\n|\n|t:|1786313417\n|switch|p2a: Starmie|Starmie|80/100 par\n|move|p1a: Exeggutor|Psychic|p2a: Starmie\n|-resisted|p2a: Starmie\n|-damage|p2a: Starmie|61/100 par\n|-unboost|p2a: Starmie|spa|1\n|-unboost|p2a: Starmie|spd|1\n|\n|upkeep\n|turn|98\n|\n|t:|1786313422\n|move|p1a: Exeggutor|Rest|p1a: Exeggutor\n|-status|p1a: Exeggutor|slp|[from] move: Rest\n|-heal|p1a: Exeggutor|100/100 slp|[silent]\n|move|p2a: Starmie|Recover|p2a: Starmie\n|-heal|p2a: Starmie|100/100 par\n|\n|upkeep\n|turn|99\n|\n|t:|1786313424\n|switch|p2a: Tauros|Tauros|100/100\n|cant|p1a: Exeggutor|slp\n|\n|upkeep\n|turn|100\n|\n|t:|1786313425\n|move|p2a: Tauros|Body Slam|p1a: Exeggutor\n|-crit|p1a: Exeggutor\n|-damage|p1a: Exeggutor|47/100 slp\n|-curestatus|p1a: Exeggutor|slp|[msg]\n|\n|upkeep\n|turn|101\n|\n|t:|1786313433\n|switch|p2a: Starmie|Starmie|100/100 par\n|switch|p1a: Starmie|Starmie|65/100 par\n|\n|upkeep\n|turn|102\n|\n|t:|1786313447\n|switch|p2a: Rhydon|Rhydon|17/100\n|move|p1a: Starmie|Thunderbolt|p2a: Rhydon\n|-immune|p2a: Rhydon\n|\n|upkeep\n|turn|103\n|\n|t:|1786313455\n|switch|p1a: Exeggutor|Exeggutor|47/100\n|move|p2a: Rhydon|Rock Slide|p1a: Exeggutor\n|-damage|p1a: Exeggutor|18/100\n|\n|upkeep\n|turn|104\n|\n|t:|1786313460\n|move|p1a: Exeggutor|Sleep Powder|p2a: Rhydon\n|-status|p2a: Rhydon|slp|[from] move: Sleep Powder\n|cant|p2a: Rhydon|slp\n|\n|upkeep\n|turn|105\n|\n|t:|1786313463\n|switch|p1a: Starmie|Starmie|65/100 par\n|switch|p2a: Tauros|Tauros|100/100\n|\n|upkeep\n|turn|106\n|\n|t:|1786313469\n|switch|p2a: Starmie|Starmie|100/100 par\n|move|p1a: Starmie|Thunder Wave|p2a: Starmie\n|-fail|p2a: Starmie|par\n|\n|upkeep\n|turn|107\n|\n|t:|1786313478\n|switch|p2a: Tauros|Tauros|100/100\n|move|p1a: Starmie|Recover|p1a: Starmie\n|-heal|p1a: Starmie|100/100 par\n|\n|upkeep\n|turn|108\n|\n|t:|1786313487\n|move|p2a: Tauros|Body Slam|p1a: Starmie\n|-damage|p1a: Starmie|69/100 par\n|move|p1a: Starmie|Thunder Wave|p2a: Tauros\n|-status|p2a: Tauros|par\n|\n|upkeep\n|turn|109\n|\n|t:|1786313498\n|move|p1a: Starmie|Blizzard|p2a: Tauros\n|-damage|p2a: Tauros|66/100 par\n|cant|p2a: Tauros|par\n|\n|upkeep\n|turn|110\n|\n|t:|1786313502\n|switch|p2a: Starmie|Starmie|100/100 par\n|cant|p1a: Starmie|par\n|\n|upkeep\n|turn|111\n|\n|t:|1786313507\n|switch|p1a: Exeggutor|Exeggutor|18/100\n|move|p2a: Starmie|Surf|p1a: Exeggutor\n|-resisted|p1a: Exeggutor\n|-damage|p1a: Exeggutor|7/100\n|\n|upkeep\n|turn|112\n|\n|t:|1786313511\n|switch|p2a: Tauros|Tauros|66/100 par\n|move|p1a: Exeggutor|Rest|p1a: Exeggutor\n|-status|p1a: Exeggutor|slp|[from] move: Rest\n|-heal|p1a: Exeggutor|100/100 slp|[silent]\n|\n|upkeep\n|turn|113\n|\n|t:|1786313515\n|cant|p1a: Exeggutor|slp\n|cant|p2a: Tauros|par\n|\n|upkeep\n|turn|114\n|\n|t:|1786313522\n|-curestatus|p1a: Exeggutor|slp|[msg]\n|move|p2a: Tauros|Body Slam|p1a: Exeggutor\n|-damage|p1a: Exeggutor|70/100\n|\n|upkeep\n|turn|115\n|\n|t:|1786313528\n|switch|p2a: Starmie|Starmie|100/100 par\n|move|p1a: Exeggutor|Psychic|p2a: Starmie\n|-resisted|p2a: Starmie\n|-damage|p2a: Starmie|82/100 par\n|-unboost|p2a: Starmie|spa|1\n|-unboost|p2a: Starmie|spd|1\n|\n|upkeep\n|turn|116\n|\n|t:|1786313535\n|move|p1a: Exeggutor|Psychic|p2a: Starmie\n|-resisted|p2a: Starmie\n|-damage|p2a: Starmie|51/100 par\n|move|p2a: Starmie|Thunderbolt|p1a: Exeggutor\n|-resisted|p1a: Exeggutor\n|-damage|p1a: Exeggutor|65/100\n|\n|upkeep\n|turn|117\n|\n|t:|1786313540\n|switch|p1a: Starmie|Starmie|69/100 par\n|cant|p2a: Starmie|par\n|\n|upkeep\n|turn|118\n|\n|t:|1786313547\n|switch|p2a: Tauros|Tauros|66/100 par\n|move|p1a: Starmie|Recover|p1a: Starmie\n|-heal|p1a: Starmie|100/100 par\n|\n|upkeep\n|turn|119\n|\n|t:|1786313550\n|move|p1a: Starmie|Blizzard|p2a: Tauros\n|-damage|p2a: Tauros|34/100 par\n|move|p2a: Tauros|Body Slam|p1a: Starmie\n|-damage|p1a: Starmie|65/100 par\n|\n|upkeep\n|turn|120\n|\n|t:|1786313558\n|move|p1a: Starmie|Thunderbolt|p2a: Tauros\n|-damage|p2a: Tauros|7/100 par\n|cant|p2a: Tauros|par\n|\n|upkeep\n|turn|121\n|\n|t:|1786313568\n|move|p1a: Starmie|Thunderbolt|p2a: Tauros\n|-damage|p2a: Tauros|0 fnt\n|faint|p2a: Tauros\n|\n|t:|1786313569\n|switch|p2a: Starmie|Starmie|51/100 par\n|turn|122\n|\n|t:|1786313574\n|cant|p2a: Starmie|par\n|move|p1a: Starmie|Thunderbolt|p2a: Starmie\n|-supereffective|p2a: Starmie\n|-damage|p2a: Starmie|6/100 par\n|\n|upkeep\n|turn|123\n|\n|t:|1786313576\n|move|p2a: Starmie|Recover|p2a: Starmie\n|-heal|p2a: Starmie|56/100 par\n|move|p1a: Starmie|Thunderbolt|p2a: Starmie\n|-crit|p2a: Starmie\n|-supereffective|p2a: Starmie\n|-damage|p2a: Starmie|0 fnt\n|faint|p2a: Starmie\n|\n|t:|1786313579\n|switch|p2a: Rhydon|Rhydon|17/100 slp\n|turn|124\n|c|☆Tree69420|gg\n|\n|t:|1786313581\n|switch|p1a: Exeggutor|Exeggutor|65/100\n|cant|p2a: Rhydon|slp\n|\n|upkeep\n|turn|125\n|\n|t:|1786313584\n|move|p1a: Exeggutor|Psychic|p2a: Rhydon\n|-damage|p2a: Rhydon|0 fnt\n|faint|p2a: Rhydon\n|\n|win|1000papercranes\n","uploadtime":1786313584,"views":"74","formatid":"gen1ou","rating":null,"private":0,"password":null}