{"id":"smogtours-gen1ou-814530","format":"[Gen 1] OU","players":["nicole7735","spies (psychic)"],"log":"|inactive|Battle timer is ON: inactive players will automatically lose when time's up.\n|t:|1737169513\n|gametype|singles\n|player|p1|nicole7735|#splxvisharks2|\n|player|p2|spies (psychic)|psychic-gen1rb|\n|teamsize|p1|6\n|teamsize|p2|6\n|gen|1\n|tier|[Gen 1] OU\n|rule|Desync Clause Mod: Desyncs changed to move failure.\n|rule|Sleep Clause Mod: Limit one foe put to sleep\n|rule|Freeze Clause Mod: Limit one foe frozen\n|rule|Species Clause: Limit one of each Pokémon\n|rule|OHKO Clause: OHKO moves are banned\n|rule|Evasion Moves Clause: Evasion moves are banned\n|rule|Endless Battle Clause: Forcing endless battles is banned\n|rule|HP Percentage Mod: HP is shown in percentages\n|\n|t:|1737169513\n|start\n|switch|p1a: Jynx|Jynx|100/100\n|switch|p2a: Gengar|Gengar|100/100\n|turn|1\n|c|☆nicole7735|hf\n|c|☆spies (psychic)|hf\n|\n|t:|1737169529\n|move|p2a: Gengar|Hypnosis|p1a: Jynx|[miss]\n|-miss|p2a: Gengar\n|move|p1a: Jynx|Psychic|p2a: Gengar\n|-crit|p2a: Gengar\n|-supereffective|p2a: Gengar\n|-damage|p2a: Gengar|0 fnt\n|faint|p2a: Gengar\n|inactive|spies (psychic) has 270 seconds left.\n|\n|t:|1737169563\n|switch|p2a: Starmie|Starmie|100/100\n|turn|2\n|\n|t:|1737169566\n|move|p2a: Starmie|Thunder Wave|p1a: Jynx\n|-status|p1a: Jynx|par\n|move|p1a: Jynx|Lovely Kiss|p2a: Starmie\n|-status|p2a: Starmie|slp|[from] move: Lovely Kiss\n|\n|upkeep\n|turn|3\n|\n|t:|1737169572\n|switch|p2a: Chansey|Chansey|100/100\n|switch|p1a: Tauros|Tauros|100/100\n|\n|upkeep\n|turn|4\n|\n|t:|1737169591\n|move|p1a: Tauros|Body Slam|p2a: Chansey\n|-damage|p2a: Chansey|63/100\n|move|p2a: Chansey|Thunder Wave|p1a: Tauros\n|-status|p1a: Tauros|par\n|\n|upkeep\n|turn|5\n|\n|t:|1737169605\n|switch|p1a: Jynx|Jynx|100/100 par\n|move|p2a: Chansey|Soft-Boiled|p2a: Chansey\n|-heal|p2a: Chansey|100/100\n|\n|upkeep\n|turn|6\n|\n|t:|1737169608\n|move|p2a: Chansey|Seismic Toss|p1a: Jynx\n|-damage|p1a: Jynx|70/100 par\n|move|p1a: Jynx|Blizzard|p2a: Chansey\n|-damage|p2a: Chansey|82/100\n|\n|upkeep\n|turn|7\n|\n|t:|1737169615\n|move|p2a: Chansey|Seismic Toss|p1a: Jynx\n|-damage|p1a: Jynx|40/100 par\n|move|p1a: Jynx|Blizzard|p2a: Chansey\n|-crit|p2a: Chansey\n|-damage|p2a: Chansey|43/100\n|\n|upkeep\n|turn|8\n|\n|t:|1737169618\n|move|p2a: Chansey|Soft-Boiled|p2a: Chansey\n|-heal|p2a: Chansey|93/100\n|move|p1a: Jynx|Rest|p1a: Jynx\n|-status|p1a: Jynx|slp|[from] move: Rest\n|-heal|p1a: Jynx|100/100 slp|[silent]\n|\n|upkeep\n|turn|9\n|\n|t:|1737169623\n|move|p2a: Chansey|Seismic Toss|p1a: Jynx\n|-damage|p1a: Jynx|70/100 slp\n|cant|p1a: Jynx|slp\n|\n|upkeep\n|turn|10\n|\n|t:|1737169627\n|move|p2a: Chansey|Seismic Toss|p1a: Jynx\n|-damage|p1a: Jynx|40/100 slp\n|-curestatus|p1a: Jynx|slp|[msg]\n|\n|upkeep\n|turn|11\n|\n|t:|1737169632\n|move|p2a: Chansey|Seismic Toss|p1a: Jynx\n|-damage|p1a: Jynx|10/100\n|move|p1a: Jynx|Rest|p1a: Jynx\n|-status|p1a: Jynx|slp|[from] move: Rest\n|-heal|p1a: Jynx|100/100 slp|[silent]\n|\n|upkeep\n|turn|12\n|\n|t:|1737169635\n|switch|p2a: Tauros|Tauros|100/100\n|cant|p1a: Jynx|slp\n|\n|upkeep\n|turn|13\n|inactive|nicole7735 has 270 seconds left.\n|\n|t:|1737169684\n|switch|p1a: Snorlax|Snorlax|100/100\n|move|p2a: Tauros|Body Slam|p1a: Snorlax\n|-damage|p1a: Snorlax|74/100\n|\n|upkeep\n|turn|14\n|inactive|spies (psychic) has 270 seconds left.\n|\n|t:|1737169715\n|move|p2a: Tauros|Earthquake|p1a: Snorlax\n|-damage|p1a: Snorlax|57/100\n|move|p1a: Snorlax|Body Slam|p2a: Tauros\n|-damage|p2a: Tauros|68/100\n|\n|upkeep\n|turn|15\n|\n|t:|1737169722\n|switch|p2a: Starmie|Starmie|100/100 slp\n|move|p1a: Snorlax|Body Slam|p2a: Starmie\n|-damage|p2a: Starmie|64/100 slp\n|\n|upkeep\n|turn|16\n|\n|t:|1737169727\n|switch|p2a: Chansey|Chansey|93/100\n|move|p1a: Snorlax|Body Slam|p2a: Chansey\n|-damage|p2a: Chansey|48/100\n|\n|upkeep\n|turn|17\n|\n|t:|1737169731\n|move|p2a: Chansey|Soft-Boiled|p2a: Chansey\n|-heal|p2a: Chansey|98/100\n|move|p1a: Snorlax|Body Slam|p2a: Chansey\n|-damage|p2a: Chansey|54/100\n|\n|upkeep\n|turn|18\n|\n|t:|1737169747\n|switch|p1a: Jynx|Jynx|100/100 slp\n|move|p2a: Chansey|Soft-Boiled|p2a: Chansey\n|-heal|p2a: Chansey|100/100\n|\n|upkeep\n|turn|19\n|\n|t:|1737169751\n|-curestatus|p1a: Jynx|slp|[msg]\n|move|p2a: Chansey|Thunder Wave|p1a: Jynx\n|-status|p1a: Jynx|par\n|\n|upkeep\n|turn|20\n|\n|t:|1737169755\n|move|p2a: Chansey|Seismic Toss|p1a: Jynx\n|-damage|p1a: Jynx|70/100 par\n|move|p1a: Jynx|Blizzard|p2a: Chansey|[miss]\n|-miss|p1a: Jynx\n|\n|upkeep\n|turn|21\n|\n|t:|1737169759\n|move|p2a: Chansey|Seismic Toss|p1a: Jynx\n|-damage|p1a: Jynx|40/100 par\n|cant|p1a: Jynx|par\n|\n|upkeep\n|turn|22\n|\n|t:|1737169765\n|switch|p2a: Tauros|Tauros|68/100\n|cant|p1a: Jynx|par\n|\n|upkeep\n|turn|23\n|\n|t:|1737169772\n|switch|p1a: Cloyster|Cloyster|100/100\n|move|p2a: Tauros|Body Slam|p1a: Cloyster\n|-crit|p1a: Cloyster\n|-damage|p1a: Cloyster|61/100\n|\n|upkeep\n|turn|24\n|inactive|spies (psychic) has 270 seconds left.\n|\n|t:|1737169805\n|switch|p2a: Chansey|Chansey|100/100\n|move|p1a: Cloyster|Blizzard|p2a: Chansey\n|-damage|p2a: Chansey|83/100\n|\n|upkeep\n|turn|25\n|rated|Smogon Premier League\n|\n|t:|1737169831\n|move|p1a: Cloyster|Clamp|p2a: Chansey\n|-damage|p2a: Chansey|77/100\n|cant|p2a: Chansey|partiallytrapped\n|\n|upkeep\n|turn|26\n|\n|t:|1737169838\n|switch|p2a: Starmie|Starmie|64/100 slp\n|move|p1a: Cloyster|Clamp|p2a: Starmie|[miss]\n|-miss|p1a: Cloyster\n|\n|upkeep\n|turn|27\n|\n|t:|1737169844\n|switch|p2a: Chansey|Chansey|77/100\n|move|p1a: Cloyster|Blizzard|p2a: Chansey\n|-crit|p2a: Chansey\n|-damage|p2a: Chansey|45/100\n|\n|upkeep\n|turn|28\n|\n|t:|1737169851\n|move|p1a: Cloyster|Clamp|p2a: Chansey\n|-damage|p2a: Chansey|40/100\n|cant|p2a: Chansey|partiallytrapped\n|\n|upkeep\n|turn|29\n|\n|t:|1737169861\n|switch|p1a: Snorlax|Snorlax|57/100\n|switch|p2a: Starmie|Starmie|64/100 slp\n|\n|upkeep\n|turn|30\n|\n|t:|1737169865\n|switch|p2a: Snorlax|Snorlax|100/100\n|move|p1a: Snorlax|Body Slam|p2a: Snorlax\n|-damage|p2a: Snorlax|75/100\n|\n|upkeep\n|turn|31\n|\n|t:|1737169877\n|switch|p1a: Chansey|Chansey|100/100\n|move|p2a: Snorlax|Reflect|p2a: Snorlax\n|-start|p2a: Snorlax|Reflect\n|\n|upkeep\n|turn|32\n|\n|t:|1737169886\n|switch|p2a: Chansey|Chansey|40/100\n|move|p1a: Chansey|Thunder Wave|p2a: Chansey\n|-status|p2a: Chansey|par\n|\n|upkeep\n|turn|33\n|\n|t:|1737169906\n|switch|p1a: Tauros|Tauros|100/100 par\n|cant|p2a: Chansey|par\n|\n|upkeep\n|turn|34\n|\n|t:|1737169913\n|switch|p2a: Snorlax|Snorlax|75/100\n|move|p1a: Tauros|Body Slam|p2a: Snorlax\n|-damage|p2a: Snorlax|52/100\n|\n|upkeep\n|turn|35\n|\n|t:|1737169921\n|switch|p1a: Chansey|Chansey|100/100\n|move|p2a: Snorlax|Body Slam|p1a: Chansey\n|-damage|p1a: Chansey|59/100\n|\n|upkeep\n|turn|36\n|\n|t:|1737169926\n|switch|p2a: Chansey|Chansey|40/100 par\n|move|p1a: Chansey|Counter|p2a: Chansey\n|-damage|p2a: Chansey|0 fnt\n|faint|p2a: Chansey\n|\n|t:|1737169950\n|switch|p2a: Exeggutor|Exeggutor|100/100\n|turn|37\n|inactive|nicole7735 has 270 seconds left.\n|\n|t:|1737169994\n|switch|p1a: Jynx|Jynx|40/100 par\n|move|p2a: Exeggutor|Psychic|p1a: Jynx\n|-resisted|p1a: Jynx\n|-damage|p1a: Jynx|22/100 par\n|\n|upkeep\n|turn|38\n|inactive|spies (psychic) has 270 seconds left.\n|\n|t:|1737170021\n|move|p2a: Exeggutor|Psychic|p1a: Jynx\n|-resisted|p1a: Jynx\n|-damage|p1a: Jynx|4/100 par\n|move|p1a: Jynx|Blizzard|p2a: Exeggutor\n|-supereffective|p2a: Exeggutor\n|-damage|p2a: Exeggutor|42/100\n|\n|upkeep\n|turn|39\n|inactive|nicole7735 has 270 seconds left.\n|inactive|spies (psychic) has 270 seconds left.\n|inactive|nicole7735 has 240 seconds left.\n|\n|t:|1737170074\n|move|p2a: Exeggutor|Psychic|p1a: Jynx\n|-resisted|p1a: Jynx\n|-damage|p1a: Jynx|0 fnt\n|faint|p1a: Jynx\n|\n|t:|1737170075\n|switch|p1a: Cloyster|Cloyster|61/100\n|turn|40\n|inactive|spies (psychic) has 270 seconds left.\n|\n|t:|1737170092\n|switch|p2a: Starmie|Starmie|64/100 slp\n|move|p1a: Cloyster|Blizzard|p2a: Starmie\n|-resisted|p2a: Starmie\n|-damage|p2a: Starmie|44/100 slp\n|\n|upkeep\n|turn|41\n|inactive|nicole7735 has 240 seconds left.\n|inactive|spies (psychic) has 270 seconds left.\n|\n|t:|1737170114\n|cant|p2a: Starmie|slp\n|move|p1a: Cloyster|Blizzard|p2a: Starmie\n|-resisted|p2a: Starmie\n|-damage|p2a: Starmie|25/100 slp\n|\n|upkeep\n|turn|42\n|\n|t:|1737170117\n|-curestatus|p2a: Starmie|slp|[msg]\n|move|p1a: Cloyster|Blizzard|p2a: Starmie|[miss]\n|-miss|p1a: Cloyster\n|\n|upkeep\n|turn|43\n|inactive|nicole7735 has 240 seconds left.\n|inactive|spies (psychic) has 270 seconds left.\n|inactive|spies (psychic) has 240 seconds left.\n|inactive|nicole7735 has 210 seconds left.\n|inactive|spies (psychic) has 210 seconds left.\n|inactive|nicole7735 has 180 seconds left.\n|inactive|nicole7735 has 150 seconds left.\n|inactive|spies (psychic) has 180 seconds left.\n|inactive|nicole7735 has 120 seconds left.\n|inactive|spies (psychic) has 150 seconds left.\n|inactive|nicole7735 has 90 seconds left.\n|\n|t:|1737170323\n|move|p2a: Starmie|Recover|p2a: Starmie\n|-heal|p2a: Starmie|74/100\n|move|p1a: Cloyster|Explosion|p2a: Starmie\n|-damage|p2a: Starmie|0 fnt\n|faint|p2a: Starmie\n|faint|p1a: Cloyster\n|inactive|nicole7735 has 90 seconds left.\n|inactive|spies (psychic) has 120 seconds left.\n|inactive|nicole7735 has 60 seconds left.\n|\n|t:|1737170372\n|switch|p2a: Exeggutor|Exeggutor|42/100\n|switch|p1a: Tauros|Tauros|100/100 par\n|turn|44\n|inactive|spies (psychic) has 90 seconds left.\n|inactive|spies (psychic) has 60 seconds left.\n|\n|t:|1737170443\n|switch|p2a: Snorlax|Snorlax|52/100\n|move|p1a: Tauros|Body Slam|p2a: Snorlax\n|-damage|p2a: Snorlax|27/100\n|\n|upkeep\n|turn|45\n|inactive|nicole7735 has 30 seconds left.\n|inactive|nicole7735 has 20 seconds left.\n|inactive|nicole7735 has 15 seconds left.\n|inactive|spies (psychic) has 30 seconds left.\n|inactive|nicole7735 has 10 seconds left.\n|inactive|spies (psychic) has 20 seconds left.\n|inactive|spies (psychic) has 15 seconds left.\n|\n|t:|1737170496\n|switch|p1a: Alakazam|Alakazam|100/100\n|move|p2a: Snorlax|Reflect|p2a: Snorlax\n|-start|p2a: Snorlax|Reflect\n|\n|upkeep\n|turn|46\n|inactive|nicole7735 has 20 seconds left this turn.\n|inactive|spies (psychic) has 25 seconds left this turn.\n|inactive|spies (psychic) has 20 seconds left.\n|inactive|spies (psychic) has 15 seconds left.\n|inactive|spies (psychic) has 10 seconds left.\n|\n|t:|1737170515\n|move|p1a: Alakazam|Psychic|p2a: Snorlax\n|-damage|p2a: Snorlax|0 fnt\n|faint|p2a: Snorlax\n|inactive|nicole7735 has 25 seconds left this turn.\n|inactive|spies (psychic) has 15 seconds left this turn.\n|\n|t:|1737170517\n|switch|p2a: Exeggutor|Exeggutor|42/100\n|turn|47\n|inactive|spies (psychic) has 25 seconds left this turn.\n|inactive|nicole7735 has 30 seconds left.\n|inactive|spies (psychic) has 20 seconds left.\n|inactive|spies (psychic) has 15 seconds left.\n|inactive|nicole7735 has 20 seconds left.\n|inactive|spies (psychic) has 10 seconds left.\n|inactive|nicole7735 has 15 seconds left.\n|inactive|spies (psychic) has 5 seconds left.\n|inactive|nicole7735 has 10 seconds left.\n|\n|t:|1737170543\n|switch|p1a: Chansey|Chansey|59/100\n|move|p2a: Exeggutor|Stun Spore|p1a: Chansey\n|-status|p1a: Chansey|par\n|\n|upkeep\n|turn|48\n|inactive|nicole7735 has 20 seconds left this turn.\n|inactive|spies (psychic) has 15 seconds left this turn.\n|\n|t:|1737170547\n|switch|p2a: Tauros|Tauros|68/100\n|move|p1a: Chansey|Ice Beam|p2a: Tauros\n|-damage|p2a: Tauros|42/100\n|\n|upkeep\n|turn|49\n|inactive|nicole7735 has 30 seconds left this turn.\n|inactive|spies (psychic) has 25 seconds left this turn.\n|inactive|spies (psychic) has 20 seconds left.\n|\n|t:|1737170554\n|move|p2a: Tauros|Body Slam|p1a: Chansey\n|-damage|p1a: Chansey|18/100 par\n|cant|p1a: Chansey|par\n|\n|upkeep\n|turn|50\n|inactive|spies (psychic) has 30 seconds left this turn.\n|inactive|spies (psychic) has 20 seconds left.\n|\n|t:|1737170565\n|move|p2a: Tauros|Body Slam|p1a: Chansey\n|-damage|p1a: Chansey|0 fnt\n|faint|p1a: Chansey\n|inactive|spies (psychic) has 25 seconds left this turn.\n|\n|t:|1737170568\n|switch|p1a: Alakazam|Alakazam|100/100\n|turn|51\n|\n|t:|1737170573\n|switch|p2a: Exeggutor|Exeggutor|42/100\n|move|p1a: Alakazam|Psychic|p2a: Exeggutor\n|-crit|p2a: Exeggutor\n|-resisted|p2a: Exeggutor\n|-damage|p2a: Exeggutor|15/100\n|\n|upkeep\n|turn|52\n|c|☆spies (psychic)|gg\n|\n|t:|1737170585\n|move|p1a: Alakazam|Seismic Toss|p2a: Exeggutor\n|-damage|p2a: Exeggutor|0 fnt\n|faint|p2a: Exeggutor\n|\n|t:|1737170587\n|switch|p2a: Tauros|Tauros|42/100\n|turn|53\n|\n|t:|1737170589\n|move|p1a: Alakazam|Psychic|p2a: Tauros\n|-damage|p2a: Tauros|0 fnt\n|faint|p2a: Tauros\n|\n|win|nicole7735\n|c|☆nicole7735|ggs\n|player|p2|\n","uploadtime":1737170589,"views":"2218","formatid":"gen1ou","rating":null,"private":0,"password":null}