{"id":"smogtours-gen1ou-915241","format":"[Gen 1] OU","players":["nicole7735","BeeOrSomething"],"log":"|inactive|Battle timer is ON: inactive players will automatically lose when time's up.\n|t:|1772938772\n|gametype|singles\n|player|p1|nicole7735|#splxviiscooters|\n|player|p2|BeeOrSomething|#beeorsomething|\n|gen|1\n|tier|[Gen 1] OU\n|rule|Desync Clause Mod: Desyncs changed to move failure.\n|rule|Sleep Clause Mod: Limit one foe put to sleep\n|rule|Freeze Clause Mod: Limit one foe frozen\n|rule|Species Clause: Limit one of each Pokémon\n|rule|OHKO Clause: OHKO moves are banned\n|rule|Evasion Moves Clause: Evasion moves are banned\n|rule|Endless Battle Clause: Forcing endless battles is banned\n|rule|HP Percentage Mod: HP is shown in percentages\n|\n|t:|1772938772\n|teamsize|p1|6\n|teamsize|p2|6\n|start\n|switch|p1a: Jynx|Jynx|100/100\n|switch|p2a: Culling Game|Starmie|100/100\n|turn|1\n|c|☆BeeOrSomething|glhf\n|c|☆nicole7735|hf\n|inactive|nicole7735 has 270 seconds left.\n|inactive|BeeOrSomething has 270 seconds left.\n|\n|t:|1772938826\n|move|p2a: Culling Game|Thunder Wave|p1a: Jynx\n|-status|p1a: Jynx|par\n|move|p1a: Jynx|Lovely Kiss|p2a: Culling Game|[miss]\n|-miss|p1a: Jynx\n|\n|upkeep\n|turn|2\n|rated|Smogon Premier League\n|inactive|BeeOrSomething has 270 seconds left.\n|\n|t:|1772938857\n|switch|p2a: One More Time|Exeggutor|100/100\n|cant|p1a: Jynx|par\n|\n|upkeep\n|turn|3\n|inactive|BeeOrSomething has 270 seconds left.\n|inactive|nicole7735 has 270 seconds left.\n|\n|t:|1772938917\n|switch|p2a: Culling Game|Starmie|100/100\n|move|p1a: Jynx|Blizzard|p2a: Culling Game\n|-resisted|p2a: Culling Game\n|-damage|p2a: Culling Game|79/100\n|\n|upkeep\n|turn|4\n|\n|t:|1772938926\n|move|p2a: Culling Game|Psychic|p1a: Jynx\n|-resisted|p1a: Jynx\n|-damage|p1a: Jynx|84/100 par\n|cant|p1a: Jynx|par\n|\n|upkeep\n|turn|5\n|\n|t:|1772938934\n|move|p2a: Culling Game|Psychic|p1a: Jynx\n|-resisted|p1a: Jynx\n|-damage|p1a: Jynx|67/100 par\n|move|p1a: Jynx|Lovely Kiss|p2a: Culling Game\n|-status|p2a: Culling Game|slp|[from] move: Lovely Kiss\n|\n|upkeep\n|turn|6\n|inactive|nicole7735 has 270 seconds left.\n|\n|t:|1772938946\n|switch|p2a: Passion|Chansey|100/100\n|switch|p1a: Tauros|Tauros|100/100\n|\n|upkeep\n|turn|7\n|inactive|BeeOrSomething has 270 seconds left.\n|\n|t:|1772938955\n|switch|p1a: Jynx|Jynx|67/100 par\n|move|p2a: Passion|Seismic Toss|p1a: Jynx\n|-damage|p1a: Jynx|37/100 par\n|\n|upkeep\n|turn|8\n|inactive|BeeOrSomething has 270 seconds left.\n|\n|t:|1772938967\n|switch|p2a: Execution|Tauros|100/100\n|move|p1a: Jynx|Rest|p1a: Jynx\n|-status|p1a: Jynx|slp|[from] move: Rest\n|-heal|p1a: Jynx|100/100 slp|[silent]\n|\n|upkeep\n|turn|9\n|\n|t:|1772938975\n|switch|p1a: Starmie|Starmie|100/100\n|move|p2a: Execution|Body Slam|p1a: Starmie\n|-damage|p1a: Starmie|64/100\n|\n|upkeep\n|turn|10\n|\n|t:|1772938980\n|switch|p2a: Culling Game|Starmie|79/100 slp\n|move|p1a: Starmie|Thunder Wave|p2a: Culling Game\n|-fail|p2a: Culling Game\n|\n|upkeep\n|turn|11\n|\n|t:|1772938985\n|move|p1a: Starmie|Recover|p1a: Starmie\n|-heal|p1a: Starmie|100/100\n|cant|p2a: Culling Game|slp\n|\n|upkeep\n|turn|12\n|\n|t:|1772938992\n|cant|p2a: Culling Game|slp\n|move|p1a: Starmie|Thunder Wave|p2a: Culling Game\n|-fail|p2a: Culling Game\n|\n|upkeep\n|turn|13\n|\n|t:|1772938999\n|switch|p1a: Tauros|Tauros|100/100\n|-curestatus|p2a: Culling Game|slp|[msg]\n|\n|upkeep\n|turn|14\n|\n|t:|1772939016\n|switch|p1a: Jynx|Jynx|100/100 slp\n|move|p2a: Culling Game|Psychic|p1a: Jynx\n|-resisted|p1a: Jynx\n|-damage|p1a: Jynx|85/100 slp\n|-unboost|p1a: Jynx|spa|1\n|-unboost|p1a: Jynx|spd|1\n|\n|upkeep\n|turn|15\n|\n|t:|1772939020\n|switch|p2a: One More Time|Exeggutor|100/100\n|cant|p1a: Jynx|slp\n|\n|upkeep\n|turn|16\n|\n|t:|1772939028\n|-curestatus|p1a: Jynx|slp|[msg]\n|move|p2a: One More Time|Sleep Powder|p1a: Jynx\n|-status|p1a: Jynx|slp|[from] move: Sleep Powder\n|\n|upkeep\n|turn|17\n|inactive|BeeOrSomething has 270 seconds left.\n|\n|t:|1772939071\n|switch|p1a: Chansey|Chansey|100/100\n|move|p2a: One More Time|Psychic|p1a: Chansey\n|-damage|p1a: Chansey|83/100\n|\n|upkeep\n|turn|18\n|\n|t:|1772939098\n|switch|p2a: Culling Game|Starmie|79/100\n|move|p1a: Chansey|Thunder Wave|p2a: Culling Game\n|-status|p2a: Culling Game|par\n|\n|upkeep\n|turn|19\n|inactive|BeeOrSomething has 240 seconds left.\n|\n|t:|1772939118\n|switch|p2a: Passion|Chansey|100/100\n|move|p1a: Chansey|Thunder Wave|p2a: Passion\n|-status|p2a: Passion|par\n|\n|upkeep\n|turn|20\n|\n|t:|1772939129\n|move|p1a: Chansey|Ice Beam|p2a: Passion\n|-crit|p2a: Passion\n|-damage|p2a: Passion|80/100 par\n|move|p2a: Passion|Thunder Wave|p1a: Chansey\n|-status|p1a: Chansey|par\n|\n|upkeep\n|turn|21\n|\n|t:|1772939134\n|move|p2a: Passion|Seismic Toss|p1a: Chansey\n|-damage|p1a: Chansey|69/100 par\n|cant|p1a: Chansey|par\n|\n|upkeep\n|turn|22\n|\n|t:|1772939138\n|switch|p2a: Cog|Snorlax|100/100\n|move|p1a: Chansey|Thunder Wave|p2a: Cog\n|-status|p2a: Cog|par\n|\n|upkeep\n|turn|23\n|\n|t:|1772939153\n|switch|p1a: Snorlax|Snorlax|100/100\n|move|p2a: Cog|Reflect|p2a: Cog\n|-start|p2a: Cog|Reflect\n|\n|upkeep\n|turn|24\n|\n|t:|1772939161\n|switch|p1a: Tauros|Tauros|100/100\n|move|p2a: Cog|Body Slam|p1a: Tauros\n|-damage|p1a: Tauros|69/100\n|\n|upkeep\n|turn|25\n|c|☆nicole7735|well\n|c|☆BeeOrSomething|rough\n|inactive|nicole7735 has 270 seconds left.\n|\n|t:|1772939209\n|switch|p1a: Snorlax|Snorlax|100/100\n|move|p2a: Cog|Body Slam|p1a: Snorlax\n|-damage|p1a: Snorlax|76/100\n|\n|upkeep\n|turn|26\n|\n|t:|1772939214\n|move|p1a: Snorlax|Reflect|p1a: Snorlax\n|-start|p1a: Snorlax|Reflect\n|move|p2a: Cog|Body Slam|p1a: Snorlax\n|-damage|p1a: Snorlax|63/100\n|\n|upkeep\n|turn|27\n|inactive|nicole7735 has 270 seconds left.\n|\n|t:|1772939229\n|move|p1a: Snorlax|Rest|p1a: Snorlax\n|-status|p1a: Snorlax|slp|[from] move: Rest\n|-heal|p1a: Snorlax|100/100 slp|[silent]\n|move|p2a: Cog|Body Slam|p1a: Snorlax\n|-damage|p1a: Snorlax|87/100 slp\n|\n|upkeep\n|turn|28\n|\n|t:|1772939234\n|cant|p1a: Snorlax|slp\n|move|p2a: Cog|Body Slam|p1a: Snorlax\n|-damage|p1a: Snorlax|74/100 slp\n|\n|upkeep\n|turn|29\n|\n|t:|1772939237\n|-curestatus|p1a: Snorlax|slp|[msg]\n|move|p2a: Cog|Body Slam|p1a: Snorlax\n|-damage|p1a: Snorlax|60/100\n|\n|upkeep\n|turn|30\n|\n|t:|1772939241\n|move|p1a: Snorlax|Body Slam|p2a: Cog\n|-damage|p2a: Cog|87/100 par\n|move|p2a: Cog|Body Slam|p1a: Snorlax\n|-damage|p1a: Snorlax|46/100\n|\n|upkeep\n|turn|31\n|\n|t:|1772939256\n|move|p1a: Snorlax|Rest|p1a: Snorlax\n|-status|p1a: Snorlax|slp|[from] move: Rest\n|-heal|p1a: Snorlax|100/100 slp|[silent]\n|move|p2a: Cog|Rest|p2a: Cog\n|-status|p2a: Cog|slp|[from] move: Rest\n|-heal|p2a: Cog|100/100 slp|[silent]\n|\n|upkeep\n|turn|32\n|\n|t:|1772939259\n|cant|p1a: Snorlax|slp\n|cant|p2a: Cog|slp\n|\n|upkeep\n|turn|33\n|\n|t:|1772939262\n|-curestatus|p1a: Snorlax|slp|[msg]\n|-curestatus|p2a: Cog|slp|[msg]\n|\n|upkeep\n|turn|34\n|\n|t:|1772939266\n|move|p1a: Snorlax|Reflect|p1a: Snorlax\n|-fail|p1a: Snorlax\n|move|p2a: Cog|Body Slam|p1a: Snorlax\n|-damage|p1a: Snorlax|87/100\n|\n|upkeep\n|turn|35\n|\n|t:|1772939272\n|move|p1a: Snorlax|Body Slam|p2a: Cog\n|-damage|p2a: Cog|87/100\n|move|p2a: Cog|Body Slam|p1a: Snorlax\n|-damage|p1a: Snorlax|74/100\n|\n|upkeep\n|turn|36\n|\n|t:|1772939276\n|move|p1a: Snorlax|Body Slam|p2a: Cog\n|-damage|p2a: Cog|74/100\n|move|p2a: Cog|Body Slam|p1a: Snorlax\n|-damage|p1a: Snorlax|60/100\n|\n|upkeep\n|turn|37\n|\n|t:|1772939281\n|move|p1a: Snorlax|Body Slam|p2a: Cog\n|-damage|p2a: Cog|61/100\n|move|p2a: Cog|Body Slam|p1a: Snorlax\n|-damage|p1a: Snorlax|46/100\n|\n|upkeep\n|turn|38\n|\n|t:|1772939288\n|move|p1a: Snorlax|Rest|p1a: Snorlax\n|-status|p1a: Snorlax|slp|[from] move: Rest\n|-heal|p1a: Snorlax|100/100 slp|[silent]\n|move|p2a: Cog|Body Slam|p1a: Snorlax\n|-crit|p1a: Snorlax\n|-damage|p1a: Snorlax|53/100 slp\n|\n|upkeep\n|turn|39\n|\n|t:|1772939301\n|switch|p2a: One More Time|Exeggutor|100/100\n|cant|p1a: Snorlax|slp\n|\n|upkeep\n|turn|40\n|inactive|nicole7735 has 270 seconds left.\n|inactive|BeeOrSomething has 270 seconds left.\n|inactive|nicole7735 has 240 seconds left.\n|inactive|nicole7735 has 210 seconds left.\n|\n|t:|1772939413\n|switch|p2a: Cog|Snorlax|61/100\n|switch|p1a: Chansey|Chansey|69/100 par\n|\n|upkeep\n|turn|41\n|inactive|nicole7735 has 180 seconds left.\n|inactive|nicole7735 has 150 seconds left.\n|inactive|nicole7735 has 120 seconds left.\n|inactive|nicole7735 has 90 seconds left.\n|\n|t:|1772939539\n|switch|p1a: Jynx|Jynx|85/100 slp\n|move|p2a: Cog|Earthquake|p1a: Jynx\n|-damage|p1a: Jynx|44/100 slp\n|\n|upkeep\n|turn|42\n|\n|t:|1772939545\n|cant|p1a: Jynx|slp\n|move|p2a: Cog|Body Slam|p1a: Jynx\n|-damage|p1a: Jynx|0 fnt\n|faint|p1a: Jynx\n|\n|t:|1772939548\n|switch|p1a: Tauros|Tauros|69/100\n|turn|43\n|inactive|BeeOrSomething has 270 seconds left.\n|\n|t:|1772939558\n|move|p1a: Tauros|Body Slam|p2a: Cog\n|-damage|p2a: Cog|35/100\n|move|p2a: Cog|Body Slam|p1a: Tauros\n|-damage|p1a: Tauros|39/100\n|\n|upkeep\n|turn|44\n|inactive|BeeOrSomething has 270 seconds left.\n|inactive|nicole7735 has 90 seconds left.\n|\n|t:|1772939597\n|switch|p2a: Culling Game|Starmie|79/100 par\n|move|p1a: Tauros|Hyper Beam|p2a: Culling Game\n|-damage|p2a: Culling Game|15/100 par\n|-mustrecharge|p1a: Tauros\n|\n|upkeep\n|turn|45\n|\n|t:|1772939602\n|cant|p1a: Tauros|recharge\n|cant|p2a: Culling Game|par\n|\n|upkeep\n|turn|46\n|\n|t:|1772939606\n|move|p1a: Tauros|Body Slam|p2a: Culling Game\n|-damage|p2a: Culling Game|0 fnt\n|faint|p2a: Culling Game\n|\n|t:|1772939608\n|switch|p2a: Execution|Tauros|100/100\n|turn|47\n|inactive|nicole7735 has 120 seconds left.\n|\n|t:|1772939638\n|switch|p1a: Starmie|Starmie|100/100\n|move|p2a: Execution|Body Slam|p1a: Starmie\n|-damage|p1a: Starmie|65/100\n|-status|p1a: Starmie|par\n|\n|upkeep\n|turn|48\n|inactive|BeeOrSomething has 270 seconds left.\n|inactive|nicole7735 has 90 seconds left.\n|inactive|BeeOrSomething has 240 seconds left.\n|\n|t:|1772939699\n|switch|p2a: Passion|Chansey|80/100 par\n|move|p1a: Starmie|Recover|p1a: Starmie\n|-heal|p1a: Starmie|100/100 par\n|\n|upkeep\n|turn|49\n|\n|t:|1772939718\n|cant|p1a: Starmie|par\n|cant|p2a: Passion|par\n|\n|upkeep\n|turn|50\n|\n|t:|1772939721\n|move|p1a: Starmie|Psychic|p2a: Passion\n|-crit|p2a: Passion\n|-damage|p2a: Passion|50/100 par\n|move|p2a: Passion|Seismic Toss|p1a: Starmie\n|-damage|p1a: Starmie|70/100 par\n|\n|upkeep\n|turn|51\n|\n|t:|1772939729\n|switch|p2a: Cog|Snorlax|35/100\n|move|p1a: Starmie|Recover|p1a: Starmie\n|-heal|p1a: Starmie|100/100 par\n|\n|upkeep\n|turn|52\n|inactive|nicole7735 has 90 seconds left.\n|\n|t:|1772939745\n|move|p2a: Cog|Body Slam|p1a: Starmie\n|-damage|p1a: Starmie|64/100 par\n|move|p1a: Starmie|Thunder Wave|p2a: Cog\n|-status|p2a: Cog|par\n|\n|upkeep\n|turn|53\n|\n|t:|1772939749\n|move|p1a: Starmie|Recover|p1a: Starmie\n|-heal|p1a: Starmie|100/100 par\n|move|p2a: Cog|Rest|p2a: Cog\n|-status|p2a: Cog|slp|[from] move: Rest\n|-heal|p2a: Cog|100/100 slp|[silent]\n|\n|upkeep\n|turn|54\n|\n|t:|1772939754\n|switch|p1a: Rhydon|Rhydon|100/100\n|cant|p2a: Cog|slp\n|\n|upkeep\n|turn|55\n|inactive|BeeOrSomething has 270 seconds left.\n|inactive|nicole7735 has 90 seconds left.\n|\n|t:|1772939781\n|move|p1a: Rhydon|Body Slam|p2a: Cog\n|-damage|p2a: Cog|82/100 slp\n|-curestatus|p2a: Cog|slp|[msg]\n|\n|upkeep\n|turn|56\n|inactive|nicole7735 has 90 seconds left.\n|\n|t:|1772939796\n|switch|p2a: One More Time|Exeggutor|100/100\n|move|p1a: Rhydon|Earthquake|p2a: One More Time\n|-resisted|p2a: One More Time\n|-damage|p2a: One More Time|81/100\n|\n|upkeep\n|turn|57\n|inactive|nicole7735 has 90 seconds left.\n|\n|t:|1772939812\n|switch|p1a: Starmie|Starmie|100/100 par\n|move|p2a: One More Time|Psychic|p1a: Starmie\n|-resisted|p1a: Starmie\n|-damage|p1a: Starmie|83/100 par\n|\n|upkeep\n|turn|58\n|inactive|BeeOrSomething has 240 seconds left.\n|\n|t:|1772939844\n|switch|p1a: Rhydon|Rhydon|100/100\n|move|p2a: One More Time|Mega Drain|p1a: Rhydon\n|-supereffective|p1a: Rhydon\n|-damage|p1a: Rhydon|19/100\n|-heal|p2a: One More Time|100/100|[from] drain|[of] p1a: Rhydon\n|\n|upkeep\n|turn|59\n|inactive|BeeOrSomething has 240 seconds left.\n|inactive|nicole7735 has 60 seconds left.\n|\n|t:|1772939865\n|switch|p1a: Chansey|Chansey|69/100 par\n|move|p2a: One More Time|Psychic|p1a: Chansey\n|-damage|p1a: Chansey|52/100 par\n|-unboost|p1a: Chansey|spa|1\n|-unboost|p1a: Chansey|spd|1\n|\n|upkeep\n|turn|60\n|inactive|nicole7735 has 60 seconds left.\n|\n|t:|1772939875\n|move|p2a: One More Time|Psychic|p1a: Chansey\n|-damage|p1a: Chansey|26/100 par\n|cant|p1a: Chansey|par\n|\n|upkeep\n|turn|61\n|\n|t:|1772939879\n|move|p2a: One More Time|Psychic|p1a: Chansey\n|-damage|p1a: Chansey|0 fnt\n|faint|p1a: Chansey\n|\n|t:|1772939885\n|switch|p1a: Starmie|Starmie|83/100 par\n|turn|62\n|inactive|nicole7735 has 60 seconds left.\n|\n|t:|1772939912\n|move|p2a: One More Time|Psychic|p1a: Starmie\n|-resisted|p1a: Starmie\n|-damage|p1a: Starmie|64/100 par\n|-unboost|p1a: Starmie|spa|1\n|-unboost|p1a: Starmie|spd|1\n|cant|p1a: Starmie|par\n|\n|upkeep\n|turn|63\n|inactive|nicole7735 has 60 seconds left.\n|\n|t:|1772939926\n|move|p2a: One More Time|Mega Drain|p1a: Starmie\n|-supereffective|p1a: Starmie\n|-damage|p1a: Starmie|10/100 par\n|move|p1a: Starmie|Thunder Wave|p2a: One More Time|[miss]\n|-miss|p1a: Starmie\n|-hint|In Gen 1, moves with 100% accuracy can still miss 1/256 of the time.\n|\n|upkeep\n|turn|64\n|\n|t:|1772939933\n|move|p2a: One More Time|Psychic|p1a: Starmie\n|-resisted|p1a: Starmie\n|-damage|p1a: Starmie|0 fnt\n|faint|p1a: Starmie\n|\n|t:|1772939938\n|switch|p1a: Tauros|Tauros|39/100\n|turn|65\n|\n|t:|1772939940\n|move|p1a: Tauros|Hyper Beam|p2a: One More Time\n|-damage|p2a: One More Time|47/100\n|-mustrecharge|p1a: Tauros\n|move|p2a: One More Time|Psychic|p1a: Tauros\n|-damage|p1a: Tauros|0 fnt\n|faint|p1a: Tauros\n|c|☆nicole7735|gg\n|-message|nicole7735 forfeited.\n|\n|win|BeeOrSomething\n|c|☆BeeOrSomething|gg\n","uploadtime":1772939944,"views":"913","formatid":"gen1ou","rating":null,"private":0,"password":null}