{"id":"smogtours-gen1ou-819049","format":"[Gen 1] OU","players":["Amaranth","shiloh"],"log":"|inactive|Battle timer is ON: inactive players will automatically lose when time's up.\n|t:|1739122400\n|gametype|singles\n|player|p1|Amaranth|#amaranth|\n|player|p2|shiloh|#splxvitigers2|\n|teamsize|p1|6\n|teamsize|p2|6\n|gen|1\n|tier|[Gen 1] OU\n|rule|Desync Clause Mod: Desyncs changed to move failure.\n|rule|Sleep Clause Mod: Limit one foe put to sleep\n|rule|Freeze Clause Mod: Limit one foe frozen\n|rule|Species Clause: Limit one of each Pokémon\n|rule|OHKO Clause: OHKO moves are banned\n|rule|Evasion Moves Clause: Evasion moves are banned\n|rule|Endless Battle Clause: Forcing endless battles is banned\n|rule|HP Percentage Mod: HP is shown in percentages\n|\n|t:|1739122400\n|start\n|switch|p1a: Starmie|Starmie|100/100\n|switch|p2a: Elegy|Chansey|100/100\n|turn|1\n|\n|t:|1739122421\n|move|p1a: Starmie|Blizzard|p2a: Elegy\n|-damage|p2a: Elegy|88/100\n|move|p2a: Elegy|Sing|p1a: Starmie\n|-status|p1a: Starmie|slp|[from] move: Sing\n|\n|upkeep\n|turn|2\n|\n|t:|1739122425\n|switch|p1a: Jynx|Jynx|100/100\n|switch|p2a: STORMBLESSED|Tauros|100/100\n|\n|upkeep\n|turn|3\n|\n|t:|1739122438\n|move|p2a: STORMBLESSED|Body Slam|p1a: Jynx\n|-damage|p1a: Jynx|51/100\n|move|p1a: Jynx|Lovely Kiss|p2a: STORMBLESSED|[miss]\n|-miss|p1a: Jynx\n|\n|upkeep\n|turn|4\n|\n|t:|1739122459\n|switch|p1a: Snorlax|Snorlax|100/100\n|move|p2a: STORMBLESSED|Body Slam|p1a: Snorlax\n|-damage|p1a: Snorlax|75/100\n|\n|upkeep\n|turn|5\n|\n|t:|1739122466\n|move|p2a: STORMBLESSED|Body Slam|p1a: Snorlax\n|-damage|p1a: Snorlax|51/100\n|move|p1a: Snorlax|Reflect|p1a: Snorlax\n|-start|p1a: Snorlax|Reflect\n|\n|upkeep\n|turn|6\n|\n|t:|1739122469\n|move|p2a: STORMBLESSED|Blizzard|p1a: Snorlax\n|-damage|p1a: Snorlax|33/100\n|move|p1a: Snorlax|Body Slam|p2a: STORMBLESSED\n|-damage|p2a: STORMBLESSED|67/100\n|\n|upkeep\n|turn|7\n|\n|t:|1739122472\n|move|p2a: STORMBLESSED|Blizzard|p1a: Snorlax\n|-damage|p1a: Snorlax|14/100\n|-status|p1a: Snorlax|frz\n|cant|p1a: Snorlax|frz\n|\n|upkeep\n|turn|8\n|\n|t:|1739122477\n|move|p2a: STORMBLESSED|Body Slam|p1a: Snorlax\n|-damage|p1a: Snorlax|1/100 frz\n|cant|p1a: Snorlax|frz\n|\n|upkeep\n|turn|9\n|\n|t:|1739122479\n|move|p2a: STORMBLESSED|Body Slam|p1a: Snorlax\n|-crit|p1a: Snorlax\n|-damage|p1a: Snorlax|0 fnt\n|faint|p1a: Snorlax\n|\n|t:|1739122485\n|switch|p1a: Tauros|Tauros|100/100\n|turn|10\n|\n|t:|1739122490\n|move|p1a: Tauros|Body Slam|p2a: STORMBLESSED\n|-damage|p2a: STORMBLESSED|38/100\n|move|p2a: STORMBLESSED|Body Slam|p1a: Tauros\n|-damage|p1a: Tauros|71/100\n|\n|upkeep\n|turn|11\n|\n|t:|1739122497\n|switch|p2a: Auxiliary|Starmie|100/100\n|move|p1a: Tauros|Body Slam|p2a: Auxiliary\n|-damage|p2a: Auxiliary|66/100\n|\n|upkeep\n|turn|12\n|\n|t:|1739122500\n|switch|p1a: Jynx|Jynx|51/100\n|move|p2a: Auxiliary|Thunder Wave|p1a: Jynx\n|-status|p1a: Jynx|par\n|\n|upkeep\n|turn|13\n|\n|t:|1739122505\n|switch|p2a: Elegy|Chansey|88/100\n|move|p1a: Jynx|Lovely Kiss|p2a: Elegy|[miss]\n|-miss|p1a: Jynx\n|\n|upkeep\n|turn|14\n|\n|t:|1739122507\n|move|p2a: Elegy|Ice Beam|p1a: Jynx\n|-resisted|p1a: Jynx\n|-damage|p1a: Jynx|39/100 par\n|move|p1a: Jynx|Lovely Kiss|p2a: Elegy|[miss]\n|-miss|p1a: Jynx\n|\n|upkeep\n|turn|15\n|\n|t:|1739122509\n|move|p2a: Elegy|Ice Beam|p1a: Jynx\n|-resisted|p1a: Jynx\n|-damage|p1a: Jynx|27/100 par\n|move|p1a: Jynx|Lovely Kiss|p2a: Elegy\n|-status|p2a: Elegy|slp|[from] move: Lovely Kiss\n|\n|upkeep\n|turn|16\n|\n|t:|1739122515\n|switch|p2a: Nomad|Snorlax|100/100\n|switch|p1a: Alakazam|Alakazam|100/100\n|\n|upkeep\n|turn|17\n|\n|t:|1739122518\n|move|p1a: Alakazam|Thunder Wave|p2a: Nomad\n|-status|p2a: Nomad|par\n|cant|p2a: Nomad|par\n|\n|upkeep\n|turn|18\n|\n|t:|1739122523\n|move|p1a: Alakazam|Psychic|p2a: Nomad\n|-damage|p2a: Nomad|70/100 par\n|-unboost|p2a: Nomad|spa|1\n|-unboost|p2a: Nomad|spd|1\n|cant|p2a: Nomad|par\n|\n|upkeep\n|turn|19\n|rated|Smogon Premier League\n|\n|t:|1739122536\n|switch|p1a: Jynx|Jynx|27/100 par\n|switch|p2a: The Cinder King|Exeggutor|100/100\n|\n|upkeep\n|turn|20\n|rated|Smogon Premier League\n|\n|t:|1739122544\n|switch|p2a: Auxiliary|Starmie|66/100\n|cant|p1a: Jynx|par\n|\n|upkeep\n|turn|21\n|\n|t:|1739122551\n|switch|p1a: Alakazam|Alakazam|100/100\n|move|p2a: Auxiliary|Recover|p2a: Auxiliary\n|-heal|p2a: Auxiliary|100/100\n|\n|upkeep\n|turn|22\n|\n|t:|1739122555\n|switch|p2a: Elegy|Chansey|88/100 slp\n|move|p1a: Alakazam|Thunder Wave|p2a: Elegy\n|-fail|p2a: Elegy\n|\n|upkeep\n|turn|23\n|\n|t:|1739122557\n|switch|p2a: The Cinder King|Exeggutor|100/100\n|move|p1a: Alakazam|Psychic|p2a: The Cinder King\n|-resisted|p2a: The Cinder King\n|-damage|p2a: The Cinder King|86/100\n|\n|upkeep\n|turn|24\n|\n|t:|1739122563\n|move|p1a: Alakazam|Thunder Wave|p2a: The Cinder King\n|-status|p2a: The Cinder King|par\n|move|p2a: The Cinder King|Psychic|p1a: Alakazam\n|-resisted|p1a: Alakazam\n|-damage|p1a: Alakazam|84/100\n|\n|upkeep\n|turn|25\n|\n|t:|1739122571\n|move|p1a: Alakazam|Seismic Toss|p2a: The Cinder King\n|-damage|p2a: The Cinder King|61/100 par\n|move|p2a: The Cinder King|Explosion|p1a: Alakazam\n|-crit|p1a: Alakazam\n|-damage|p1a: Alakazam|0 fnt\n|faint|p1a: Alakazam\n|faint|p2a: The Cinder King\n|\n|t:|1739122579\n|switch|p1a: Zapdos|Zapdos|100/100\n|switch|p2a: Auxiliary|Starmie|100/100\n|turn|26\n|\n|t:|1739122588\n|switch|p2a: Truth-Is-Waiting|Rhydon|100/100\n|move|p1a: Zapdos|Thunderbolt|p2a: Truth-Is-Waiting\n|-immune|p2a: Truth-Is-Waiting\n|\n|upkeep\n|turn|27\n|\n|t:|1739122607\n|switch|p1a: Tauros|Tauros|71/100\n|move|p2a: Truth-Is-Waiting|Substitute|p2a: Truth-Is-Waiting\n|-start|p2a: Truth-Is-Waiting|Substitute\n|-damage|p2a: Truth-Is-Waiting|76/100\n|\n|upkeep\n|turn|28\n|\n|t:|1739122610\n|move|p1a: Tauros|Earthquake|p2a: Truth-Is-Waiting\n|-supereffective|p2a: Truth-Is-Waiting\n|-end|p2a: Truth-Is-Waiting|Substitute\n|move|p2a: Truth-Is-Waiting|Earthquake|p1a: Tauros\n|-damage|p1a: Tauros|27/100\n|\n|upkeep\n|turn|29\n|\n|t:|1739122627\n|switch|p2a: Nomad|Snorlax|70/100 par\n|move|p1a: Tauros|Body Slam|p2a: Nomad\n|-crit|p2a: Nomad\n|-damage|p2a: Nomad|23/100 par\n|\n|upkeep\n|turn|30\n|\n|t:|1739122633\n|move|p1a: Tauros|Body Slam|p2a: Nomad\n|-damage|p2a: Nomad|0 fnt\n|faint|p2a: Nomad\n|\n|t:|1739122635\n|switch|p2a: Auxiliary|Starmie|100/100\n|turn|31\n|\n|t:|1739122645\n|switch|p1a: Starmie|Starmie|100/100 slp\n|move|p2a: Auxiliary|Blizzard|p1a: Starmie\n|-resisted|p1a: Starmie\n|-damage|p1a: Starmie|87/100 slp\n|\n|upkeep\n|turn|32\n|\n|t:|1739122651\n|switch|p1a: Tauros|Tauros|27/100\n|move|p2a: Auxiliary|Psychic|p1a: Tauros\n|-crit|p1a: Tauros\n|-damage|p1a: Tauros|0 fnt\n|faint|p1a: Tauros\n|\n|t:|1739122661\n|switch|p1a: Starmie|Starmie|87/100 slp\n|turn|33\n|\n|t:|1739122663\n|switch|p2a: STORMBLESSED|Tauros|38/100\n|cant|p1a: Starmie|slp\n|\n|upkeep\n|turn|34\n|\n|t:|1739122666\n|switch|p1a: Jynx|Jynx|27/100 par\n|move|p2a: STORMBLESSED|Body Slam|p1a: Jynx\n|-damage|p1a: Jynx|0 fnt\n|faint|p1a: Jynx\n|\n|t:|1739122668\n|switch|p1a: Zapdos|Zapdos|100/100\n|turn|35\n|\n|t:|1739122674\n|switch|p2a: Truth-Is-Waiting|Rhydon|76/100\n|move|p1a: Zapdos|Drill Peck|p2a: Truth-Is-Waiting\n|-resisted|p2a: Truth-Is-Waiting\n|-damage|p2a: Truth-Is-Waiting|66/100\n|\n|upkeep\n|turn|36\n|\n|t:|1739122676\n|move|p1a: Zapdos|Drill Peck|p2a: Truth-Is-Waiting\n|-crit|p2a: Truth-Is-Waiting\n|-resisted|p2a: Truth-Is-Waiting\n|-damage|p2a: Truth-Is-Waiting|48/100\n|move|p2a: Truth-Is-Waiting|Substitute|p2a: Truth-Is-Waiting\n|-start|p2a: Truth-Is-Waiting|Substitute\n|-damage|p2a: Truth-Is-Waiting|24/100\n|\n|upkeep\n|turn|37\n|\n|t:|1739122680\n|move|p1a: Zapdos|Drill Peck|p2a: Truth-Is-Waiting\n|-resisted|p2a: Truth-Is-Waiting\n|-activate|p2a: Truth-Is-Waiting|Substitute|[damage]\n|move|p2a: Truth-Is-Waiting|Rock Slide|p1a: Zapdos\n|-supereffective|p1a: Zapdos\n|-damage|p1a: Zapdos|38/100\n|\n|upkeep\n|turn|38\n|\n|t:|1739122683\n|move|p1a: Zapdos|Drill Peck|p2a: Truth-Is-Waiting\n|-resisted|p2a: Truth-Is-Waiting\n|-activate|p2a: Truth-Is-Waiting|Substitute|[damage]\n|move|p2a: Truth-Is-Waiting|Rock Slide|p1a: Zapdos\n|-supereffective|p1a: Zapdos\n|-damage|p1a: Zapdos|0 fnt\n|faint|p1a: Zapdos\n|\n|t:|1739122685\n|switch|p1a: Starmie|Starmie|87/100 slp\n|turn|39\n|\n|t:|1739122686\n|cant|p1a: Starmie|slp\n|move|p2a: Truth-Is-Waiting|Earthquake|p1a: Starmie\n|-damage|p1a: Starmie|43/100 slp\n|\n|upkeep\n|turn|40\n|\n|t:|1739122688\n|cant|p1a: Starmie|slp\n|move|p2a: Truth-Is-Waiting|Earthquake|p1a: Starmie\n|-damage|p1a: Starmie|0 fnt\n|faint|p1a: Starmie\n|\n|win|shiloh\n|c|☆Amaranth|gg\n|c|☆shiloh|gg\n|player|p1|\n|player|p2|\n","uploadtime":1739122688,"views":"1711","formatid":"gen1ou","rating":null,"private":0,"password":null}