{"id":"smogtours-gen1ou-914817","format":"[Gen 1] OU","players":["Laroxyl","Sceptross"],"log":"|inactive|Battle timer is ON: inactive players will automatically lose when time's up.\n|t:|1772895867\n|gametype|singles\n|player|p1|Laroxyl|#splxviitigers2|\n|player|p2|Sceptross|#splxviicryonicles|\n|gen|1\n|tier|[Gen 1] OU\n|rule|Desync Clause Mod: Desyncs changed to move failure.\n|rule|Sleep Clause Mod: Limit one foe put to sleep\n|rule|Freeze Clause Mod: Limit one foe frozen\n|rule|Species Clause: Limit one of each Pokémon\n|rule|OHKO Clause: OHKO moves are banned\n|rule|Evasion Moves Clause: Evasion moves are banned\n|rule|Endless Battle Clause: Forcing endless battles is banned\n|rule|HP Percentage Mod: HP is shown in percentages\n|\n|t:|1772895867\n|teamsize|p1|6\n|teamsize|p2|6\n|start\n|switch|p1a: Alakazam|Alakazam|100/100\n|switch|p2a: Gengar|Gengar|100/100\n|turn|1\n|c|☆Sceptross|gl hf\n|c|☆Laroxyl|u2\n|c|+pais|two goats\n|\n|t:|1772895896\n|switch|p2a: Exeggutor|Exeggutor|100/100\n|move|p1a: Alakazam|Psychic|p2a: Exeggutor\n|-crit|p2a: Exeggutor\n|-resisted|p2a: Exeggutor\n|-damage|p2a: Exeggutor|71/100\n|\n|upkeep\n|turn|2\n|\n|t:|1772895902\n|move|p1a: Alakazam|Thunder Wave|p2a: Exeggutor\n|-status|p2a: Exeggutor|par\n|cant|p2a: Exeggutor|par\n|\n|upkeep\n|turn|3\n|\n|t:|1772895907\n|move|p1a: Alakazam|Seismic Toss|p2a: Exeggutor\n|-damage|p2a: Exeggutor|45/100 par\n|move|p2a: Exeggutor|Sleep Powder|p1a: Alakazam\n|-status|p1a: Alakazam|slp|[from] move: Sleep Powder\n|\n|upkeep\n|turn|4\n|c|+tizio potente ao|daje laro\n|rated|Smogon Premier League\n|inactive|Sceptross has 270 seconds left.\n|inactive|Laroxyl has 270 seconds left.\n|\n|t:|1772895959\n|switch|p1a: Chansey|Chansey|100/100\n|switch|p2a: Starmie|Starmie|100/100\n|\n|upkeep\n|turn|5\n|inactive|Laroxyl has 240 seconds left.\n|\n|t:|1772896003\n|switch|p1a: Exeggutor|Exeggutor|100/100\n|move|p2a: Starmie|Thunder Wave|p1a: Exeggutor\n|-status|p1a: Exeggutor|par\n|\n|upkeep\n|turn|6\n|\n|t:|1772896014\n|switch|p1a: Chansey|Chansey|100/100\n|move|p2a: Starmie|Blizzard|p1a: Chansey\n|-damage|p1a: Chansey|88/100\n|\n|upkeep\n|turn|7\n|inactive|Sceptross has 240 seconds left.\n|\n|t:|1772896049\n|move|p2a: Starmie|Thunder Wave|p1a: Chansey\n|-status|p1a: Chansey|par\n|cant|p1a: Chansey|par\n|\n|upkeep\n|turn|8\n|inactive|Sceptross has 210 seconds left.\n|\n|t:|1772896095\n|switch|p2a: Exeggutor|Exeggutor|45/100 par\n|cant|p1a: Chansey|par\n|\n|upkeep\n|turn|9\n|inactive|Laroxyl has 210 seconds left.\n|\n|t:|1772896117\n|switch|p1a: Exeggutor|Exeggutor|100/100 par\n|cant|p2a: Exeggutor|par\n|\n|upkeep\n|turn|10\n|inactive|Laroxyl has 210 seconds left.\n|inactive|Sceptross has 180 seconds left.\n|inactive|Laroxyl has 180 seconds left.\n|inactive|Sceptross has 150 seconds left.\n|\n|t:|1772896174\n|move|p2a: Exeggutor|Explosion|p1a: Exeggutor\n|-damage|p1a: Exeggutor|24/100 par\n|faint|p2a: Exeggutor\n|inactive|Sceptross has 150 seconds left.\n|\n|t:|1772896196\n|switch|p2a: Tauros|Tauros|100/100\n|turn|11\n|inactive|Laroxyl has 180 seconds left.\n|\n|t:|1772896227\n|move|p2a: Tauros|Body Slam|p1a: Exeggutor\n|-damage|p1a: Exeggutor|0 fnt\n|faint|p1a: Exeggutor\n|\n|t:|1772896235\n|switch|p1a: Starmie|Starmie|100/100\n|turn|12\n|inactive|Sceptross has 150 seconds left.\n|\n|t:|1772896255\n|switch|p2a: Chansey|Chansey|100/100\n|move|p1a: Starmie|Thunder Wave|p2a: Chansey\n|-status|p2a: Chansey|par\n|\n|upkeep\n|turn|13\n|inactive|Sceptross has 150 seconds left.\n|inactive|Laroxyl has 150 seconds left.\n|\n|t:|1772896285\n|switch|p1a: Chansey|Chansey|88/100 par\n|move|p2a: Chansey|Thunder Wave|p1a: Chansey\n|-fail|p1a: Chansey|par\n|\n|upkeep\n|turn|14\n|inactive|Sceptross has 150 seconds left.\n|inactive|Laroxyl has 150 seconds left.\n|\n|t:|1772896300\n|cant|p1a: Chansey|par\n|move|p2a: Chansey|Thunder Wave|p1a: Chansey\n|-fail|p1a: Chansey|par\n|\n|upkeep\n|turn|15\n|inactive|Sceptross has 150 seconds left.\n|\n|t:|1772896308\n|move|p2a: Chansey|Thunder Wave|p1a: Chansey\n|-fail|p1a: Chansey|par\n|move|p1a: Chansey|Ice Beam|p2a: Chansey\n|-damage|p2a: Chansey|89/100 par\n|\n|upkeep\n|turn|16\n|\n|t:|1772896317\n|move|p1a: Chansey|Ice Beam|p2a: Chansey\n|-damage|p2a: Chansey|80/100 par\n|move|p2a: Chansey|Thunder Wave|p1a: Chansey\n|-fail|p1a: Chansey|par\n|\n|upkeep\n|turn|17\n|\n|t:|1772896327\n|cant|p2a: Chansey|par\n|move|p1a: Chansey|Thunder Wave|p2a: Chansey\n|-fail|p2a: Chansey|par\n|\n|upkeep\n|turn|18\n|\n|t:|1772896332\n|move|p2a: Chansey|Thunder Wave|p1a: Chansey\n|-fail|p1a: Chansey|par\n|move|p1a: Chansey|Thunder Wave|p2a: Chansey\n|-fail|p2a: Chansey|par\n|\n|upkeep\n|turn|19\n|\n|t:|1772896350\n|cant|p2a: Chansey|par\n|cant|p1a: Chansey|par\n|\n|upkeep\n|turn|20\n|\n|t:|1772896354\n|move|p2a: Chansey|Ice Beam|p1a: Chansey\n|-damage|p1a: Chansey|77/100 par\n|move|p1a: Chansey|Thunder Wave|p2a: Chansey\n|-fail|p2a: Chansey|par\n|\n|upkeep\n|turn|21\n|inactive|Laroxyl has 180 seconds left.\n|\n|t:|1772896370\n|cant|p1a: Chansey|par\n|move|p2a: Chansey|Thunder Wave|p1a: Chansey\n|-fail|p1a: Chansey|par\n|\n|upkeep\n|turn|22\n|inactive|Sceptross has 180 seconds left.\n|inactive|Laroxyl has 180 seconds left.\n|\n|t:|1772896386\n|move|p2a: Chansey|Thunder Wave|p1a: Chansey\n|-fail|p1a: Chansey|par\n|cant|p1a: Chansey|par\n|\n|upkeep\n|turn|23\n|inactive|Laroxyl has 180 seconds left.\n|inactive|Sceptross has 180 seconds left.\n|\n|t:|1772896396\n|move|p1a: Chansey|Thunder Wave|p2a: Chansey\n|-fail|p2a: Chansey|par\n|move|p2a: Chansey|Thunder Wave|p1a: Chansey\n|-fail|p1a: Chansey|par\n|\n|upkeep\n|turn|24\n|inactive|Laroxyl has 180 seconds left.\n|\n|t:|1772896407\n|move|p1a: Chansey|Thunder Wave|p2a: Chansey\n|-fail|p2a: Chansey|par\n|move|p2a: Chansey|Ice Beam|p1a: Chansey\n|-damage|p1a: Chansey|66/100 par\n|\n|upkeep\n|turn|25\n|inactive|Laroxyl has 180 seconds left.\n|\n|t:|1772896416\n|move|p2a: Chansey|Thunder Wave|p1a: Chansey\n|-fail|p1a: Chansey|par\n|move|p1a: Chansey|Thunder Wave|p2a: Chansey\n|-fail|p2a: Chansey|par\n|\n|upkeep\n|turn|26\n|\n|t:|1772896422\n|move|p1a: Chansey|Thunder Wave|p2a: Chansey\n|-fail|p2a: Chansey|par\n|move|p2a: Chansey|Thunder Wave|p1a: Chansey\n|-fail|p1a: Chansey|par\n|\n|upkeep\n|turn|27\n|\n|t:|1772896441\n|move|p2a: Chansey|Thunder Wave|p1a: Chansey\n|-fail|p1a: Chansey|par\n|move|p1a: Chansey|Soft-Boiled|p1a: Chansey\n|-heal|p1a: Chansey|100/100 par\n|\n|upkeep\n|turn|28\n|\n|t:|1772896452\n|move|p2a: Chansey|Ice Beam|p1a: Chansey\n|-damage|p1a: Chansey|89/100 par\n|move|p1a: Chansey|Ice Beam|p2a: Chansey\n|-damage|p2a: Chansey|69/100 par\n|\n|upkeep\n|turn|29\n|\n|t:|1772896468\n|switch|p1a: Snorlax|Snorlax|100/100\n|move|p2a: Chansey|Soft-Boiled|p2a: Chansey\n|-heal|p2a: Chansey|100/100 par\n|\n|upkeep\n|turn|30\n|inactive|Sceptross has 210 seconds left.\n|inactive|Laroxyl has 180 seconds left.\n|\n|t:|1772896510\n|switch|p1a: Chansey|Chansey|89/100 par\n|cant|p2a: Chansey|par\n|\n|upkeep\n|turn|31\n|\n|t:|1772896522\n|move|p2a: Chansey|Ice Beam|p1a: Chansey\n|-damage|p1a: Chansey|79/100 par\n|move|p1a: Chansey|Ice Beam|p2a: Chansey\n|-damage|p2a: Chansey|90/100 par\n|\n|upkeep\n|turn|32\n|\n|t:|1772896536\n|switch|p2a: Snorlax|Snorlax|100/100\n|move|p1a: Chansey|Thunder Wave|p2a: Snorlax\n|-status|p2a: Snorlax|par\n|\n|upkeep\n|turn|33\n|inactive|Laroxyl has 150 seconds left.\n|\n|t:|1772896563\n|switch|p1a: Snorlax|Snorlax|100/100\n|move|p2a: Snorlax|Earthquake|p1a: Snorlax\n|-damage|p1a: Snorlax|80/100\n|\n|upkeep\n|turn|34\n|inactive|Laroxyl has 150 seconds left.\n|\n|t:|1772896577\n|move|p1a: Snorlax|Body Slam|p2a: Snorlax\n|-damage|p2a: Snorlax|75/100 par\n|move|p2a: Snorlax|Body Slam|p1a: Snorlax\n|-damage|p1a: Snorlax|51/100\n|\n|upkeep\n|turn|35\n|\n|t:|1772896583\n|move|p1a: Snorlax|Reflect|p1a: Snorlax\n|-start|p1a: Snorlax|Reflect\n|move|p2a: Snorlax|Rest|p2a: Snorlax\n|-status|p2a: Snorlax|slp|[from] move: Rest\n|-heal|p2a: Snorlax|100/100 slp|[silent]\n|\n|upkeep\n|turn|36\n|\n|t:|1772896590\n|move|p1a: Snorlax|Body Slam|p2a: Snorlax\n|-damage|p2a: Snorlax|74/100 slp\n|cant|p2a: Snorlax|slp\n|\n|upkeep\n|turn|37\n|\n|t:|1772896596\n|move|p1a: Snorlax|Body Slam|p2a: Snorlax\n|-damage|p2a: Snorlax|47/100 slp\n|-curestatus|p2a: Snorlax|slp|[msg]\n|\n|upkeep\n|turn|38\n|\n|t:|1772896619\n|switch|p2a: Gengar|Gengar|100/100\n|move|p1a: Snorlax|Body Slam|p2a: Gengar\n|-immune|p2a: Gengar\n|\n|upkeep\n|turn|39\n|inactive|Laroxyl has 150 seconds left.\n|inactive|Laroxyl has 120 seconds left.\n|\n|t:|1772896681\n|switch|p1a: Chansey|Chansey|79/100 par\n|move|p2a: Gengar|Night Shade|p1a: Chansey\n|-damage|p1a: Chansey|64/100 par\n|\n|upkeep\n|turn|40\n|\n|t:|1772896698\n|switch|p2a: Chansey|Chansey|90/100 par\n|move|p1a: Chansey|Thunder Wave|p2a: Chansey\n|-fail|p2a: Chansey|par\n|\n|upkeep\n|turn|41\n|\n|t:|1772896708\n|switch|p2a: Snorlax|Snorlax|47/100\n|move|p1a: Chansey|Thunder Wave|p2a: Snorlax\n|-status|p2a: Snorlax|par\n|\n|upkeep\n|turn|42\n|inactive|Laroxyl has 90 seconds left.\n|inactive|Sceptross has 210 seconds left.\n|\n|t:|1772896756\n|switch|p1a: Starmie|Starmie|100/100\n|cant|p2a: Snorlax|par\n|\n|upkeep\n|turn|43\n|inactive|Laroxyl has 90 seconds left.\n|\n|t:|1772896768\n|switch|p2a: Chansey|Chansey|90/100 par\n|move|p1a: Starmie|Surf|p2a: Chansey\n|-damage|p2a: Chansey|74/100 par\n|\n|upkeep\n|turn|44\n|inactive|Laroxyl has 90 seconds left.\n|\n|t:|1772896806\n|switch|p1a: Snorlax|Snorlax|51/100\n|cant|p2a: Chansey|par\n|\n|upkeep\n|turn|45\n|inactive|Laroxyl has 60 seconds left.\n|\n|t:|1772896822\n|switch|p1a: Chansey|Chansey|64/100 par\n|switch|p2a: Gengar|Gengar|100/100\n|\n|upkeep\n|turn|46\n|inactive|Sceptross has 210 seconds left.\n|inactive|Laroxyl has 60 seconds left.\n|\n|t:|1772896842\n|switch|p2a: Chansey|Chansey|74/100 par\n|move|p1a: Chansey|Ice Beam|p2a: Chansey\n|-damage|p2a: Chansey|64/100 par\n|\n|upkeep\n|turn|47\n|inactive|Laroxyl has 60 seconds left.\n|\n|t:|1772896851\n|move|p2a: Chansey|Soft-Boiled|p2a: Chansey\n|-heal|p2a: Chansey|100/100 par\n|move|p1a: Chansey|Soft-Boiled|p1a: Chansey\n|-heal|p1a: Chansey|100/100 par\n|\n|upkeep\n|turn|48\n|inactive|Laroxyl has 60 seconds left.\n|\n|t:|1772896862\n|move|p2a: Chansey|Thunder Wave|p1a: Chansey\n|-fail|p1a: Chansey|par\n|move|p1a: Chansey|Ice Beam|p2a: Chansey\n|-damage|p2a: Chansey|90/100 par\n|\n|upkeep\n|turn|49\n|\n|t:|1772896866\n|move|p2a: Chansey|Thunder Wave|p1a: Chansey\n|-fail|p1a: Chansey|par\n|move|p1a: Chansey|Ice Beam|p2a: Chansey\n|-crit|p2a: Chansey\n|-damage|p2a: Chansey|70/100 par\n|\n|upkeep\n|turn|50\n|inactive|Laroxyl has 60 seconds left.\n|\n|t:|1772896901\n|switch|p1a: Snorlax|Snorlax|51/100\n|move|p2a: Chansey|Thunder Wave|p1a: Snorlax\n|-status|p1a: Snorlax|par\n|\n|upkeep\n|turn|51\n|inactive|Sceptross has 240 seconds left.\n|\n|t:|1772896916\n|switch|p2a: Gengar|Gengar|100/100\n|move|p1a: Snorlax|Rest|p1a: Snorlax\n|-status|p1a: Snorlax|slp|[from] move: Rest\n|-heal|p1a: Snorlax|100/100 slp|[silent]\n|\n|upkeep\n|turn|52\n|inactive|Sceptross has 240 seconds left.\n|\n|t:|1772896923\n|move|p2a: Gengar|Night Shade|p1a: Snorlax\n|-damage|p1a: Snorlax|81/100 slp\n|cant|p1a: Snorlax|slp\n|\n|upkeep\n|turn|53\n|inactive|Laroxyl has 60 seconds left.\n|\n|t:|1772896930\n|move|p2a: Gengar|Night Shade|p1a: Snorlax\n|-damage|p1a: Snorlax|62/100 slp\n|-curestatus|p1a: Snorlax|slp|[msg]\n|\n|upkeep\n|turn|54\n|inactive|Laroxyl has 60 seconds left.\n|\n|t:|1772896946\n|switch|p1a: Chansey|Chansey|100/100 par\n|move|p2a: Gengar|Night Shade|p1a: Chansey\n|-damage|p1a: Chansey|86/100 par\n|\n|upkeep\n|turn|55\n|inactive|Laroxyl has 60 seconds left.\n|\n|t:|1772896964\n|switch|p2a: Chansey|Chansey|70/100 par\n|move|p1a: Chansey|Ice Beam|p2a: Chansey\n|-damage|p2a: Chansey|60/100 par\n|\n|upkeep\n|turn|56\n|\n|t:|1772896972\n|switch|p1a: Snorlax|Snorlax|62/100\n|cant|p2a: Chansey|par\n|\n|upkeep\n|turn|57\n|inactive|Laroxyl has 60 seconds left.\n|\n|t:|1772896992\n|switch|p1a: Tauros|Tauros|100/100\n|switch|p2a: Gengar|Gengar|100/100\n|\n|upkeep\n|turn|58\n|\n|t:|1772897016\n|move|p2a: Gengar|Thunderbolt|p1a: Tauros\n|-damage|p1a: Tauros|67/100\n|-status|p1a: Tauros|par\n|move|p1a: Tauros|Earthquake|p2a: Gengar\n|-supereffective|p2a: Gengar\n|-damage|p2a: Gengar|29/100\n|\n|upkeep\n|turn|59\n|inactive|Laroxyl has 60 seconds left.\n|c|☆Laroxyl|As always\n|\n|t:|1772897051\n|switch|p2a: Starmie|Starmie|100/100\n|move|p1a: Tauros|Earthquake|p2a: Starmie\n|-damage|p2a: Starmie|76/100\n|\n|upkeep\n|turn|60\n|inactive|Laroxyl has 30 seconds left.\n|inactive|Sceptross has 240 seconds left.\n|\n|t:|1772897087\n|switch|p1a: Chansey|Chansey|86/100 par\n|move|p2a: Starmie|Psychic|p1a: Chansey\n|-damage|p1a: Chansey|71/100 par\n|\n|upkeep\n|turn|61\n|inactive|Laroxyl has 30 seconds left.\n|\n|t:|1772897105\n|switch|p2a: Snorlax|Snorlax|47/100 par\n|move|p1a: Chansey|Thunderbolt|p2a: Snorlax\n|-damage|p2a: Snorlax|29/100 par\n|\n|upkeep\n|turn|62\n|inactive|Laroxyl has 30 seconds left.\n|inactive|Laroxyl has 20 seconds left.\n|inactive|Laroxyl has 15 seconds left.\n|\n|t:|1772897127\n|switch|p1a: Starmie|Starmie|100/100\n|move|p2a: Snorlax|Rest|p2a: Snorlax\n|-status|p2a: Snorlax|slp|[from] move: Rest\n|-heal|p2a: Snorlax|100/100 slp|[silent]\n|\n|upkeep\n|turn|63\n|inactive|Laroxyl has 25 seconds left this turn.\n|inactive|Laroxyl has 20 seconds left.\n|inactive|Sceptross has 210 seconds left.\n|\n|t:|1772897181\n|switch|p2a: Starmie|Starmie|76/100\n|move|p1a: Starmie|Surf|p2a: Starmie\n|-resisted|p2a: Starmie\n|-damage|p2a: Starmie|58/100\n|\n|upkeep\n|turn|64\n|inactive|Laroxyl has 30 seconds left this turn.\n|inactive|Laroxyl has 20 seconds left.\n|\n|t:|1772897196\n|switch|p2a: Chansey|Chansey|60/100 par\n|move|p1a: Starmie|Thunderbolt|p2a: Chansey\n|-damage|p2a: Chansey|49/100 par\n|\n|upkeep\n|turn|65\n|inactive|Laroxyl has 30 seconds left this turn.\n|inactive|Laroxyl has 20 seconds left.\n|\n|t:|1772897206\n|switch|p1a: Tauros|Tauros|67/100 par\n|move|p2a: Chansey|Soft-Boiled|p2a: Chansey\n|-heal|p2a: Chansey|99/100 par\n|\n|upkeep\n|turn|66\n|inactive|Laroxyl has 30 seconds left this turn.\n|inactive|Sceptross has 180 seconds left.\n|\n|t:|1772897260\n|cant|p1a: Tauros|par\n|move|p2a: Chansey|Ice Beam|p1a: Tauros\n|-damage|p1a: Tauros|40/100 par\n|\n|upkeep\n|turn|67\n|inactive|Laroxyl has 30 seconds left.\n|inactive|Sceptross has 150 seconds left.\n|\n|t:|1772897305\n|switch|p2a: Starmie|Starmie|58/100\n|cant|p1a: Tauros|par\n|\n|upkeep\n|turn|68\n|inactive|Laroxyl has 30 seconds left.\n|inactive|Laroxyl has 20 seconds left.\n|\n|t:|1772897321\n|move|p2a: Starmie|Recover|p2a: Starmie\n|-heal|p2a: Starmie|100/100\n|move|p1a: Tauros|Body Slam|p2a: Starmie\n|-damage|p2a: Starmie|64/100\n|-status|p2a: Starmie|par\n|\n|upkeep\n|turn|69\n|inactive|Laroxyl has 30 seconds left this turn.\n|inactive|Laroxyl has 20 seconds left.\n|inactive|Laroxyl has 15 seconds left.\n|\n|t:|1772897337\n|switch|p1a: Chansey|Chansey|71/100 par\n|move|p2a: Starmie|Recover|p2a: Starmie\n|-heal|p2a: Starmie|100/100 par\n|\n|upkeep\n|turn|70\n|inactive|Laroxyl has 25 seconds left this turn.\n|inactive|Laroxyl has 20 seconds left.\n|inactive|Laroxyl has 15 seconds left.\n|\n|t:|1772897348\n|switch|p2a: Snorlax|Snorlax|100/100 slp\n|move|p1a: Chansey|Thunderbolt|p2a: Snorlax\n|-damage|p2a: Snorlax|83/100 slp\n|\n|upkeep\n|turn|71\n|inactive|Laroxyl has 25 seconds left this turn.\n|inactive|Laroxyl has 20 seconds left.\n|inactive|Sceptross has 150 seconds left.\n|\n|t:|1772897357\n|switch|p1a: Starmie|Starmie|100/100\n|cant|p2a: Snorlax|slp\n|\n|upkeep\n|turn|72\n|inactive|Laroxyl has 30 seconds left this turn.\n|inactive|Sceptross has 150 seconds left.\n|\n|t:|1772897371\n|switch|p2a: Chansey|Chansey|99/100 par\n|move|p1a: Starmie|Surf|p2a: Chansey\n|-damage|p2a: Chansey|83/100 par\n|\n|upkeep\n|turn|73\n|inactive|Sceptross has 150 seconds left.\n|\n|t:|1772897383\n|switch|p1a: Chansey|Chansey|71/100 par\n|move|p2a: Chansey|Thunderbolt|p1a: Chansey\n|-damage|p1a: Chansey|60/100 par\n|\n|upkeep\n|turn|74\n|inactive|Laroxyl has 30 seconds left.\n|\n|t:|1772897404\n|switch|p2a: Snorlax|Snorlax|83/100 slp\n|move|p1a: Chansey|Soft-Boiled|p1a: Chansey\n|-heal|p1a: Chansey|100/100 par\n|\n|upkeep\n|turn|75\n|\n|t:|1772897412\n|-curestatus|p2a: Snorlax|slp|[msg]\n|cant|p1a: Chansey|par\n|\n|upkeep\n|turn|76\n|\n|t:|1772897416\n|move|p2a: Snorlax|Body Slam|p1a: Chansey\n|-damage|p1a: Chansey|59/100 par\n|move|p1a: Chansey|Thunder Wave|p2a: Snorlax\n|-status|p2a: Snorlax|par\n|\n|upkeep\n|turn|77\n|\n|t:|1772897422\n|switch|p1a: Snorlax|Snorlax|62/100\n|cant|p2a: Snorlax|par\n|\n|upkeep\n|turn|78\n|inactive|Laroxyl has 60 seconds left.\n|inactive|Sceptross has 180 seconds left.\n|inactive|Laroxyl has 30 seconds left.\n|\n|t:|1772897463\n|switch|p2a: Gengar|Gengar|29/100\n|move|p1a: Snorlax|Body Slam|p2a: Gengar\n|-immune|p2a: Gengar\n|\n|upkeep\n|turn|79\n|inactive|Laroxyl has 30 seconds left.\n|\n|t:|1772897472\n|switch|p1a: Chansey|Chansey|59/100 par\n|move|p2a: Gengar|Thunderbolt|p1a: Chansey\n|-crit|p1a: Chansey\n|-damage|p1a: Chansey|35/100 par\n|\n|upkeep\n|turn|80\n|\n|t:|1772897479\n|switch|p2a: Snorlax|Snorlax|83/100 par\n|move|p1a: Chansey|Soft-Boiled|p1a: Chansey\n|-heal|p1a: Chansey|85/100 par\n|\n|upkeep\n|turn|81\n|\n|t:|1772897485\n|switch|p1a: Snorlax|Snorlax|62/100\n|move|p2a: Snorlax|Body Slam|p1a: Snorlax\n|-damage|p1a: Snorlax|36/100\n|\n|upkeep\n|turn|82\n|inactive|Laroxyl has 30 seconds left.\n|inactive|Laroxyl has 20 seconds left.\n|inactive|Laroxyl has 15 seconds left.\n|\n|t:|1772897520\n|switch|p2a: Gengar|Gengar|29/100\n|move|p1a: Snorlax|Rest|p1a: Snorlax\n|-status|p1a: Snorlax|slp|[from] move: Rest\n|-heal|p1a: Snorlax|100/100 slp|[silent]\n|\n|upkeep\n|turn|83\n|inactive|Laroxyl has 25 seconds left this turn.\n|\n|t:|1772897527\n|move|p2a: Gengar|Thunderbolt|p1a: Snorlax\n|-damage|p1a: Snorlax|77/100 slp\n|cant|p1a: Snorlax|slp\n|\n|upkeep\n|turn|84\n|inactive|Laroxyl has 30 seconds left.\n|\n|t:|1772897532\n|switch|p1a: Chansey|Chansey|85/100 par\n|move|p2a: Gengar|Thunderbolt|p1a: Chansey\n|-damage|p1a: Chansey|72/100 par\n|\n|upkeep\n|turn|85\n|inactive|Laroxyl has 30 seconds left.\n|\n|t:|1772897550\n|switch|p2a: Snorlax|Snorlax|83/100 par\n|switch|p1a: Snorlax|Snorlax|77/100 slp\n|\n|upkeep\n|turn|86\n|\n|t:|1772897555\n|-curestatus|p1a: Snorlax|slp|[msg]\n|move|p2a: Snorlax|Body Slam|p1a: Snorlax\n|-damage|p1a: Snorlax|51/100\n|\n|upkeep\n|turn|87\n|inactive|Sceptross has 240 seconds left.\n|inactive|Laroxyl has 30 seconds left.\n|inactive|Laroxyl has 20 seconds left.\n|\n|t:|1772897583\n|switch|p1a: Chansey|Chansey|72/100 par\n|switch|p2a: Gengar|Gengar|29/100\n|\n|upkeep\n|turn|88\n|inactive|Laroxyl has 30 seconds left this turn.\n|inactive|Laroxyl has 20 seconds left.\n|\n|t:|1772897597\n|switch|p2a: Snorlax|Snorlax|83/100 par\n|move|p1a: Chansey|Thunderbolt|p2a: Snorlax\n|-damage|p2a: Snorlax|64/100 par\n|\n|upkeep\n|turn|89\n|inactive|Laroxyl has 30 seconds left this turn.\n|\n|t:|1772897604\n|switch|p1a: Snorlax|Snorlax|51/100\n|move|p2a: Snorlax|Body Slam|p1a: Snorlax\n|-damage|p1a: Snorlax|24/100\n|\n|upkeep\n|turn|90\n|inactive|Laroxyl has 30 seconds left.\n|inactive|Sceptross has 240 seconds left.\n|inactive|Laroxyl has 20 seconds left.\n|inactive|Laroxyl has 15 seconds left.\n|\n|t:|1772897628\n|switch|p2a: Gengar|Gengar|29/100\n|move|p1a: Snorlax|Rest|p1a: Snorlax\n|-status|p1a: Snorlax|slp|[from] move: Rest\n|-heal|p1a: Snorlax|100/100 slp|[silent]\n|\n|upkeep\n|turn|91\n|inactive|Laroxyl has 25 seconds left this turn.\n|inactive|Laroxyl has 20 seconds left.\n|inactive|Laroxyl has 15 seconds left.\n|\n|t:|1772897639\n|switch|p1a: Chansey|Chansey|72/100 par\n|move|p2a: Gengar|Thunderbolt|p1a: Chansey\n|-damage|p1a: Chansey|59/100 par\n|\n|upkeep\n|turn|92\n|inactive|Laroxyl has 25 seconds left this turn.\n|inactive|Laroxyl has 20 seconds left.\n|\n|t:|1772897645\n|switch|p2a: Snorlax|Snorlax|64/100 par\n|move|p1a: Chansey|Soft-Boiled|p1a: Chansey\n|-heal|p1a: Chansey|100/100 par\n|\n|upkeep\n|turn|93\n|inactive|Laroxyl has 30 seconds left this turn.\n|\n|t:|1772897664\n|switch|p1a: Snorlax|Snorlax|100/100 slp\n|move|p2a: Snorlax|Body Slam|p1a: Snorlax\n|-damage|p1a: Snorlax|76/100 slp\n|\n|upkeep\n|turn|94\n|\n|t:|1772897669\n|cant|p1a: Snorlax|slp\n|move|p2a: Snorlax|Body Slam|p1a: Snorlax\n|-damage|p1a: Snorlax|50/100 slp\n|\n|upkeep\n|turn|95\n|\n|t:|1772897675\n|-curestatus|p1a: Snorlax|slp|[msg]\n|move|p2a: Snorlax|Body Slam|p1a: Snorlax\n|-damage|p1a: Snorlax|25/100\n|\n|upkeep\n|turn|96\n|inactive|Sceptross has 240 seconds left.\n|inactive|Laroxyl has 30 seconds left.\n|inactive|Laroxyl has 20 seconds left.\n|\n|t:|1772897716\n|move|p1a: Snorlax|Rest|p1a: Snorlax\n|-status|p1a: Snorlax|slp|[from] move: Rest\n|-heal|p1a: Snorlax|100/100 slp|[silent]\n|move|p2a: Snorlax|Body Slam|p1a: Snorlax\n|-damage|p1a: Snorlax|76/100 slp\n|\n|upkeep\n|turn|97\n|inactive|Laroxyl has 30 seconds left this turn.\n|inactive|Sceptross has 240 seconds left.\n|\n|t:|1772897725\n|cant|p1a: Snorlax|slp\n|move|p2a: Snorlax|Body Slam|p1a: Snorlax\n|-crit|p1a: Snorlax\n|-damage|p1a: Snorlax|21/100 slp\n|\n|upkeep\n|turn|98\n|\n|t:|1772897733\n|switch|p1a: Starmie|Starmie|100/100\n|move|p2a: Snorlax|Body Slam|p1a: Starmie\n|-damage|p1a: Starmie|61/100\n|-status|p1a: Starmie|par\n|\n|upkeep\n|turn|99\n|c|☆Laroxyl|Kitemmurt\n|inactive|Laroxyl has 30 seconds left.\n|inactive|Sceptross has 240 seconds left.\n|inactive|Sceptross has 210 seconds left.\n|inactive|Sceptross has 180 seconds left.\n|\n|t:|1772897817\n|switch|p2a: Chansey|Chansey|83/100 par\n|move|p1a: Starmie|Recover|p1a: Starmie\n|-heal|p1a: Starmie|100/100 par\n|\n|upkeep\n|turn|100\n|\n|t:|1772897824\n|switch|p1a: Chansey|Chansey|100/100 par\n|move|p2a: Chansey|Thunderbolt|p1a: Chansey\n|-damage|p1a: Chansey|91/100 par\n|\n|upkeep\n|turn|101\n|inactive|Sceptross has 180 seconds left.\n|\n|t:|1772897851\n|move|p1a: Chansey|Thunderbolt|p2a: Chansey\n|-damage|p2a: Chansey|72/100 par\n|move|p2a: Chansey|Ice Beam|p1a: Chansey\n|-crit|p1a: Chansey\n|-damage|p1a: Chansey|69/100 par\n|\n|upkeep\n|turn|102\n|\n|t:|1772897862\n|move|p1a: Chansey|Soft-Boiled|p1a: Chansey\n|-heal|p1a: Chansey|100/100 par\n|move|p2a: Chansey|Soft-Boiled|p2a: Chansey\n|-heal|p2a: Chansey|100/100 par\n|\n|upkeep\n|turn|103\n|\n|t:|1772897878\n|move|p2a: Chansey|Ice Beam|p1a: Chansey\n|-damage|p1a: Chansey|89/100 par\n|move|p1a: Chansey|Ice Beam|p2a: Chansey\n|-damage|p2a: Chansey|89/100 par\n|\n|upkeep\n|turn|104\n|inactive|Sceptross has 180 seconds left.\n|\n|t:|1772897907\n|move|p1a: Chansey|Ice Beam|p2a: Chansey\n|-damage|p2a: Chansey|79/100 par\n|cant|p2a: Chansey|par\n|\n|upkeep\n|turn|105\n|\n|t:|1772897922\n|move|p2a: Chansey|Ice Beam|p1a: Chansey\n|-damage|p1a: Chansey|79/100 par\n|move|p1a: Chansey|Thunder Wave|p2a: Chansey\n|-fail|p2a: Chansey|par\n|\n|upkeep\n|turn|106\n|\n|t:|1772897931\n|cant|p1a: Chansey|par\n|move|p2a: Chansey|Ice Beam|p1a: Chansey\n|-damage|p1a: Chansey|69/100 par\n|\n|upkeep\n|turn|107\n|\n|t:|1772897947\n|cant|p2a: Chansey|par\n|move|p1a: Chansey|Thunder Wave|p2a: Chansey\n|-fail|p2a: Chansey|par\n|\n|upkeep\n|turn|108\n|\n|t:|1772897954\n|move|p2a: Chansey|Soft-Boiled|p2a: Chansey\n|-heal|p2a: Chansey|100/100 par\n|move|p1a: Chansey|Thunder Wave|p2a: Chansey\n|-fail|p2a: Chansey|par\n|\n|upkeep\n|turn|109\n|inactive|Sceptross has 210 seconds left.\n|\n|t:|1772897960\n|switch|p2a: Snorlax|Snorlax|64/100 par\n|move|p1a: Chansey|Soft-Boiled|p1a: Chansey\n|-heal|p1a: Chansey|100/100 par\n|\n|upkeep\n|turn|110\n|inactive|Laroxyl has 60 seconds left.\n|inactive|Sceptross has 210 seconds left.\n|\n|t:|1772897974\n|switch|p1a: Starmie|Starmie|100/100 par\n|move|p2a: Snorlax|Self-Destruct|p1a: Starmie\n|-damage|p1a: Starmie|0 fnt\n|faint|p1a: Starmie\n|faint|p2a: Snorlax\n|inactive|Sceptross has 210 seconds left.\n|\n|t:|1772898006\n|switch|p1a: Chansey|Chansey|100/100 par\n|switch|p2a: Tauros|Tauros|100/100\n|turn|111\n|\n|t:|1772898018\n|switch|p2a: Chansey|Chansey|100/100 par\n|move|p1a: Chansey|Thunder Wave|p2a: Chansey\n|-fail|p2a: Chansey|par\n|\n|upkeep\n|turn|112\n|\n|t:|1772898036\n|move|p2a: Chansey|Thunder Wave|p1a: Chansey\n|-fail|p1a: Chansey|par\n|move|p1a: Chansey|Ice Beam|p2a: Chansey\n|-damage|p2a: Chansey|90/100 par\n|\n|upkeep\n|turn|113\n|\n|t:|1772898051\n|move|p1a: Chansey|Ice Beam|p2a: Chansey\n|-damage|p2a: Chansey|81/100 par\n|move|p2a: Chansey|Thunder Wave|p1a: Chansey\n|-fail|p1a: Chansey|par\n|\n|upkeep\n|turn|114\n|\n|t:|1772898057\n|move|p2a: Chansey|Thunder Wave|p1a: Chansey\n|-fail|p1a: Chansey|par\n|move|p1a: Chansey|Thunder Wave|p2a: Chansey\n|-fail|p2a: Chansey|par\n|\n|upkeep\n|turn|115\n|\n|t:|1772898069\n|cant|p2a: Chansey|par\n|cant|p1a: Chansey|par\n|\n|upkeep\n|turn|116\n|\n|t:|1772898075\n|move|p1a: Chansey|Thunder Wave|p2a: Chansey\n|-fail|p2a: Chansey|par\n|move|p2a: Chansey|Thunder Wave|p1a: Chansey\n|-fail|p1a: Chansey|par\n|\n|upkeep\n|turn|117\n|inactive|Sceptross has 210 seconds left.\n|\n|t:|1772898081\n|switch|p1a: Alakazam|Alakazam|100/100 slp\n|move|p2a: Chansey|Thunder Wave|p1a: Alakazam\n|-fail|p1a: Alakazam\n|\n|upkeep\n|turn|118\n|\n|t:|1772898093\n|switch|p1a: Chansey|Chansey|100/100 par\n|switch|p2a: Tauros|Tauros|100/100\n|\n|upkeep\n|turn|119\n|inactive|Laroxyl has 60 seconds left.\n|\n|t:|1772898147\n|switch|p2a: Chansey|Chansey|81/100 par\n|switch|p1a: Tauros|Tauros|40/100 par\n|\n|upkeep\n|turn|120\n|inactive|Laroxyl has 30 seconds left.\n|inactive|Laroxyl has 20 seconds left.\n|\n|t:|1772898179\n|switch|p2a: Starmie|Starmie|100/100 par\n|move|p1a: Tauros|Body Slam|p2a: Starmie\n|-damage|p2a: Starmie|65/100 par\n|\n|upkeep\n|turn|121\n|inactive|Laroxyl has 30 seconds left this turn.\n|inactive|Laroxyl has 20 seconds left.\n|inactive|Laroxyl has 15 seconds left.\n|inactive|Laroxyl has 10 seconds left.\n|\n|t:|1772898199\n|switch|p1a: Chansey|Chansey|100/100 par\n|cant|p2a: Starmie|par\n|\n|upkeep\n|turn|122\n|inactive|Laroxyl has 20 seconds left this turn.\n|inactive|Laroxyl has 15 seconds left.\n|inactive|Sceptross has 240 seconds left.\n|\n|t:|1772898207\n|switch|p2a: Chansey|Chansey|81/100 par\n|switch|p1a: Tauros|Tauros|40/100 par\n|\n|upkeep\n|turn|123\n|inactive|Laroxyl has 25 seconds left this turn.\n|inactive|Laroxyl has 20 seconds left.\n|inactive|Laroxyl has 15 seconds left.\n|inactive|Laroxyl has 10 seconds left.\n|\n|t:|1772898226\n|switch|p2a: Starmie|Starmie|65/100 par\n|move|p1a: Tauros|Body Slam|p2a: Starmie\n|-damage|p2a: Starmie|30/100 par\n|\n|upkeep\n|turn|124\n|inactive|Laroxyl has 20 seconds left this turn.\n|inactive|Laroxyl has 15 seconds left.\n|inactive|Laroxyl has 10 seconds left.\n|\n|t:|1772898237\n|move|p2a: Starmie|Recover|p2a: Starmie\n|-heal|p2a: Starmie|80/100 par\n|move|p1a: Tauros|Body Slam|p2a: Starmie\n|-damage|p2a: Starmie|44/100 par\n|\n|upkeep\n|turn|125\n|inactive|Laroxyl has 20 seconds left this turn.\n|inactive|Laroxyl has 15 seconds left.\n|\n|t:|1772898253\n|switch|p1a: Chansey|Chansey|100/100 par\n|cant|p2a: Starmie|par\n|\n|upkeep\n|turn|126\n|inactive|Laroxyl has 25 seconds left this turn.\n|inactive|Laroxyl has 20 seconds left.\n|inactive|Laroxyl has 15 seconds left.\n|\n|t:|1772898267\n|switch|p2a: Chansey|Chansey|81/100 par\n|move|p1a: Chansey|Thunderbolt|p2a: Chansey\n|-damage|p2a: Chansey|69/100 par\n|\n|upkeep\n|turn|127\n|inactive|Laroxyl has 25 seconds left this turn.\n|inactive|Laroxyl has 20 seconds left.\n|inactive|Laroxyl has 15 seconds left.\n|\n|t:|1772898284\n|move|p2a: Chansey|Ice Beam|p1a: Chansey\n|-damage|p1a: Chansey|90/100 par\n|cant|p1a: Chansey|par\n|\n|upkeep\n|turn|128\n|inactive|Laroxyl has 25 seconds left this turn.\n|\n|t:|1772898289\n|cant|p1a: Chansey|par\n|move|p2a: Chansey|Ice Beam|p1a: Chansey\n|-damage|p1a: Chansey|79/100 par\n|\n|upkeep\n|turn|129\n|\n|t:|1772898293\n|cant|p2a: Chansey|par\n|move|p1a: Chansey|Thunderbolt|p2a: Chansey\n|-damage|p2a: Chansey|58/100 par\n|\n|upkeep\n|turn|130\n|\n|t:|1772898295\n|switch|p1a: Tauros|Tauros|40/100 par\n|cant|p2a: Chansey|par\n|\n|upkeep\n|turn|131\n|\n|t:|1772898316\n|switch|p2a: Starmie|Starmie|44/100 par\n|move|p1a: Tauros|Earthquake|p2a: Starmie\n|-damage|p2a: Starmie|19/100 par\n|\n|upkeep\n|turn|132\n|inactive|Laroxyl has 30 seconds left.\n|\n|t:|1772898331\n|move|p2a: Starmie|Psychic|p1a: Tauros\n|-damage|p1a: Tauros|4/100 par\n|cant|p1a: Tauros|par\n|\n|upkeep\n|turn|133\n|inactive|Laroxyl has 30 seconds left.\n|\n|t:|1772898351\n|move|p2a: Starmie|Recover|p2a: Starmie\n|-heal|p2a: Starmie|69/100 par\n|move|p1a: Tauros|Body Slam|p2a: Starmie\n|-damage|p2a: Starmie|34/100 par\n|\n|upkeep\n|turn|134\n|inactive|Laroxyl has 30 seconds left.\n|\n|t:|1772898361\n|move|p2a: Starmie|Recover|p2a: Starmie\n|-heal|p2a: Starmie|83/100 par\n|move|p1a: Tauros|Body Slam|p2a: Starmie\n|-damage|p2a: Starmie|49/100 par\n|\n|upkeep\n|turn|135\n|\n|t:|1772898369\n|switch|p1a: Chansey|Chansey|79/100 par\n|move|p2a: Starmie|Recover|p2a: Starmie\n|-heal|p2a: Starmie|99/100 par\n|\n|upkeep\n|turn|136\n|inactive|Laroxyl has 30 seconds left.\n|inactive|Laroxyl has 20 seconds left.\n|inactive|Laroxyl has 15 seconds left.\n|\n|t:|1772898405\n|switch|p2a: Chansey|Chansey|58/100 par\n|switch|p1a: Tauros|Tauros|4/100 par\n|\n|upkeep\n|turn|137\n|inactive|Laroxyl has 25 seconds left this turn.\n|inactive|Laroxyl has 20 seconds left.\n|inactive|Laroxyl has 15 seconds left.\n|\n|t:|1772898418\n|switch|p2a: Starmie|Starmie|99/100 par\n|move|p1a: Tauros|Body Slam|p2a: Starmie\n|-damage|p2a: Starmie|66/100 par\n|\n|upkeep\n|turn|138\n|inactive|Laroxyl has 25 seconds left this turn.\n|inactive|Laroxyl has 20 seconds left.\n|\n|t:|1772898426\n|switch|p1a: Chansey|Chansey|79/100 par\n|move|p2a: Starmie|Psychic|p1a: Chansey\n|-damage|p1a: Chansey|65/100 par\n|\n|upkeep\n|turn|139\n|inactive|Laroxyl has 30 seconds left this turn.\n|inactive|Laroxyl has 20 seconds left.\n|\n|t:|1772898444\n|switch|p1a: Tauros|Tauros|4/100 par\n|cant|p2a: Starmie|par\n|\n|upkeep\n|turn|140\n|inactive|Laroxyl has 30 seconds left this turn.\n|inactive|Laroxyl has 20 seconds left.\n|inactive|Laroxyl has 15 seconds left.\n|\n|t:|1772898460\n|switch|p2a: Tauros|Tauros|100/100\n|switch|p1a: Chansey|Chansey|65/100 par\n|\n|upkeep\n|turn|141\n|inactive|Laroxyl has 25 seconds left this turn.\n|inactive|Laroxyl has 20 seconds left.\n|inactive|Laroxyl has 15 seconds left.\n|inactive|Laroxyl has 10 seconds left.\n|\n|t:|1772898476\n|move|p2a: Tauros|Hyper Beam|p1a: Chansey\n|-damage|p1a: Chansey|0 fnt\n|faint|p1a: Chansey\n|inactive|Laroxyl has 15 seconds left this turn.\n|\n|t:|1772898479\n|switch|p1a: Alakazam|Alakazam|100/100 slp\n|turn|142\n|inactive|Laroxyl has 25 seconds left this turn.\n|\n|t:|1772898483\n|cant|p1a: Alakazam|slp\n|move|p2a: Tauros|Body Slam|p1a: Alakazam\n|-crit|p1a: Alakazam\n|-damage|p1a: Alakazam|2/100 slp\n|\n|upkeep\n|turn|143\n|\n|t:|1772898488\n|cant|p1a: Alakazam|slp\n|move|p2a: Tauros|Body Slam|p1a: Alakazam\n|-damage|p1a: Alakazam|0 fnt\n|faint|p1a: Alakazam\n|\n|t:|1772898491\n|switch|p1a: Tauros|Tauros|4/100 par\n|turn|144\n|\n|t:|1772898494\n|move|p2a: Tauros|Body Slam|p1a: Tauros\n|-damage|p1a: Tauros|0 fnt\n|faint|p1a: Tauros\n|\n|t:|1772898495\n|switch|p1a: Snorlax|Snorlax|21/100 slp\n|turn|145\n|\n|t:|1772898498\n|move|p2a: Tauros|Body Slam|p1a: Snorlax\n|-damage|p1a: Snorlax|0 fnt\n|faint|p1a: Snorlax\n|\n|win|Sceptross\n|c|☆Sceptross|gg\n|c|☆Laroxyl|gg\n|player|p1|\n","uploadtime":1772898498,"views":"1240","formatid":"gen1ou","rating":null,"private":0,"password":null}