{"id":"smogtours-gen1ou-958127","format":"[Gen 1] OU","players":["Laroxyl","violet river"],"log":"|inactive|Battle timer is ON: inactive players will automatically lose when time's up.\n|t:|1784707185\n|gametype|singles\n|player|p1|Laroxyl|#splxviitigers2|\n|player|p2|violet river|#advplvi|\n|gen|1\n|tier|[Gen 1] OU\n|rule|Desync Clause Mod: Desyncs resolve to link battle behavior from the acting player's perspective.\n|rule|HP Percentage Mod: HP is shown in percentages\n|rule|Endless Battle Clause: Forcing endless battles is banned\n|rule|Sleep Clause Mod: Limit one foe put to sleep\n|rule|Freeze Clause Mod: Limit one foe frozen\n|rule|Species Clause: Limit one of each Pokémon\n|rule|OHKO Clause: OHKO moves are banned\n|rule|Evasion Moves Clause: Evasion moves are banned\n|\n|t:|1784707185\n|teamsize|p1|6\n|teamsize|p2|6\n|start\n|switch|p1a: Jynx|Jynx|100/100\n|switch|p2a: Tauros|Tauros|100/100\n|turn|1\n|c|☆violet river|hf\n|c|☆Laroxyl|hf\n|\n|t:|1784707208\n|move|p2a: Tauros|Body Slam|p1a: Jynx\n|-damage|p1a: Jynx|47/100\n|move|p1a: Jynx|Lovely Kiss|p2a: Tauros\n|-status|p2a: Tauros|slp|[from] move: Lovely Kiss\n|\n|upkeep\n|turn|2\n|\n|t:|1784707219\n|cant|p2a: Tauros|slp\n|move|p1a: Jynx|Blizzard|p2a: Tauros\n|-damage|p2a: Tauros|49/100 slp\n|\n|upkeep\n|turn|3\n|\n|t:|1784707224\n|switch|p2a: Chansey|Chansey|100/100\n|move|p1a: Jynx|Blizzard|p2a: Chansey\n|-damage|p2a: Chansey|83/100\n|\n|upkeep\n|turn|4\n|\n|t:|1784707232\n|move|p1a: Jynx|Blizzard|p2a: Chansey\n|-damage|p2a: Chansey|63/100\n|move|p2a: Chansey|Thunderbolt|p1a: Jynx\n|-crit|p1a: Jynx\n|-damage|p1a: Jynx|0 fnt\n|faint|p1a: Jynx\n|\n|t:|1784707243\n|switch|p1a: Tauros|Tauros|100/100\n|turn|5\n|\n|t:|1784707247\n|switch|p2a: Exeggutor|Exeggutor|100/100\n|move|p1a: Tauros|Body Slam|p2a: Exeggutor\n|-damage|p2a: Exeggutor|75/100\n|\n|upkeep\n|turn|6\n|\n|t:|1784707267\n|move|p1a: Tauros|Body Slam|p2a: Exeggutor\n|-damage|p2a: Exeggutor|45/100\n|move|p2a: Exeggutor|Sleep Powder|p1a: Tauros\n|-status|p1a: Tauros|slp|[from] move: Sleep Powder\n|\n|upkeep\n|turn|7\n|\n|t:|1784707280\n|switch|p1a: Exeggutor|Exeggutor|100/100\n|move|p2a: Exeggutor|Stun Spore|p1a: Exeggutor|[miss]\n|-miss|p2a: Exeggutor\n|\n|upkeep\n|turn|8\n|\n|t:|1784707298\n|move|p1a: Exeggutor|Stun Spore|p2a: Exeggutor|[miss]\n|-miss|p1a: Exeggutor\n|move|p2a: Exeggutor|Stun Spore|p1a: Exeggutor\n|-status|p1a: Exeggutor|par\n|\n|upkeep\n|turn|9\n|\n|t:|1784707302\n|move|p2a: Exeggutor|Explosion|p1a: Exeggutor\n|-damage|p1a: Exeggutor|28/100 par\n|faint|p2a: Exeggutor\n|\n|t:|1784707309\n|switch|p2a: Chansey|Chansey|63/100\n|turn|10\n|\n|t:|1784707315\n|switch|p1a: Chansey|Chansey|100/100\n|move|p2a: Chansey|Ice Beam|p1a: Chansey\n|-crit|p1a: Chansey\n|-damage|p1a: Chansey|80/100\n|\n|upkeep\n|turn|11\n|\n|t:|1784707323\n|move|p1a: Chansey|Thunder Wave|p2a: Chansey\n|-status|p2a: Chansey|par\n|move|p2a: Chansey|Ice Beam|p1a: Chansey\n|-damage|p1a: Chansey|69/100\n|\n|upkeep\n|turn|12\n|\n|t:|1784707326\n|move|p1a: Chansey|Soft-Boiled|p1a: Chansey\n|-heal|p1a: Chansey|100/100\n|move|p2a: Chansey|Soft-Boiled|p2a: Chansey\n|-heal|p2a: Chansey|100/100 par\n|\n|upkeep\n|turn|13\n|\n|t:|1784707333\n|move|p1a: Chansey|Seismic Toss|p2a: Chansey\n|-damage|p2a: Chansey|86/100 par\n|move|p2a: Chansey|Ice Beam|p1a: Chansey\n|-crit|p1a: Chansey\n|-damage|p1a: Chansey|79/100\n|\n|upkeep\n|turn|14\n|\n|t:|1784707341\n|move|p1a: Chansey|Seismic Toss|p2a: Chansey\n|-damage|p2a: Chansey|72/100 par\n|move|p2a: Chansey|Ice Beam|p1a: Chansey\n|-crit|p1a: Chansey\n|-damage|p1a: Chansey|59/100\n|\n|upkeep\n|turn|15\n|\n|t:|1784707343\n|move|p1a: Chansey|Soft-Boiled|p1a: Chansey\n|-heal|p1a: Chansey|100/100\n|move|p2a: Chansey|Ice Beam|p1a: Chansey\n|-damage|p1a: Chansey|91/100\n|\n|upkeep\n|turn|16\n|\n|t:|1784707346\n|switch|p1a: Snorlax|Snorlax|100/100\n|move|p2a: Chansey|Ice Beam|p1a: Snorlax\n|-damage|p1a: Snorlax|82/100\n|\n|upkeep\n|turn|17\n|\n|t:|1784707354\n|switch|p2a: Cloyster|Cloyster|100/100\n|move|p1a: Snorlax|Body Slam|p2a: Cloyster\n|-damage|p2a: Cloyster|78/100\n|-status|p2a: Cloyster|par\n|\n|upkeep\n|turn|18\n|\n|t:|1784707365\n|switch|p1a: Chansey|Chansey|91/100\n|move|p2a: Cloyster|Ice Beam|p1a: Chansey\n|-damage|p1a: Chansey|78/100\n|\n|upkeep\n|turn|19\n|\n|t:|1784707372\n|switch|p2a: Chansey|Chansey|72/100 par\n|move|p1a: Chansey|Seismic Toss|p2a: Chansey\n|-damage|p2a: Chansey|58/100 par\n|\n|upkeep\n|turn|20\n|\n|t:|1784707375\n|switch|p1a: Snorlax|Snorlax|82/100\n|move|p2a: Chansey|Ice Beam|p1a: Snorlax\n|-damage|p1a: Snorlax|64/100\n|\n|upkeep\n|turn|21\n|\n|t:|1784707388\n|switch|p2a: Cloyster|Cloyster|78/100 par\n|move|p1a: Snorlax|Body Slam|p2a: Cloyster\n|-damage|p2a: Cloyster|56/100 par\n|\n|upkeep\n|turn|22\n|inactive|Laroxyl has 270 seconds left.\n|\n|t:|1784707422\n|switch|p1a: Chansey|Chansey|78/100\n|move|p2a: Cloyster|Rest|p2a: Cloyster\n|-status|p2a: Cloyster|slp|[from] move: Rest\n|-heal|p2a: Cloyster|100/100 slp|[silent]\n|\n|upkeep\n|turn|23\n|\n|t:|1784707427\n|switch|p1a: Zapdos|Zapdos|100/100\n|cant|p2a: Cloyster|slp\n|\n|upkeep\n|turn|24\n|inactive|Laroxyl has 270 seconds left.\n|\n|t:|1784707448\n|switch|p2a: Rhydon|Rhydon|100/100\n|move|p1a: Zapdos|Thunderbolt|p2a: Rhydon\n|-immune|p2a: Rhydon\n|\n|upkeep\n|turn|25\n|inactive|Laroxyl has 270 seconds left.\n|inactive|Laroxyl has 240 seconds left.\n|\n|t:|1784707491\n|switch|p1a: Exeggutor|Exeggutor|28/100 par\n|move|p2a: Rhydon|Earthquake|p1a: Exeggutor\n|-resisted|p1a: Exeggutor\n|-damage|p1a: Exeggutor|10/100 par\n|\n|upkeep\n|turn|26\n|inactive|Laroxyl has 240 seconds left.\n|\n|t:|1784707499\n|move|p2a: Rhydon|Earthquake|p1a: Exeggutor\n|-resisted|p1a: Exeggutor\n|-damage|p1a: Exeggutor|0 fnt\n|faint|p1a: Exeggutor\n|\n|t:|1784707503\n|switch|p1a: Chansey|Chansey|78/100\n|turn|27\n|\n|t:|1784707518\n|move|p1a: Chansey|Ice Beam|p2a: Rhydon\n|-supereffective|p2a: Rhydon\n|-damage|p2a: Rhydon|44/100\n|move|p2a: Rhydon|Earthquake|p1a: Chansey\n|-damage|p1a: Chansey|26/100\n|\n|upkeep\n|turn|28\n|inactive|Laroxyl has 240 seconds left.\n|\n|t:|1784707538\n|switch|p2a: Chansey|Chansey|58/100 par\n|move|p1a: Chansey|Soft-Boiled|p1a: Chansey\n|-heal|p1a: Chansey|75/100\n|\n|upkeep\n|turn|29\n|inactive|Laroxyl has 240 seconds left.\n|\n|t:|1784707550\n|switch|p1a: Snorlax|Snorlax|64/100\n|move|p2a: Chansey|Soft-Boiled|p2a: Chansey\n|-heal|p2a: Chansey|100/100 par\n|\n|upkeep\n|turn|30\n|inactive|Laroxyl has 240 seconds left.\n|\n|t:|1784707574\n|switch|p1a: Zapdos|Zapdos|100/100\n|switch|p2a: Cloyster|Cloyster|100/100 slp\n|\n|upkeep\n|turn|31\n|\n|t:|1784707577\n|switch|p2a: Rhydon|Rhydon|44/100\n|move|p1a: Zapdos|Drill Peck|p2a: Rhydon\n|-resisted|p2a: Rhydon\n|-damage|p2a: Rhydon|35/100\n|\n|upkeep\n|turn|32\n|\n|t:|1784707586\n|switch|p1a: Chansey|Chansey|75/100\n|move|p2a: Rhydon|Rest|p2a: Rhydon\n|-status|p2a: Rhydon|slp|[from] move: Rest\n|-heal|p2a: Rhydon|100/100 slp|[silent]\n|\n|upkeep\n|turn|33\n|\n|t:|1784707598\n|switch|p1a: Snorlax|Snorlax|64/100\n|switch|p2a: Chansey|Chansey|100/100 par\n|\n|upkeep\n|turn|34\n|\n|t:|1784707609\n|switch|p2a: Cloyster|Cloyster|100/100 slp\n|move|p1a: Snorlax|Body Slam|p2a: Cloyster\n|-damage|p2a: Cloyster|77/100 slp\n|\n|upkeep\n|turn|35\n|\n|t:|1784707614\n|-curestatus|p2a: Cloyster|slp|[msg]\n|move|p1a: Snorlax|Body Slam|p2a: Cloyster\n|-damage|p2a: Cloyster|56/100\n|-status|p2a: Cloyster|par\n|\n|upkeep\n|turn|36\n|\n|t:|1784707630\n|switch|p1a: Chansey|Chansey|75/100\n|move|p2a: Cloyster|Rest|p2a: Cloyster\n|-status|p2a: Cloyster|slp|[from] move: Rest\n|-heal|p2a: Cloyster|100/100 slp|[silent]\n|\n|upkeep\n|turn|37\n|\n|t:|1784707633\n|move|p1a: Chansey|Seismic Toss|p2a: Cloyster\n|-damage|p2a: Cloyster|67/100 slp\n|cant|p2a: Cloyster|slp\n|\n|upkeep\n|turn|38\n|\n|t:|1784707638\n|switch|p2a: Chansey|Chansey|100/100 par\n|move|p1a: Chansey|Seismic Toss|p2a: Chansey\n|-damage|p2a: Chansey|86/100 par\n|\n|upkeep\n|turn|39\n|\n|t:|1784707643\n|switch|p1a: Snorlax|Snorlax|64/100\n|cant|p2a: Chansey|par\n|\n|upkeep\n|turn|40\n|\n|t:|1784707651\n|switch|p2a: Cloyster|Cloyster|67/100 slp\n|move|p1a: Snorlax|Body Slam|p2a: Cloyster\n|-damage|p2a: Cloyster|46/100 slp\n|\n|upkeep\n|turn|41\n|\n|t:|1784707654\n|-curestatus|p2a: Cloyster|slp|[msg]\n|move|p1a: Snorlax|Body Slam|p2a: Cloyster\n|-damage|p2a: Cloyster|23/100\n|-status|p2a: Cloyster|par\n|\n|upkeep\n|turn|42\n|\n|t:|1784707662\n|switch|p2a: Rhydon|Rhydon|100/100 slp\n|move|p1a: Snorlax|Body Slam|p2a: Rhydon\n|-resisted|p2a: Rhydon\n|-damage|p2a: Rhydon|90/100 slp\n|\n|upkeep\n|turn|43\n|\n|t:|1784707670\n|switch|p2a: Starmie|Starmie|100/100\n|move|p1a: Snorlax|Earthquake|p2a: Starmie\n|-crit|p2a: Starmie\n|-damage|p2a: Starmie|43/100\n|\n|upkeep\n|turn|44\n|inactive|Laroxyl has 270 seconds left.\n|\n|t:|1784707704\n|move|p2a: Starmie|Thunder Wave|p1a: Snorlax\n|-status|p1a: Snorlax|par\n|move|p1a: Snorlax|Body Slam|p2a: Starmie\n|-damage|p2a: Starmie|6/100\n|\n|upkeep\n|turn|45\n|inactive|violet river has 270 seconds left.\n|\n|t:|1784707736\n|move|p2a: Starmie|Recover|p2a: Starmie\n|-heal|p2a: Starmie|56/100\n|move|p1a: Snorlax|Body Slam|p2a: Starmie\n|-damage|p2a: Starmie|19/100\n|\n|upkeep\n|turn|46\n|\n|t:|1784707741\n|move|p2a: Starmie|Recover|p2a: Starmie\n|-heal|p2a: Starmie|69/100\n|move|p1a: Snorlax|Body Slam|p2a: Starmie\n|-damage|p2a: Starmie|31/100\n|\n|upkeep\n|turn|47\n|\n|t:|1784707747\n|move|p2a: Starmie|Recover|p2a: Starmie\n|-heal|p2a: Starmie|81/100\n|move|p1a: Snorlax|Body Slam|p2a: Starmie\n|-damage|p2a: Starmie|44/100\n|\n|upkeep\n|turn|48\n|\n|t:|1784707772\n|switch|p1a: Chansey|Chansey|75/100\n|move|p2a: Starmie|Surf|p1a: Chansey\n|-damage|p1a: Chansey|61/100\n|\n|upkeep\n|turn|49\n|\n|t:|1784707781\n|switch|p2a: Chansey|Chansey|86/100 par\n|move|p1a: Chansey|Thunder Wave|p2a: Chansey\n|-fail|p2a: Chansey|par\n|\n|upkeep\n|turn|50\n|\n|t:|1784707794\n|move|p1a: Chansey|Soft-Boiled|p1a: Chansey\n|-heal|p1a: Chansey|100/100\n|move|p2a: Chansey|Ice Beam|p1a: Chansey\n|-crit|p1a: Chansey\n|-damage|p1a: Chansey|80/100\n|\n|upkeep\n|turn|51\n|\n|t:|1784707801\n|move|p1a: Chansey|Seismic Toss|p2a: Chansey\n|-damage|p2a: Chansey|72/100 par\n|move|p2a: Chansey|Thunderbolt|p1a: Chansey\n|-damage|p1a: Chansey|70/100\n|\n|upkeep\n|turn|52\n|\n|t:|1784707806\n|switch|p1a: Snorlax|Snorlax|64/100 par\n|cant|p2a: Chansey|par\n|\n|upkeep\n|turn|53\n|\n|t:|1784707813\n|switch|p2a: Cloyster|Cloyster|23/100 par\n|move|p1a: Snorlax|Body Slam|p2a: Cloyster\n|-damage|p2a: Cloyster|0 fnt\n|faint|p2a: Cloyster\n|\n|t:|1784707816\n|switch|p2a: Starmie|Starmie|44/100\n|turn|54\n|\n|t:|1784707826\n|switch|p1a: Chansey|Chansey|70/100\n|move|p2a: Starmie|Recover|p2a: Starmie\n|-heal|p2a: Starmie|93/100\n|\n|upkeep\n|turn|55\n|\n|t:|1784707831\n|switch|p2a: Chansey|Chansey|72/100 par\n|move|p1a: Chansey|Soft-Boiled|p1a: Chansey\n|-heal|p1a: Chansey|100/100\n|\n|upkeep\n|turn|56\n|\n|t:|1784707839\n|switch|p1a: Snorlax|Snorlax|64/100 par\n|move|p2a: Chansey|Ice Beam|p1a: Snorlax\n|-damage|p1a: Snorlax|43/100 par\n|\n|upkeep\n|turn|57\n|\n|t:|1784707844\n|switch|p2a: Starmie|Starmie|93/100\n|cant|p1a: Snorlax|par\n|\n|upkeep\n|turn|58\n|\n|t:|1784707854\n|switch|p1a: Chansey|Chansey|100/100\n|move|p2a: Starmie|Surf|p1a: Chansey\n|-damage|p1a: Chansey|86/100\n|\n|upkeep\n|turn|59\n|\n|t:|1784707864\n|switch|p2a: Chansey|Chansey|72/100 par\n|move|p1a: Chansey|Seismic Toss|p2a: Chansey\n|-damage|p2a: Chansey|58/100 par\n|\n|upkeep\n|turn|60\n|\n|t:|1784707886\n|move|p1a: Chansey|Seismic Toss|p2a: Chansey\n|-damage|p2a: Chansey|44/100 par\n|cant|p2a: Chansey|par\n|\n|upkeep\n|turn|61\n|\n|t:|1784707892\n|switch|p1a: Snorlax|Snorlax|43/100 par\n|move|p2a: Chansey|Soft-Boiled|p2a: Chansey\n|-heal|p2a: Chansey|94/100 par\n|\n|upkeep\n|turn|62\n|\n|t:|1784707900\n|switch|p2a: Starmie|Starmie|93/100\n|move|p1a: Snorlax|Rest|p1a: Snorlax\n|-status|p1a: Snorlax|slp|[from] move: Rest\n|-heal|p1a: Snorlax|100/100 slp|[silent]\n|\n|upkeep\n|turn|63\n|\n|t:|1784707906\n|switch|p1a: Chansey|Chansey|86/100\n|move|p2a: Starmie|Surf|p1a: Chansey\n|-damage|p1a: Chansey|71/100\n|\n|upkeep\n|turn|64\n|\n|t:|1784707915\n|switch|p2a: Chansey|Chansey|94/100 par\n|move|p1a: Chansey|Soft-Boiled|p1a: Chansey\n|-heal|p1a: Chansey|100/100\n|\n|upkeep\n|turn|65\n|\n|t:|1784707923\n|switch|p1a: Snorlax|Snorlax|100/100 slp\n|switch|p2a: Tauros|Tauros|49/100 slp\n|\n|upkeep\n|turn|66\n|\n|t:|1784707926\n|-curestatus|p2a: Tauros|slp|[msg]\n|cant|p1a: Snorlax|slp\n|\n|upkeep\n|turn|67\n|\n|t:|1784707929\n|move|p2a: Tauros|Body Slam|p1a: Snorlax\n|-crit|p1a: Snorlax\n|-damage|p1a: Snorlax|52/100 slp\n|-curestatus|p1a: Snorlax|slp|[msg]\n|\n|upkeep\n|turn|68\n|c|☆violet river|good work tauros\n|c|☆Laroxyl|Well\n|\n|t:|1784707952\n|switch|p2a: Starmie|Starmie|93/100\n|move|p1a: Snorlax|Body Slam|p2a: Starmie\n|-damage|p2a: Starmie|55/100\n|\n|upkeep\n|turn|69\n|\n|t:|1784707957\n|switch|p1a: Chansey|Chansey|100/100\n|move|p2a: Starmie|Thunder Wave|p1a: Chansey\n|-status|p1a: Chansey|par\n|\n|upkeep\n|turn|70\n|\n|t:|1784707968\n|move|p2a: Starmie|Recover|p2a: Starmie\n|-heal|p2a: Starmie|100/100\n|move|p1a: Chansey|Thunder Wave|p2a: Starmie\n|-status|p2a: Starmie|par\n|\n|upkeep\n|turn|71\n|\n|t:|1784707974\n|move|p2a: Starmie|Surf|p1a: Chansey\n|-damage|p1a: Chansey|84/100 par\n|move|p1a: Chansey|Seismic Toss|p2a: Starmie\n|-damage|p2a: Starmie|70/100 par\n|\n|upkeep\n|turn|72\n|\n|t:|1784707983\n|move|p2a: Starmie|Recover|p2a: Starmie\n|-heal|p2a: Starmie|100/100 par\n|cant|p1a: Chansey|par\n|\n|upkeep\n|turn|73\n|\n|t:|1784707987\n|move|p2a: Starmie|Surf|p1a: Chansey\n|-damage|p1a: Chansey|69/100 par\n|move|p1a: Chansey|Seismic Toss|p2a: Starmie\n|-damage|p2a: Starmie|70/100 par\n|\n|upkeep\n|turn|74\n|\n|t:|1784707991\n|move|p2a: Starmie|Recover|p2a: Starmie\n|-heal|p2a: Starmie|100/100 par\n|move|p1a: Chansey|Soft-Boiled|p1a: Chansey\n|-heal|p1a: Chansey|100/100 par\n|\n|upkeep\n|turn|75\n|\n|t:|1784708001\n|move|p2a: Starmie|Surf|p1a: Chansey\n|-damage|p1a: Chansey|84/100 par\n|move|p1a: Chansey|Seismic Toss|p2a: Starmie\n|-damage|p2a: Starmie|70/100 par\n|\n|upkeep\n|turn|76\n|\n|t:|1784708004\n|move|p2a: Starmie|Recover|p2a: Starmie\n|-heal|p2a: Starmie|100/100 par\n|move|p1a: Chansey|Seismic Toss|p2a: Starmie\n|-damage|p2a: Starmie|70/100 par\n|\n|upkeep\n|turn|77\n|\n|t:|1784708011\n|move|p2a: Starmie|Surf|p1a: Chansey\n|-damage|p1a: Chansey|70/100 par\n|cant|p1a: Chansey|par\n|\n|upkeep\n|turn|78\n|\n|t:|1784708016\n|cant|p2a: Starmie|par\n|move|p1a: Chansey|Soft-Boiled|p1a: Chansey\n|-heal|p1a: Chansey|100/100 par\n|\n|upkeep\n|turn|79\n|\n|t:|1784708019\n|move|p2a: Starmie|Recover|p2a: Starmie\n|-heal|p2a: Starmie|100/100 par\n|move|p1a: Chansey|Seismic Toss|p2a: Starmie\n|-damage|p2a: Starmie|70/100 par\n|\n|upkeep\n|turn|80\n|\n|t:|1784708021\n|move|p2a: Starmie|Recover|p2a: Starmie\n|-heal|p2a: Starmie|100/100 par\n|move|p1a: Chansey|Seismic Toss|p2a: Starmie\n|-damage|p2a: Starmie|70/100 par\n|\n|upkeep\n|turn|81\n|\n|t:|1784708023\n|move|p2a: Starmie|Recover|p2a: Starmie\n|-heal|p2a: Starmie|100/100 par\n|cant|p1a: Chansey|par\n|\n|upkeep\n|turn|82\n|\n|t:|1784708030\n|move|p2a: Starmie|Surf|p1a: Chansey\n|-damage|p1a: Chansey|86/100 par\n|cant|p1a: Chansey|par\n|\n|upkeep\n|turn|83\n|\n|t:|1784708033\n|move|p2a: Starmie|Surf|p1a: Chansey\n|-crit|p1a: Chansey\n|-damage|p1a: Chansey|54/100 par\n|cant|p1a: Chansey|par\n|\n|upkeep\n|turn|84\n|\n|t:|1784708038\n|switch|p2a: Tauros|Tauros|49/100\n|move|p1a: Chansey|Thunder Wave|p2a: Tauros|[miss]\n|-miss|p1a: Chansey\n|-hint|In Gen 1, moves with 100% accuracy can still miss 1/256 of the time.\n|\n|upkeep\n|turn|85\n|c|☆violet river|.\n|c|☆violet river|xd gby\n|\n|t:|1784708058\n|switch|p1a: Zapdos|Zapdos|100/100\n|move|p2a: Tauros|Body Slam|p1a: Zapdos\n|-damage|p1a: Zapdos|72/100\n|\n|upkeep\n|turn|86\n|\n|t:|1784708069\n|switch|p2a: Rhydon|Rhydon|90/100 slp\n|switch|p1a: Snorlax|Snorlax|52/100\n|\n|upkeep\n|turn|87\n|\n|t:|1784708077\n|cant|p2a: Rhydon|slp\n|move|p1a: Snorlax|Earthquake|p2a: Rhydon\n|-supereffective|p2a: Rhydon\n|-damage|p2a: Rhydon|52/100 slp\n|\n|upkeep\n|turn|88\n|\n|t:|1784708085\n|switch|p2a: Starmie|Starmie|100/100 par\n|move|p1a: Snorlax|Earthquake|p2a: Starmie\n|-damage|p2a: Starmie|73/100 par\n|\n|upkeep\n|turn|89\n|\n|t:|1784708098\n|switch|p1a: Chansey|Chansey|54/100 par\n|move|p2a: Starmie|Thunder Wave|p1a: Chansey\n|-fail|p1a: Chansey|par\n|\n|upkeep\n|turn|90\n|\n|t:|1784708101\n|switch|p2a: Tauros|Tauros|49/100\n|move|p1a: Chansey|Soft-Boiled|p1a: Chansey\n|-heal|p1a: Chansey|100/100 par\n|\n|upkeep\n|turn|91\n|\n|t:|1784708109\n|move|p2a: Tauros|Body Slam|p1a: Chansey\n|-damage|p1a: Chansey|60/100 par\n|cant|p1a: Chansey|par\n|\n|upkeep\n|turn|92\n|c|☆Laroxyl|Jesus Christ\n|c|☆violet river|jynx haxxed by not being crit t1 gg\n|inactive|Laroxyl has 270 seconds left.\n|inactive|Laroxyl has 240 seconds left.\n|c|☆Laroxyl|You critted after with your chansey my jynx\n|\n|t:|1784708187\n|move|p2a: Tauros|Body Slam|p1a: Chansey\n|-damage|p1a: Chansey|21/100 par\n|move|p1a: Chansey|Thunder Wave|p2a: Tauros\n|-status|p2a: Tauros|par\n|\n|upkeep\n|turn|93\n|\n|t:|1784708207\n|switch|p1a: Zapdos|Zapdos|72/100\n|move|p2a: Tauros|Body Slam|p1a: Zapdos\n|-damage|p1a: Zapdos|42/100\n|\n|upkeep\n|turn|94\n|inactive|Laroxyl has 210 seconds left.\n|\n|t:|1784708227\n|switch|p1a: Snorlax|Snorlax|52/100\n|move|p2a: Tauros|Body Slam|p1a: Snorlax\n|-damage|p1a: Snorlax|27/100\n|\n|upkeep\n|turn|95\n|\n|t:|1784708245\n|move|p1a: Snorlax|Reflect|p1a: Snorlax\n|-start|p1a: Snorlax|Reflect\n|move|p2a: Tauros|Rest|p2a: Tauros\n|-status|p2a: Tauros|slp|[from] move: Rest\n|-heal|p2a: Tauros|100/100 slp|[silent]\n|\n|upkeep\n|turn|96\n|\n|t:|1784708254\n|move|p1a: Snorlax|Body Slam|p2a: Tauros\n|-damage|p2a: Tauros|71/100 slp\n|cant|p2a: Tauros|slp\n|\n|upkeep\n|turn|97\n|\n|t:|1784708261\n|move|p1a: Snorlax|Body Slam|p2a: Tauros\n|-damage|p2a: Tauros|39/100 slp\n|-curestatus|p2a: Tauros|slp|[msg]\n|\n|upkeep\n|turn|98\n|\n|t:|1784708272\n|move|p1a: Snorlax|Rest|p1a: Snorlax\n|-status|p1a: Snorlax|slp|[from] move: Rest\n|-heal|p1a: Snorlax|100/100 slp|[silent]\n|move|p2a: Tauros|Rest|p2a: Tauros\n|-status|p2a: Tauros|slp|[from] move: Rest\n|-heal|p2a: Tauros|100/100 slp|[silent]\n|\n|upkeep\n|turn|99\n|\n|t:|1784708280\n|cant|p1a: Snorlax|slp\n|cant|p2a: Tauros|slp\n|\n|upkeep\n|turn|100\n|\n|t:|1784708282\n|-curestatus|p1a: Snorlax|slp|[msg]\n|-curestatus|p2a: Tauros|slp|[msg]\n|\n|upkeep\n|turn|101\n|\n|t:|1784708286\n|move|p1a: Snorlax|Body Slam|p2a: Tauros\n|-damage|p2a: Tauros|67/100\n|move|p2a: Tauros|Body Slam|p1a: Snorlax\n|-damage|p1a: Snorlax|87/100\n|\n|upkeep\n|turn|102\n|\n|t:|1784708302\n|move|p1a: Snorlax|Reflect|p1a: Snorlax\n|-fail|p1a: Snorlax\n|move|p2a: Tauros|Rest|p2a: Tauros\n|-status|p2a: Tauros|slp|[from] move: Rest\n|-heal|p2a: Tauros|100/100 slp|[silent]\n|\n|upkeep\n|turn|103\n|\n|t:|1784708308\n|move|p1a: Snorlax|Body Slam|p2a: Tauros\n|-damage|p2a: Tauros|69/100 slp\n|cant|p2a: Tauros|slp\n|\n|upkeep\n|turn|104\n|\n|t:|1784708311\n|move|p1a: Snorlax|Body Slam|p2a: Tauros\n|-damage|p2a: Tauros|37/100 slp\n|-curestatus|p2a: Tauros|slp|[msg]\n|\n|upkeep\n|turn|105\n|\n|t:|1784708315\n|move|p1a: Snorlax|Body Slam|p2a: Tauros\n|-damage|p2a: Tauros|7/100\n|move|p2a: Tauros|Rest|p2a: Tauros\n|-status|p2a: Tauros|slp|[from] move: Rest\n|-heal|p2a: Tauros|100/100 slp|[silent]\n|\n|upkeep\n|turn|106\n|\n|t:|1784708322\n|move|p1a: Snorlax|Earthquake|p2a: Tauros\n|-damage|p2a: Tauros|75/100 slp\n|cant|p2a: Tauros|slp\n|\n|upkeep\n|turn|107\n|\n|t:|1784708328\n|move|p1a: Snorlax|Earthquake|p2a: Tauros\n|-damage|p2a: Tauros|50/100 slp\n|-curestatus|p2a: Tauros|slp|[msg]\n|\n|upkeep\n|turn|108\n|\n|t:|1784708338\n|switch|p1a: Chansey|Chansey|21/100 par\n|move|p2a: Tauros|Rest|p2a: Tauros\n|-status|p2a: Tauros|slp|[from] move: Rest\n|-heal|p2a: Tauros|100/100 slp|[silent]\n|\n|upkeep\n|turn|109\n|\n|t:|1784708342\n|cant|p2a: Tauros|slp\n|move|p1a: Chansey|Soft-Boiled|p1a: Chansey\n|-heal|p1a: Chansey|71/100 par\n|\n|upkeep\n|turn|110\n|\n|t:|1784708350\n|switch|p2a: Starmie|Starmie|73/100 par\n|move|p1a: Chansey|Thunder Wave|p2a: Starmie\n|-fail|p2a: Starmie|par\n|\n|upkeep\n|turn|111\n|\n|t:|1784708355\n|move|p2a: Starmie|Recover|p2a: Starmie\n|-heal|p2a: Starmie|100/100 par\n|move|p1a: Chansey|Seismic Toss|p2a: Starmie\n|-damage|p2a: Starmie|70/100 par\n|\n|upkeep\n|turn|112\n|\n|t:|1784708360\n|cant|p2a: Starmie|par\n|move|p1a: Chansey|Seismic Toss|p2a: Starmie\n|-damage|p2a: Starmie|39/100 par\n|\n|upkeep\n|turn|113\n|\n|t:|1784708363\n|cant|p2a: Starmie|par\n|move|p1a: Chansey|Seismic Toss|p2a: Starmie\n|-damage|p2a: Starmie|8/100 par\n|\n|upkeep\n|turn|114\n|\n|t:|1784708371\n|move|p2a: Starmie|Recover|p2a: Starmie\n|-heal|p2a: Starmie|57/100 par\n|cant|p1a: Chansey|par\n|\n|upkeep\n|turn|115\n|\n|t:|1784708373\n|move|p2a: Starmie|Recover|p2a: Starmie\n|-heal|p2a: Starmie|100/100 par\n|move|p1a: Chansey|Seismic Toss|p2a: Starmie\n|-damage|p2a: Starmie|70/100 par\n|\n|upkeep\n|turn|116\n|\n|t:|1784708376\n|cant|p2a: Starmie|par\n|move|p1a: Chansey|Seismic Toss|p2a: Starmie\n|-damage|p2a: Starmie|39/100 par\n|\n|upkeep\n|turn|117\n|\n|t:|1784708381\n|move|p2a: Starmie|Recover|p2a: Starmie\n|-heal|p2a: Starmie|88/100 par\n|move|p1a: Chansey|Seismic Toss|p2a: Starmie\n|-damage|p2a: Starmie|57/100 par\n|\n|upkeep\n|turn|118\n|\n|t:|1784708386\n|switch|p1a: Zapdos|Zapdos|42/100\n|move|p2a: Starmie|Recover|p2a: Starmie\n|-heal|p2a: Starmie|100/100 par\n|\n|upkeep\n|turn|119\n|\n|t:|1784708391\n|switch|p1a: Chansey|Chansey|71/100 par\n|move|p2a: Starmie|Thunder Wave|p1a: Chansey\n|-fail|p1a: Chansey|par\n|\n|upkeep\n|turn|120\n|\n|t:|1784708399\n|move|p2a: Starmie|Thunder Wave|p1a: Chansey\n|-fail|p1a: Chansey|par\n|move|p1a: Chansey|Seismic Toss|p2a: Starmie\n|-damage|p2a: Starmie|70/100 par\n|\n|upkeep\n|turn|121\n|\n|t:|1784708403\n|cant|p2a: Starmie|par\n|move|p1a: Chansey|Seismic Toss|p2a: Starmie\n|-damage|p2a: Starmie|39/100 par\n|\n|upkeep\n|turn|122\n|\n|t:|1784708408\n|switch|p1a: Zapdos|Zapdos|42/100\n|move|p2a: Starmie|Recover|p2a: Starmie\n|-heal|p2a: Starmie|88/100 par\n|\n|upkeep\n|turn|123\n|\n|t:|1784708433\n|switch|p1a: Chansey|Chansey|71/100 par\n|switch|p2a: Rhydon|Rhydon|52/100 slp\n|\n|upkeep\n|turn|124\n|\n|t:|1784708442\n|switch|p2a: Chansey|Chansey|94/100 par\n|move|p1a: Chansey|Ice Beam|p2a: Chansey\n|-damage|p2a: Chansey|83/100 par\n|\n|upkeep\n|turn|125\n|\n|t:|1784708455\n|switch|p2a: Starmie|Starmie|88/100 par\n|cant|p1a: Chansey|par\n|\n|upkeep\n|turn|126\n|\n|t:|1784708460\n|move|p2a: Starmie|Thunderbolt|p1a: Chansey\n|-crit|p1a: Chansey\n|-damage|p1a: Chansey|51/100 par\n|move|p1a: Chansey|Thunder Wave|p2a: Starmie\n|-fail|p2a: Starmie|par\n|\n|upkeep\n|turn|127\n|\n|t:|1784708466\n|switch|p2a: Tauros|Tauros|100/100 slp\n|move|p1a: Chansey|Soft-Boiled|p1a: Chansey\n|-heal|p1a: Chansey|100/100 par\n|\n|upkeep\n|turn|128\n|\n|t:|1784708478\n|switch|p2a: Chansey|Chansey|83/100 par\n|move|p1a: Chansey|Thunder Wave|p2a: Chansey\n|-fail|p2a: Chansey|par\n|\n|upkeep\n|turn|129\n|\n|t:|1784708483\n|switch|p2a: Starmie|Starmie|88/100 par\n|move|p1a: Chansey|Ice Beam|p2a: Starmie\n|-crit|p2a: Starmie\n|-resisted|p2a: Starmie\n|-damage|p2a: Starmie|64/100 par\n|\n|upkeep\n|turn|130\n|\n|t:|1784708493\n|cant|p2a: Starmie|par\n|move|p1a: Chansey|Seismic Toss|p2a: Starmie\n|-damage|p2a: Starmie|33/100 par\n|\n|upkeep\n|turn|131\n|\n|t:|1784708505\n|switch|p1a: Zapdos|Zapdos|42/100\n|move|p2a: Starmie|Recover|p2a: Starmie\n|-heal|p2a: Starmie|83/100 par\n|\n|upkeep\n|turn|132\n|inactive|Laroxyl has 270 seconds left.\n|\n|t:|1784708550\n|switch|p1a: Snorlax|Snorlax|87/100\n|switch|p2a: Rhydon|Rhydon|52/100 slp\n|\n|upkeep\n|turn|133\n|\n|t:|1784708564\n|switch|p2a: Tauros|Tauros|100/100 slp\n|move|p1a: Snorlax|Earthquake|p2a: Tauros\n|-damage|p2a: Tauros|76/100 slp\n|\n|upkeep\n|turn|134\n|\n|t:|1784708573\n|-curestatus|p2a: Tauros|slp|[msg]\n|move|p1a: Snorlax|Reflect|p1a: Snorlax\n|-start|p1a: Snorlax|Reflect\n|\n|upkeep\n|turn|135\n|\n|t:|1784708577\n|move|p2a: Tauros|Body Slam|p1a: Snorlax\n|-damage|p1a: Snorlax|74/100\n|move|p1a: Snorlax|Earthquake|p2a: Tauros\n|-damage|p2a: Tauros|52/100\n|\n|upkeep\n|turn|136\n|\n|t:|1784708582\n|move|p2a: Tauros|Body Slam|p1a: Snorlax\n|-damage|p1a: Snorlax|62/100\n|move|p1a: Snorlax|Earthquake|p2a: Tauros\n|-damage|p2a: Tauros|29/100\n|\n|upkeep\n|turn|137\n|\n|t:|1784708595\n|switch|p1a: Tauros|Tauros|100/100 slp\n|move|p2a: Tauros|Rest|p2a: Tauros\n|-status|p2a: Tauros|slp|[from] move: Rest\n|-heal|p2a: Tauros|100/100 slp|[silent]\n|\n|upkeep\n|turn|138\n|\n|t:|1784708599\n|cant|p2a: Tauros|slp\n|cant|p1a: Tauros|slp\n|\n|upkeep\n|turn|139\n|\n|t:|1784708610\n|switch|p1a: Chansey|Chansey|100/100 par\n|-curestatus|p2a: Tauros|slp|[msg]\n|\n|upkeep\n|turn|140\n|\n|t:|1784708614\n|move|p2a: Tauros|Body Slam|p1a: Chansey\n|-damage|p1a: Chansey|60/100 par\n|cant|p1a: Chansey|par\n|\n|upkeep\n|turn|141\n|\n|t:|1784708640\n|switch|p1a: Zapdos|Zapdos|42/100\n|move|p2a: Tauros|Hyper Beam|p1a: Zapdos\n|-damage|p1a: Zapdos|0 fnt\n|faint|p1a: Zapdos\n|\n|t:|1784708643\n|switch|p1a: Snorlax|Snorlax|62/100\n|turn|142\n|inactive|violet river has 270 seconds left.\n|\n|t:|1784708679\n|move|p2a: Tauros|Body Slam|p1a: Snorlax\n|-damage|p1a: Snorlax|36/100\n|move|p1a: Snorlax|Reflect|p1a: Snorlax\n|-start|p1a: Snorlax|Reflect\n|\n|upkeep\n|turn|143\n|inactive|violet river has 270 seconds left.\n|\n|t:|1784708686\n|move|p2a: Tauros|Body Slam|p1a: Snorlax\n|-damage|p1a: Snorlax|24/100\n|move|p1a: Snorlax|Rest|p1a: Snorlax\n|-status|p1a: Snorlax|slp|[from] move: Rest\n|-heal|p1a: Snorlax|100/100 slp|[silent]\n|\n|upkeep\n|turn|144\n|inactive|violet river has 270 seconds left.\n|\n|t:|1784708698\n|switch|p2a: Starmie|Starmie|83/100 par\n|cant|p1a: Snorlax|slp\n|\n|upkeep\n|turn|145\n|\n|t:|1784708704\n|-curestatus|p1a: Snorlax|slp|[msg]\n|move|p2a: Starmie|Thunder Wave|p1a: Snorlax\n|-status|p1a: Snorlax|par\n|\n|upkeep\n|turn|146\n|\n|t:|1784708712\n|move|p2a: Starmie|Surf|p1a: Snorlax\n|-crit|p1a: Snorlax\n|-damage|p1a: Snorlax|43/100 par\n|move|p1a: Snorlax|Earthquake|p2a: Starmie\n|-damage|p2a: Starmie|55/100 par\n|\n|upkeep\n|turn|147\n|\n|t:|1784708716\n|cant|p2a: Starmie|par\n|move|p1a: Snorlax|Rest|p1a: Snorlax\n|-status|p1a: Snorlax|slp|[from] move: Rest\n|-heal|p1a: Snorlax|100/100 slp|[silent]\n|\n|upkeep\n|turn|148\n|\n|t:|1784708720\n|move|p2a: Starmie|Recover|p2a: Starmie\n|-heal|p2a: Starmie|100/100 par\n|cant|p1a: Snorlax|slp\n|\n|upkeep\n|turn|149\n|\n|t:|1784708722\n|move|p2a: Starmie|Surf|p1a: Snorlax\n|-crit|p1a: Snorlax\n|-damage|p1a: Snorlax|49/100 slp\n|-curestatus|p1a: Snorlax|slp|[msg]\n|\n|upkeep\n|turn|150\n|\n|t:|1784708725\n|switch|p2a: Tauros|Tauros|100/100\n|move|p1a: Snorlax|Rest|p1a: Snorlax\n|-status|p1a: Snorlax|slp|[from] move: Rest\n|-heal|p1a: Snorlax|100/100 slp|[silent]\n|\n|upkeep\n|turn|151\n|\n|t:|1784708728\n|switch|p2a: Starmie|Starmie|100/100 par\n|cant|p1a: Snorlax|slp\n|\n|upkeep\n|turn|152\n|\n|t:|1784708730\n|move|p2a: Starmie|Surf|p1a: Snorlax\n|-damage|p1a: Snorlax|75/100 slp\n|-curestatus|p1a: Snorlax|slp|[msg]\n|\n|upkeep\n|turn|153\n|\n|t:|1784708744\n|switch|p1a: Chansey|Chansey|60/100 par\n|move|p2a: Starmie|Surf|p1a: Chansey\n|-damage|p1a: Chansey|44/100 par\n|\n|upkeep\n|turn|154\n|\n|t:|1784708759\n|switch|p2a: Tauros|Tauros|100/100\n|cant|p1a: Chansey|par\n|\n|upkeep\n|turn|155\n|c|☆Laroxyl|Ok\n|\n|t:|1784708770\n|switch|p1a: Snorlax|Snorlax|75/100\n|move|p2a: Tauros|Hyper Beam|p1a: Snorlax\n|-damage|p1a: Snorlax|29/100\n|-mustrecharge|p2a: Tauros\n|\n|upkeep\n|turn|156\n|\n|t:|1784708775\n|cant|p2a: Tauros|recharge\n|move|p1a: Snorlax|Reflect|p1a: Snorlax\n|-start|p1a: Snorlax|Reflect\n|\n|upkeep\n|turn|157\n|\n|t:|1784708784\n|move|p2a: Tauros|Body Slam|p1a: Snorlax\n|-damage|p1a: Snorlax|16/100\n|move|p1a: Snorlax|Rest|p1a: Snorlax\n|-status|p1a: Snorlax|slp|[from] move: Rest\n|-heal|p1a: Snorlax|100/100 slp|[silent]\n|\n|upkeep\n|turn|158\n|\n|t:|1784708790\n|switch|p2a: Starmie|Starmie|100/100 par\n|cant|p1a: Snorlax|slp\n|\n|upkeep\n|turn|159\n|\n|t:|1784708798\n|-curestatus|p1a: Snorlax|slp|[msg]\n|move|p2a: Starmie|Thunder Wave|p1a: Snorlax\n|-status|p1a: Snorlax|par\n|\n|upkeep\n|turn|160\n|\n|t:|1784708805\n|switch|p1a: Chansey|Chansey|44/100 par\n|move|p2a: Starmie|Surf|p1a: Chansey\n|-damage|p1a: Chansey|28/100 par\n|\n|upkeep\n|turn|161\n|\n|t:|1784708820\n|switch|p2a: Tauros|Tauros|100/100\n|cant|p1a: Chansey|par\n|\n|upkeep\n|turn|162\n|\n|t:|1784708827\n|switch|p1a: Snorlax|Snorlax|100/100 par\n|move|p2a: Tauros|Body Slam|p1a: Snorlax\n|-damage|p1a: Snorlax|77/100 par\n|\n|upkeep\n|turn|163\n|\n|t:|1784708830\n|move|p2a: Tauros|Body Slam|p1a: Snorlax\n|-damage|p1a: Snorlax|54/100 par\n|move|p1a: Snorlax|Body Slam|p2a: Tauros\n|-crit|p2a: Tauros\n|-damage|p2a: Tauros|43/100\n|\n|upkeep\n|turn|164\n|\n|t:|1784708847\n|move|p2a: Tauros|Body Slam|p1a: Snorlax\n|-damage|p1a: Snorlax|30/100 par\n|cant|p1a: Snorlax|par\n|\n|upkeep\n|turn|165\n|\n|t:|1784708852\n|move|p2a: Tauros|Hyper Beam|p1a: Snorlax|[miss]\n|-miss|p2a: Tauros\n|move|p1a: Snorlax|Body Slam|p2a: Tauros\n|-damage|p2a: Tauros|12/100\n|\n|upkeep\n|turn|166\n|\n|t:|1784708882\n|move|p2a: Tauros|Hyper Beam|p1a: Snorlax|[miss]\n|-miss|p2a: Tauros\n|move|p1a: Snorlax|Earthquake|p2a: Tauros\n|-damage|p2a: Tauros|0 fnt\n|faint|p2a: Tauros\n|\n|t:|1784708888\n|switch|p2a: Rhydon|Rhydon|52/100 slp\n|turn|167\n|inactive|Laroxyl has 270 seconds left.\n|\n|t:|1784708934\n|-curestatus|p2a: Rhydon|slp|[msg]\n|move|p1a: Snorlax|Reflect|p1a: Snorlax\n|-start|p1a: Snorlax|Reflect\n|\n|upkeep\n|turn|168\n|\n|t:|1784708940\n|move|p2a: Rhydon|Substitute|p2a: Rhydon\n|-start|p2a: Rhydon|Substitute\n|-damage|p2a: Rhydon|27/100\n|move|p1a: Snorlax|Rest|p1a: Snorlax\n|-status|p1a: Snorlax|slp|[from] move: Rest\n|-heal|p1a: Snorlax|100/100 slp|[silent]\n|\n|upkeep\n|turn|169\n|\n|t:|1784708944\n|move|p2a: Rhydon|Rest|p2a: Rhydon\n|-status|p2a: Rhydon|slp|[from] move: Rest\n|-heal|p2a: Rhydon|100/100 slp|[silent]\n|cant|p1a: Snorlax|slp\n|\n|upkeep\n|turn|170\n|\n|t:|1784708960\n|cant|p2a: Rhydon|slp\n|-curestatus|p1a: Snorlax|slp|[msg]\n|\n|upkeep\n|turn|171\n|\n|t:|1784708972\n|-curestatus|p2a: Rhydon|slp|[msg]\n|move|p1a: Snorlax|Earthquake|p2a: Rhydon\n|-supereffective|p2a: Rhydon\n|-end|p2a: Rhydon|Substitute\n|\n|upkeep\n|turn|172\n|\n|t:|1784708982\n|move|p2a: Rhydon|Substitute|p2a: Rhydon\n|-start|p2a: Rhydon|Substitute\n|-damage|p2a: Rhydon|76/100\n|move|p1a: Snorlax|Earthquake|p2a: Rhydon\n|-supereffective|p2a: Rhydon\n|-end|p2a: Rhydon|Substitute\n|\n|upkeep\n|turn|173\n|\n|t:|1784708994\n|switch|p2a: Chansey|Chansey|83/100 par\n|move|p1a: Snorlax|Earthquake|p2a: Chansey\n|-crit|p2a: Chansey\n|-damage|p2a: Chansey|16/100 par\n|\n|upkeep\n|turn|174\n|inactive|Laroxyl has 270 seconds left.\n|\n|t:|1784709030\n|move|p2a: Chansey|Thunderbolt|p1a: Snorlax\n|-damage|p1a: Snorlax|80/100\n|move|p1a: Snorlax|Earthquake|p2a: Chansey\n|-damage|p2a: Chansey|0 fnt\n|faint|p2a: Chansey\n|\n|t:|1784709045\n|switch|p2a: Starmie|Starmie|100/100 par\n|turn|175\n|\n|t:|1784709056\n|move|p2a: Starmie|Surf|p1a: Snorlax\n|-damage|p1a: Snorlax|53/100\n|move|p1a: Snorlax|Body Slam|p2a: Starmie\n|-damage|p2a: Starmie|67/100 par\n|\n|upkeep\n|turn|176\n|\n|t:|1784709073\n|move|p2a: Starmie|Recover|p2a: Starmie\n|-heal|p2a: Starmie|100/100 par\n|move|p1a: Snorlax|Body Slam|p2a: Starmie\n|-damage|p2a: Starmie|61/100 par\n|\n|upkeep\n|turn|177\n|\n|t:|1784709081\n|move|p2a: Starmie|Recover|p2a: Starmie\n|-heal|p2a: Starmie|100/100 par\n|move|p1a: Snorlax|Earthquake|p2a: Starmie\n|-damage|p2a: Starmie|73/100 par\n|\n|upkeep\n|turn|178\n|\n|t:|1784709095\n|cant|p2a: Starmie|par\n|move|p1a: Snorlax|Body Slam|p2a: Starmie\n|-crit|p2a: Starmie\n|-damage|p2a: Starmie|6/100 par\n|\n|upkeep\n|turn|179\n|\n|t:|1784709119\n|switch|p2a: Rhydon|Rhydon|76/100\n|move|p1a: Snorlax|Earthquake|p2a: Rhydon\n|-supereffective|p2a: Rhydon\n|-damage|p2a: Rhydon|42/100\n|\n|upkeep\n|turn|180\n|\n|t:|1784709126\n|move|p2a: Rhydon|Substitute|p2a: Rhydon\n|-start|p2a: Rhydon|Substitute\n|-damage|p2a: Rhydon|17/100\n|move|p1a: Snorlax|Reflect|p1a: Snorlax\n|-fail|p1a: Snorlax\n|\n|upkeep\n|turn|181\n|\n|t:|1784709133\n|move|p2a: Rhydon|Substitute|p2a: Rhydon\n|-fail|p2a: Rhydon|move: Substitute\n|move|p1a: Snorlax|Reflect|p1a: Snorlax\n|-fail|p1a: Snorlax\n|\n|upkeep\n|turn|182\n|\n|t:|1784709156\n|move|p2a: Rhydon|Earthquake|p1a: Snorlax\n|-damage|p1a: Snorlax|35/100\n|move|p1a: Snorlax|Rest|p1a: Snorlax\n|-status|p1a: Snorlax|slp|[from] move: Rest\n|-heal|p1a: Snorlax|100/100 slp|[silent]\n|\n|upkeep\n|turn|183\n|\n|t:|1784709164\n|move|p2a: Rhydon|Earthquake|p1a: Snorlax\n|-damage|p1a: Snorlax|83/100 slp\n|cant|p1a: Snorlax|slp\n|\n|upkeep\n|turn|184\n|\n|t:|1784709168\n|move|p2a: Rhydon|Earthquake|p1a: Snorlax\n|-damage|p1a: Snorlax|66/100 slp\n|-curestatus|p1a: Snorlax|slp|[msg]\n|\n|upkeep\n|turn|185\n|inactive|Laroxyl has 270 seconds left.\n|\n|t:|1784709176\n|move|p2a: Rhydon|Rest|p2a: Rhydon\n|-status|p2a: Rhydon|slp|[from] move: Rest\n|-heal|p2a: Rhydon|100/100 slp|[silent]\n|move|p1a: Snorlax|Reflect|p1a: Snorlax\n|-fail|p1a: Snorlax\n|\n|upkeep\n|turn|186\n|inactive|Laroxyl has 270 seconds left.\n|inactive|Laroxyl has 240 seconds left.\n|inactive|Laroxyl has 210 seconds left.\n|inactive|Laroxyl has 180 seconds left.\n|\n|t:|1784709296\n|switch|p1a: Tauros|Tauros|100/100 slp\n|cant|p2a: Rhydon|slp\n|\n|upkeep\n|turn|187\n|\n|t:|1784709302\n|cant|p1a: Tauros|slp\n|-curestatus|p2a: Rhydon|slp|[msg]\n|\n|upkeep\n|turn|188\n|\n|t:|1784709317\n|cant|p1a: Tauros|slp\n|move|p2a: Rhydon|Earthquake|p1a: Tauros\n|-damage|p1a: Tauros|58/100 slp\n|\n|upkeep\n|turn|189\n|\n|t:|1784709333\n|cant|p1a: Tauros|slp\n|move|p2a: Rhydon|Earthquake|p1a: Tauros\n|-damage|p1a: Tauros|16/100 slp\n|\n|upkeep\n|turn|190\n|inactive|Laroxyl has 150 seconds left.\n|\n|t:|1784709370\n|-curestatus|p1a: Tauros|slp|[msg]\n|move|p2a: Rhydon|Earthquake|p1a: Tauros\n|-damage|p1a: Tauros|0 fnt\n|faint|p1a: Tauros\n|\n|t:|1784709373\n|switch|p1a: Snorlax|Snorlax|66/100\n|turn|191\n|\n|t:|1784709378\n|move|p2a: Rhydon|Earthquake|p1a: Snorlax\n|-damage|p1a: Snorlax|31/100\n|move|p1a: Snorlax|Reflect|p1a: Snorlax\n|-start|p1a: Snorlax|Reflect\n|\n|upkeep\n|turn|192\n|\n|t:|1784709385\n|move|p2a: Rhydon|Rest|p2a: Rhydon\n|-fail|p2a: Rhydon\n|move|p1a: Snorlax|Rest|p1a: Snorlax\n|-status|p1a: Snorlax|slp|[from] move: Rest\n|-heal|p1a: Snorlax|100/100 slp|[silent]\n|\n|upkeep\n|turn|193\n|\n|t:|1784709387\n|move|p2a: Rhydon|Rest|p2a: Rhydon\n|-fail|p2a: Rhydon\n|cant|p1a: Snorlax|slp\n|\n|upkeep\n|turn|194\n|\n|t:|1784709389\n|move|p2a: Rhydon|Rest|p2a: Rhydon\n|-fail|p2a: Rhydon\n|-curestatus|p1a: Snorlax|slp|[msg]\n|\n|upkeep\n|turn|195\n|\n|t:|1784709392\n|move|p2a: Rhydon|Rest|p2a: Rhydon\n|-fail|p2a: Rhydon\n|move|p1a: Snorlax|Reflect|p1a: Snorlax\n|-fail|p1a: Snorlax\n|\n|upkeep\n|turn|196\n|\n|t:|1784709396\n|move|p2a: Rhydon|Rest|p2a: Rhydon\n|-fail|p2a: Rhydon\n|move|p1a: Snorlax|Reflect|p1a: Snorlax\n|-fail|p1a: Snorlax\n|\n|upkeep\n|turn|197\n|\n|t:|1784709398\n|move|p2a: Rhydon|Body Slam|p1a: Snorlax\n|-damage|p1a: Snorlax|90/100\n|move|p1a: Snorlax|Reflect|p1a: Snorlax\n|-fail|p1a: Snorlax\n|\n|upkeep\n|turn|198\n|inactive|Laroxyl has 210 seconds left.\n|\n|t:|1784709404\n|move|p2a: Rhydon|Body Slam|p1a: Snorlax\n|-damage|p1a: Snorlax|80/100\n|move|p1a: Snorlax|Reflect|p1a: Snorlax\n|-fail|p1a: Snorlax\n|\n|upkeep\n|turn|199\n|\n|t:|1784709417\n|move|p2a: Rhydon|Body Slam|p1a: Snorlax\n|-damage|p1a: Snorlax|70/100\n|move|p1a: Snorlax|Reflect|p1a: Snorlax\n|-fail|p1a: Snorlax\n|\n|upkeep\n|turn|200\n|\n|t:|1784709421\n|move|p2a: Rhydon|Body Slam|p1a: Snorlax\n|-damage|p1a: Snorlax|60/100\n|move|p1a: Snorlax|Rest|p1a: Snorlax\n|-status|p1a: Snorlax|slp|[from] move: Rest\n|-heal|p1a: Snorlax|100/100 slp|[silent]\n|\n|upkeep\n|turn|201\n|\n|t:|1784709438\n|move|p2a: Rhydon|Substitute|p2a: Rhydon\n|-fail|p2a: Rhydon|move: Substitute\n|cant|p1a: Snorlax|slp\n|\n|upkeep\n|turn|202\n|\n|t:|1784709440\n|move|p2a: Rhydon|Substitute|p2a: Rhydon\n|-fail|p2a: Rhydon|move: Substitute\n|-curestatus|p1a: Snorlax|slp|[msg]\n|\n|upkeep\n|turn|203\n|\n|t:|1784709443\n|move|p2a: Rhydon|Substitute|p2a: Rhydon\n|-fail|p2a: Rhydon|move: Substitute\n|move|p1a: Snorlax|Reflect|p1a: Snorlax\n|-fail|p1a: Snorlax\n|\n|upkeep\n|turn|204\n|\n|t:|1784709448\n|move|p2a: Rhydon|Substitute|p2a: Rhydon\n|-fail|p2a: Rhydon|move: Substitute\n|move|p1a: Snorlax|Reflect|p1a: Snorlax\n|-fail|p1a: Snorlax\n|\n|upkeep\n|turn|205\n|\n|t:|1784709451\n|move|p2a: Rhydon|Substitute|p2a: Rhydon\n|-fail|p2a: Rhydon|move: Substitute\n|move|p1a: Snorlax|Reflect|p1a: Snorlax\n|-fail|p1a: Snorlax\n|\n|upkeep\n|turn|206\n|\n|t:|1784709458\n|move|p2a: Rhydon|Substitute|p2a: Rhydon\n|-fail|p2a: Rhydon|move: Substitute\n|move|p1a: Snorlax|Reflect|p1a: Snorlax\n|-fail|p1a: Snorlax\n|\n|upkeep\n|turn|207\n|\n|t:|1784709466\n|move|p2a: Rhydon|Substitute|p2a: Rhydon\n|-fail|p2a: Rhydon|move: Substitute\n|move|p1a: Snorlax|Reflect|p1a: Snorlax\n|-fail|p1a: Snorlax\n|\n|upkeep\n|turn|208\n|\n|t:|1784709469\n|move|p2a: Rhydon|Rest|p2a: Rhydon\n|-fail|p2a: Rhydon\n|move|p1a: Snorlax|Reflect|p1a: Snorlax\n|-fail|p1a: Snorlax\n|\n|upkeep\n|turn|209\n|\n|t:|1784709472\n|switch|p1a: Chansey|Chansey|28/100 par\n|move|p2a: Rhydon|Rest|p2a: Rhydon\n|-fail|p2a: Rhydon\n|\n|upkeep\n|turn|210\n|\n|t:|1784709475\n|switch|p1a: Snorlax|Snorlax|100/100\n|move|p2a: Rhydon|Body Slam|p1a: Snorlax\n|-damage|p1a: Snorlax|82/100\n|\n|upkeep\n|turn|211\n|\n|t:|1784709480\n|move|p2a: Rhydon|Rest|p2a: Rhydon\n|-fail|p2a: Rhydon\n|move|p1a: Snorlax|Reflect|p1a: Snorlax\n|-start|p1a: Snorlax|Reflect\n|\n|upkeep\n|turn|212\n|\n|t:|1784709492\n|move|p2a: Rhydon|Rest|p2a: Rhydon\n|-fail|p2a: Rhydon\n|move|p1a: Snorlax|Rest|p1a: Snorlax\n|-status|p1a: Snorlax|slp|[from] move: Rest\n|-heal|p1a: Snorlax|100/100 slp|[silent]\n|\n|upkeep\n|turn|213\n|\n|t:|1784709494\n|move|p2a: Rhydon|Rest|p2a: Rhydon\n|-fail|p2a: Rhydon\n|cant|p1a: Snorlax|slp\n|\n|upkeep\n|turn|214\n|\n|t:|1784709500\n|move|p2a: Rhydon|Rest|p2a: Rhydon\n|-fail|p2a: Rhydon\n|-curestatus|p1a: Snorlax|slp|[msg]\n|\n|upkeep\n|turn|215\n|\n|t:|1784709506\n|move|p2a: Rhydon|Body Slam|p1a: Snorlax\n|-damage|p1a: Snorlax|91/100\n|move|p1a: Snorlax|Reflect|p1a: Snorlax\n|-fail|p1a: Snorlax\n|\n|upkeep\n|turn|216\n|\n|t:|1784709522\n|move|p2a: Rhydon|Body Slam|p1a: Snorlax\n|-crit|p1a: Snorlax\n|-damage|p1a: Snorlax|54/100\n|move|p1a: Snorlax|Reflect|p1a: Snorlax\n|-fail|p1a: Snorlax\n|\n|upkeep\n|turn|217\n|\n|t:|1784709529\n|move|p2a: Rhydon|Body Slam|p1a: Snorlax\n|-damage|p1a: Snorlax|44/100\n|move|p1a: Snorlax|Rest|p1a: Snorlax\n|-status|p1a: Snorlax|slp|[from] move: Rest\n|-heal|p1a: Snorlax|100/100 slp|[silent]\n|\n|upkeep\n|turn|218\n|\n|t:|1784709533\n|move|p2a: Rhydon|Rest|p2a: Rhydon\n|-fail|p2a: Rhydon\n|cant|p1a: Snorlax|slp\n|\n|upkeep\n|turn|219\n|\n|t:|1784709536\n|move|p2a: Rhydon|Rest|p2a: Rhydon\n|-fail|p2a: Rhydon\n|-curestatus|p1a: Snorlax|slp|[msg]\n|\n|upkeep\n|turn|220\n|\n|t:|1784709545\n|move|p2a: Rhydon|Substitute|p2a: Rhydon\n|-fail|p2a: Rhydon|move: Substitute\n|move|p1a: Snorlax|Reflect|p1a: Snorlax\n|-fail|p1a: Snorlax\n|\n|upkeep\n|turn|221\n|\n|t:|1784709551\n|move|p2a: Rhydon|Substitute|p2a: Rhydon\n|-fail|p2a: Rhydon|move: Substitute\n|move|p1a: Snorlax|Reflect|p1a: Snorlax\n|-fail|p1a: Snorlax\n|\n|upkeep\n|turn|222\n|\n|t:|1784709554\n|move|p2a: Rhydon|Substitute|p2a: Rhydon\n|-fail|p2a: Rhydon|move: Substitute\n|move|p1a: Snorlax|Reflect|p1a: Snorlax\n|-fail|p1a: Snorlax\n|\n|upkeep\n|turn|223\n|\n|t:|1784709558\n|move|p2a: Rhydon|Body Slam|p1a: Snorlax\n|-damage|p1a: Snorlax|90/100\n|move|p1a: Snorlax|Reflect|p1a: Snorlax\n|-fail|p1a: Snorlax\n|\n|upkeep\n|turn|224\n|\n|t:|1784709567\n|move|p2a: Rhydon|Body Slam|p1a: Snorlax\n|-crit|p1a: Snorlax\n|-damage|p1a: Snorlax|53/100\n|move|p1a: Snorlax|Reflect|p1a: Snorlax\n|-fail|p1a: Snorlax\n|\n|upkeep\n|turn|225\n|\n|t:|1784709574\n|switch|p2a: Starmie|Starmie|6/100 par\n|move|p1a: Snorlax|Rest|p1a: Snorlax\n|-status|p1a: Snorlax|slp|[from] move: Rest\n|-heal|p1a: Snorlax|100/100 slp|[silent]\n|\n|upkeep\n|turn|226\n|\n|t:|1784709596\n|switch|p2a: Rhydon|Rhydon|100/100\n|cant|p1a: Snorlax|slp\n|\n|upkeep\n|turn|227\n|\n|t:|1784709600\n|move|p2a: Rhydon|Substitute|p2a: Rhydon\n|-start|p2a: Rhydon|Substitute\n|-damage|p2a: Rhydon|76/100\n|-curestatus|p1a: Snorlax|slp|[msg]\n|\n|upkeep\n|turn|228\n|\n|t:|1784709609\n|move|p2a: Rhydon|Substitute|p2a: Rhydon\n|-fail|p2a: Rhydon|move: Substitute\n|move|p1a: Snorlax|Reflect|p1a: Snorlax\n|-fail|p1a: Snorlax\n|\n|upkeep\n|turn|229\n|\n|t:|1784709626\n|move|p2a: Rhydon|Body Slam|p1a: Snorlax\n|-damage|p1a: Snorlax|91/100\n|move|p1a: Snorlax|Reflect|p1a: Snorlax\n|-fail|p1a: Snorlax\n|\n|upkeep\n|turn|230\n|\n|t:|1784709630\n|move|p2a: Rhydon|Body Slam|p1a: Snorlax\n|-damage|p1a: Snorlax|82/100\n|move|p1a: Snorlax|Rest|p1a: Snorlax\n|-status|p1a: Snorlax|slp|[from] move: Rest\n|-heal|p1a: Snorlax|100/100 slp|[silent]\n|\n|upkeep\n|turn|231\n|\n|t:|1784709633\n|move|p2a: Rhydon|Body Slam|p1a: Snorlax\n|-damage|p1a: Snorlax|91/100 slp\n|cant|p1a: Snorlax|slp\n|\n|upkeep\n|turn|232\n|\n|t:|1784709636\n|move|p2a: Rhydon|Body Slam|p1a: Snorlax\n|-damage|p1a: Snorlax|80/100 slp\n|-curestatus|p1a: Snorlax|slp|[msg]\n|\n|upkeep\n|turn|233\n|\n|t:|1784709654\n|move|p2a: Rhydon|Body Slam|p1a: Snorlax\n|-damage|p1a: Snorlax|70/100\n|move|p1a: Snorlax|Rest|p1a: Snorlax\n|-status|p1a: Snorlax|slp|[from] move: Rest\n|-heal|p1a: Snorlax|100/100 slp|[silent]\n|\n|upkeep\n|turn|234\n|\n|t:|1784709658\n|move|p2a: Rhydon|Body Slam|p1a: Snorlax\n|-damage|p1a: Snorlax|91/100 slp\n|cant|p1a: Snorlax|slp\n|\n|upkeep\n|turn|235\n|\n|t:|1784709661\n|move|p2a: Rhydon|Body Slam|p1a: Snorlax\n|-crit|p1a: Snorlax\n|-damage|p1a: Snorlax|54/100 slp\n|-curestatus|p1a: Snorlax|slp|[msg]\n|\n|upkeep\n|turn|236\n|inactive|Laroxyl has 270 seconds left.\n|\n|t:|1784709693\n|move|p2a: Rhydon|Body Slam|p1a: Snorlax\n|-damage|p1a: Snorlax|43/100\n|move|p1a: Snorlax|Rest|p1a: Snorlax\n|-status|p1a: Snorlax|slp|[from] move: Rest\n|-heal|p1a: Snorlax|100/100 slp|[silent]\n|\n|upkeep\n|turn|237\n|\n|t:|1784709697\n|move|p2a: Rhydon|Body Slam|p1a: Snorlax\n|-damage|p1a: Snorlax|91/100 slp\n|cant|p1a: Snorlax|slp\n|\n|upkeep\n|turn|238\n|\n|t:|1784709700\n|move|p2a: Rhydon|Body Slam|p1a: Snorlax\n|-damage|p1a: Snorlax|81/100 slp\n|-curestatus|p1a: Snorlax|slp|[msg]\n|\n|upkeep\n|turn|239\n|\n|t:|1784709704\n|move|p2a: Rhydon|Body Slam|p1a: Snorlax\n|-damage|p1a: Snorlax|70/100\n|move|p1a: Snorlax|Reflect|p1a: Snorlax\n|-fail|p1a: Snorlax\n|\n|upkeep\n|turn|240\n|\n|t:|1784709710\n|move|p2a: Rhydon|Body Slam|p1a: Snorlax\n|-damage|p1a: Snorlax|60/100\n|move|p1a: Snorlax|Struggle|p2a: Rhydon\n|-resisted|p2a: Rhydon\n|-activate|p2a: Rhydon|Substitute|[damage]\n|-damage|p1a: Snorlax|58/100|[from] Recoil\n|\n|upkeep\n|turn|241\n|\n|t:|1784709718\n|move|p2a: Rhydon|Earthquake|p1a: Snorlax\n|-damage|p1a: Snorlax|40/100\n|move|p1a: Snorlax|Struggle|p2a: Rhydon\n|-resisted|p2a: Rhydon\n|-activate|p2a: Rhydon|Substitute|[damage]\n|-damage|p1a: Snorlax|38/100|[from] Recoil\n|\n|upkeep\n|turn|242\n|\n|t:|1784709725\n|move|p2a: Rhydon|Earthquake|p1a: Snorlax\n|-damage|p1a: Snorlax|20/100\n|move|p1a: Snorlax|Struggle|p2a: Rhydon\n|-resisted|p2a: Rhydon\n|-activate|p2a: Rhydon|Substitute|[damage]\n|-damage|p1a: Snorlax|17/100|[from] Recoil\n|\n|upkeep\n|turn|243\n|\n|t:|1784709729\n|move|p2a: Rhydon|Earthquake|p1a: Snorlax\n|-damage|p1a: Snorlax|1/100\n|move|p1a: Snorlax|Struggle|p2a: Rhydon\n|-resisted|p2a: Rhydon\n|-end|p2a: Rhydon|Substitute\n|\n|upkeep\n|turn|244\n|\n|t:|1784709737\n|move|p2a: Rhydon|Body Slam|p1a: Snorlax\n|-damage|p1a: Snorlax|0 fnt\n|faint|p1a: Snorlax\n|\n|t:|1784709741\n|switch|p1a: Chansey|Chansey|28/100 par\n|turn|245\n|\n|t:|1784709743\n|move|p2a: Rhydon|Earthquake|p1a: Chansey\n|-damage|p1a: Chansey|0 fnt\n|faint|p1a: Chansey\n|\n|win|violet river\n|c|☆violet river|gg\n|c|☆Laroxyl|gg\n|player|p2|\n|player|p1|\n","uploadtime":1784709743,"views":"101","formatid":"gen1ou","rating":null,"private":0,"password":null}