{"id":"smogtours-gen1ou-950657","format":"[Gen 1] OU","players":["Soda Krys","TG2513"],"log":"|inactive|Battle timer is ON: inactive players will automatically lose when time's up.\n|t:|1782579400\n|gametype|singles\n|player|p1|Soda Krys|gwynn|\n|player|p2|TG2513|brycenman|\n|gen|1\n|tier|[Gen 1] OU\n|rule|Desync Clause Mod: Desyncs changed to move failure.\n|rule|HP Percentage Mod: HP is shown in percentages\n|rule|Endless Battle Clause: Forcing endless battles is banned\n|rule|Sleep Clause Mod: Limit one foe put to sleep\n|rule|Freeze Clause Mod: Limit one foe frozen\n|rule|Species Clause: Limit one of each Pokémon\n|rule|OHKO Clause: OHKO moves are banned\n|rule|Evasion Moves Clause: Evasion moves are banned\n|\n|t:|1782579400\n|teamsize|p1|6\n|teamsize|p2|6\n|start\n|switch|p1a: Starmie|Starmie|100/100\n|switch|p2a: Alakazam|Alakazam|100/100\n|turn|1\n|\n|t:|1782579408\n|switch|p2a: Exeggutor|Exeggutor|100/100\n|switch|p1a: Chansey|Chansey|100/100\n|\n|upkeep\n|turn|2\n|\n|t:|1782579411\n|switch|p1a: Starmie|Starmie|100/100\n|move|p2a: Exeggutor|Sleep Powder|p1a: Starmie\n|-status|p1a: Starmie|slp|[from] move: Sleep Powder\n|\n|upkeep\n|turn|3\n|\n|t:|1782579414\n|switch|p1a: Chansey|Chansey|100/100\n|switch|p2a: Alakazam|Alakazam|100/100\n|\n|upkeep\n|turn|4\n|\n|t:|1782579416\n|move|p2a: Alakazam|Thunder Wave|p1a: Chansey\n|-status|p1a: Chansey|par\n|move|p1a: Chansey|Sing|p2a: Alakazam\n|-status|p2a: Alakazam|slp|[from] move: Sing\n|\n|upkeep\n|turn|5\n|\n|t:|1782579421\n|switch|p2a: Snorlax|Snorlax|100/100\n|move|p1a: Chansey|Thunder Wave|p2a: Snorlax\n|-status|p2a: Snorlax|par\n|\n|upkeep\n|turn|6\n|\n|t:|1782579424\n|switch|p1a: Snorlax|Snorlax|100/100\n|move|p2a: Snorlax|Earthquake|p1a: Snorlax\n|-damage|p1a: Snorlax|78/100\n|\n|upkeep\n|turn|7\n|\n|t:|1782579426\n|move|p1a: Snorlax|Reflect|p1a: Snorlax\n|-start|p1a: Snorlax|Reflect\n|move|p2a: Snorlax|Body Slam|p1a: Snorlax\n|-damage|p1a: Snorlax|65/100\n|\n|upkeep\n|turn|8\n|\n|t:|1782579431\n|switch|p2a: Exeggutor|Exeggutor|100/100\n|move|p1a: Snorlax|Body Slam|p2a: Exeggutor\n|-damage|p2a: Exeggutor|71/100\n|\n|upkeep\n|turn|9\n|\n|t:|1782579433\n|move|p2a: Exeggutor|Psychic|p1a: Snorlax\n|-damage|p1a: Snorlax|33/100\n|move|p1a: Snorlax|Body Slam|p2a: Exeggutor\n|-damage|p2a: Exeggutor|38/100\n|-status|p2a: Exeggutor|par\n|\n|upkeep\n|turn|10\n|\n|t:|1782579439\n|move|p1a: Snorlax|Body Slam|p2a: Exeggutor\n|-damage|p2a: Exeggutor|10/100 par\n|move|p2a: Exeggutor|Psychic|p1a: Snorlax\n|-damage|p1a: Snorlax|0 fnt\n|faint|p1a: Snorlax\n|\n|t:|1782579445\n|switch|p1a: Tauros|Tauros|100/100\n|turn|11\n|\n|t:|1782579452\n|switch|p2a: Snorlax|Snorlax|100/100 par\n|move|p1a: Tauros|Body Slam|p2a: Snorlax\n|-damage|p2a: Snorlax|74/100 par\n|\n|upkeep\n|turn|12\n|\n|t:|1782579457\n|switch|p1a: Exeggutor|Exeggutor|100/100\n|cant|p2a: Snorlax|par\n|\n|upkeep\n|turn|13\n|\n|t:|1782579460\n|move|p1a: Exeggutor|Psychic|p2a: Snorlax\n|-damage|p2a: Snorlax|43/100 par\n|move|p2a: Snorlax|Self-Destruct|p1a: Exeggutor\n|-damage|p1a: Exeggutor|6/100\n|faint|p2a: Snorlax\n|\n|t:|1782579465\n|switch|p2a: Tauros|Tauros|100/100\n|turn|14\n|\n|t:|1782579469\n|switch|p1a: Golem|Golem|100/100\n|move|p2a: Tauros|Body Slam|p1a: Golem\n|-resisted|p1a: Golem\n|-damage|p1a: Golem|89/100\n|\n|upkeep\n|turn|15\n|\n|t:|1782579479\n|switch|p2a: Starmie|Starmie|100/100\n|switch|p1a: Chansey|Chansey|100/100 par\n|\n|upkeep\n|turn|16\n|\n|t:|1782579488\n|switch|p2a: Chansey|Chansey|100/100\n|move|p1a: Chansey|Seismic Toss|p2a: Chansey\n|-damage|p2a: Chansey|86/100\n|\n|upkeep\n|turn|17\n|\n|t:|1782579492\n|move|p2a: Chansey|Ice Beam|p1a: Chansey\n|-damage|p1a: Chansey|89/100 par\n|move|p1a: Chansey|Thunder Wave|p2a: Chansey\n|-status|p2a: Chansey|par\n|\n|upkeep\n|turn|18\n|\n|t:|1782579495\n|move|p2a: Chansey|Ice Beam|p1a: Chansey\n|-damage|p1a: Chansey|79/100 par\n|move|p1a: Chansey|Seismic Toss|p2a: Chansey\n|-damage|p2a: Chansey|72/100 par\n|\n|upkeep\n|turn|19\n|\n|t:|1782579497\n|move|p2a: Chansey|Soft-Boiled|p2a: Chansey\n|-heal|p2a: Chansey|100/100 par\n|cant|p1a: Chansey|par\n|\n|upkeep\n|turn|20\n|\n|t:|1782579502\n|switch|p2a: Tauros|Tauros|100/100\n|cant|p1a: Chansey|par\n|\n|upkeep\n|turn|21\n|\n|t:|1782579505\n|move|p2a: Tauros|Earthquake|p1a: Chansey\n|-damage|p1a: Chansey|48/100 par\n|move|p1a: Chansey|Thunder Wave|p2a: Tauros\n|-status|p2a: Tauros|par\n|\n|upkeep\n|turn|22\n|\n|t:|1782579511\n|move|p2a: Tauros|Earthquake|p1a: Chansey\n|-damage|p1a: Chansey|18/100 par\n|move|p1a: Chansey|Soft-Boiled|p1a: Chansey\n|-heal|p1a: Chansey|68/100 par\n|\n|upkeep\n|turn|23\n|\n|t:|1782579515\n|switch|p1a: Golem|Golem|89/100\n|move|p2a: Tauros|Earthquake|p1a: Golem\n|-supereffective|p1a: Golem\n|-damage|p1a: Golem|54/100\n|\n|upkeep\n|turn|24\n|\n|t:|1782579524\n|move|p1a: Golem|Earthquake|p2a: Tauros\n|-damage|p2a: Tauros|65/100 par\n|move|p2a: Tauros|Blizzard|p1a: Golem|[miss]\n|-miss|p2a: Tauros\n|\n|upkeep\n|turn|25\n|\n|t:|1782579539\n|switch|p1a: Starmie|Starmie|100/100 slp\n|move|p2a: Tauros|Blizzard|p1a: Starmie|[miss]\n|-miss|p2a: Tauros\n|\n|upkeep\n|turn|26\n|\n|t:|1782579548\n|switch|p1a: Tauros|Tauros|100/100\n|cant|p2a: Tauros|par\n|\n|upkeep\n|turn|27\n|\n|t:|1782579554\n|move|p1a: Tauros|Body Slam|p2a: Tauros\n|-damage|p2a: Tauros|37/100 par\n|cant|p2a: Tauros|par\n|\n|upkeep\n|turn|28\n|c|☆Soda Krys|cool i get to rob\n|-message|TG2513 forfeited.\n|\n|win|Soda Krys\n|player|p2|\n|c|☆Soda Krys|12-17\n","uploadtime":1782579570,"views":"60","formatid":"gen1ou","rating":null,"private":0,"password":null}