{"id":"smogtours-gen1ou-823604","format":"[Gen 1] OU","players":["Serpi n_n","Sceptross"],"log":"|inactive|Battle timer is ON: inactive players will automatically lose when time's up.\n|t:|1741376106\n|gametype|singles\n|player|p1|Serpi n_n|#splxviraiders|\n|player|p2|Sceptross|#splxvicryonicles|\n|teamsize|p1|6\n|teamsize|p2|6\n|gen|1\n|tier|[Gen 1] OU\n|rule|Desync Clause Mod: Desyncs changed to move failure.\n|rule|Sleep Clause Mod: Limit one foe put to sleep\n|rule|Freeze Clause Mod: Limit one foe frozen\n|rule|Species Clause: Limit one of each Pokémon\n|rule|OHKO Clause: OHKO moves are banned\n|rule|Evasion Moves Clause: Evasion moves are banned\n|rule|Endless Battle Clause: Forcing endless battles is banned\n|rule|HP Percentage Mod: HP is shown in percentages\n|\n|t:|1741376106\n|start\n|switch|p1a: Jynx|Jynx|100/100\n|switch|p2a: Starmie|Starmie|100/100\n|turn|1\n|c|☆Serpi n_n|hf\n|c|☆Sceptross|gl hf\n|\n|t:|1741376128\n|switch|p2a: Jynx|Jynx|100/100\n|move|p1a: Jynx|Lovely Kiss|p2a: Jynx\n|-status|p2a: Jynx|slp|[from] move: Lovely Kiss\n|\n|upkeep\n|turn|2\n|\n|t:|1741376148\n|switch|p1a: Tauros|Tauros|100/100\n|switch|p2a: Starmie|Starmie|100/100\n|\n|upkeep\n|turn|3\n|\n|t:|1741376166\n|switch|p1a: Exeggutor|Exeggutor|100/100\n|move|p2a: Starmie|Thunder Wave|p1a: Exeggutor\n|-status|p1a: Exeggutor|par\n|\n|upkeep\n|turn|4\n|inactive|Sceptross has 270 seconds left.\n|\n|t:|1741376203\n|switch|p2a: Chansey|Chansey|100/100\n|cant|p1a: Exeggutor|par\n|\n|upkeep\n|turn|5\n|inactive|Serpi n_n has 270 seconds left.\n|rated|Smogon Premier League\n|\n|t:|1741376225\n|move|p2a: Chansey|Ice Beam|p1a: Exeggutor\n|-supereffective|p1a: Exeggutor\n|-damage|p1a: Exeggutor|69/100 par\n|move|p1a: Exeggutor|Explosion|p2a: Chansey\n|-damage|p2a: Chansey|0 fnt\n|faint|p2a: Chansey\n|faint|p1a: Exeggutor\n|inactive|Serpi n_n has 270 seconds left.\n|inactive|Sceptross has 270 seconds left.\n|\n|t:|1741376257\n|switch|p2a: Starmie|Starmie|100/100\n|switch|p1a: Snorlax|Snorlax|100/100\n|turn|6\n|inactive|Serpi n_n has 240 seconds left.\n|\n|t:|1741376283\n|switch|p2a: Snorlax|Snorlax|100/100\n|move|p1a: Snorlax|Self-Destruct|p2a: Snorlax\n|-damage|p2a: Snorlax|16/100\n|faint|p1a: Snorlax\n|inactive|Serpi n_n has 210 seconds left.\n|\n|t:|1741376321\n|switch|p1a: Starmie|Starmie|100/100\n|turn|7\n|inactive|Sceptross has 240 seconds left.\n|inactive|Sceptross has 210 seconds left.\n|\n|t:|1741376384\n|switch|p2a: Starmie|Starmie|100/100\n|move|p1a: Starmie|Psychic|p2a: Starmie\n|-resisted|p2a: Starmie\n|-damage|p2a: Starmie|83/100\n|\n|upkeep\n|turn|8\n|\n|t:|1741376391\n|move|p2a: Starmie|Thunder Wave|p1a: Starmie\n|-status|p1a: Starmie|par\n|move|p1a: Starmie|Thunder Wave|p2a: Starmie\n|-status|p2a: Starmie|par\n|\n|upkeep\n|turn|9\n|inactive|Sceptross has 210 seconds left.\n|inactive|Serpi n_n has 210 seconds left.\n|\n|t:|1741376425\n|switch|p1a: Rhydon|Rhydon|100/100\n|switch|p2a: Jynx|Jynx|100/100 slp\n|\n|upkeep\n|turn|10\n|inactive|Serpi n_n has 210 seconds left.\n|inactive|Sceptross has 180 seconds left.\n|\n|t:|1741376462\n|cant|p2a: Jynx|slp\n|move|p1a: Rhydon|Substitute|p1a: Rhydon\n|-start|p1a: Rhydon|Substitute\n|-damage|p1a: Rhydon|76/100\n|\n|upkeep\n|turn|11\n|\n|t:|1741376467\n|cant|p2a: Jynx|slp\n|move|p1a: Rhydon|Rock Slide|p2a: Jynx\n|-supereffective|p2a: Jynx\n|-damage|p2a: Jynx|0 fnt\n|faint|p2a: Jynx\n|\n|t:|1741376480\n|switch|p2a: Tauros|Tauros|100/100\n|turn|12\n|\n|t:|1741376483\n|move|p2a: Tauros|Earthquake|p1a: Rhydon\n|-supereffective|p1a: Rhydon\n|-end|p1a: Rhydon|Substitute\n|move|p1a: Rhydon|Earthquake|p2a: Tauros\n|-damage|p2a: Tauros|59/100\n|\n|upkeep\n|turn|13\n|inactive|Sceptross has 180 seconds left.\n|\n|t:|1741376492\n|switch|p1a: Starmie|Starmie|100/100 par\n|move|p2a: Tauros|Blizzard|p1a: Starmie\n|-resisted|p1a: Starmie\n|-damage|p1a: Starmie|90/100 par\n|\n|upkeep\n|turn|14\n|inactive|Sceptross has 180 seconds left.\n|inactive|Sceptross has 150 seconds left.\n|\n|t:|1741376550\n|switch|p2a: Starmie|Starmie|83/100 par\n|move|p1a: Starmie|Psychic|p2a: Starmie\n|-crit|p2a: Starmie\n|-resisted|p2a: Starmie\n|-damage|p2a: Starmie|50/100 par\n|-unboost|p2a: Starmie|spa|1\n|-unboost|p2a: Starmie|spd|1\n|\n|upkeep\n|turn|15\n|\n|t:|1741376576\n|move|p1a: Starmie|Psychic|p2a: Starmie\n|-resisted|p2a: Starmie\n|-damage|p2a: Starmie|24/100 par\n|move|p2a: Starmie|Recover|p2a: Starmie\n|-heal|p2a: Starmie|74/100 par\n|\n|upkeep\n|turn|16\n|inactive|Sceptross has 120 seconds left.\n|\n|t:|1741376605\n|move|p1a: Starmie|Psychic|p2a: Starmie\n|-resisted|p2a: Starmie\n|-damage|p2a: Starmie|50/100 par\n|-unboost|p2a: Starmie|spa|1\n|-unboost|p2a: Starmie|spd|1\n|move|p2a: Starmie|Psychic|p1a: Starmie\n|-resisted|p1a: Starmie\n|-damage|p1a: Starmie|81/100 par\n|-unboost|p1a: Starmie|spa|1\n|-unboost|p1a: Starmie|spd|1\n|\n|upkeep\n|turn|17\n|inactive|Serpi n_n has 240 seconds left.\n|\n|t:|1741376632\n|switch|p1a: Rhydon|Rhydon|76/100\n|cant|p2a: Starmie|par\n|\n|upkeep\n|turn|18\n|inactive|Sceptross has 120 seconds left.\n|inactive|Serpi n_n has 210 seconds left.\n|inactive|Sceptross has 90 seconds left.\n|inactive|Serpi n_n has 180 seconds left.\n|inactive|Serpi n_n has 150 seconds left.\n|inactive|Sceptross has 60 seconds left.\n|\n|t:|1741376734\n|switch|p2a: Snorlax|Snorlax|16/100\n|move|p1a: Rhydon|Substitute|p1a: Rhydon\n|-start|p1a: Rhydon|Substitute\n|-damage|p1a: Rhydon|51/100\n|\n|upkeep\n|turn|19\n|\n|t:|1741376742\n|move|p1a: Rhydon|Body Slam|p2a: Snorlax\n|-damage|p2a: Snorlax|0 fnt\n|faint|p2a: Snorlax\n|inactive|Sceptross has 60 seconds left.\n|\n|t:|1741376747\n|switch|p2a: Tauros|Tauros|59/100\n|turn|20\n|\n|t:|1741376749\n|move|p2a: Tauros|Earthquake|p1a: Rhydon\n|-supereffective|p1a: Rhydon\n|-end|p1a: Rhydon|Substitute\n|move|p1a: Rhydon|Earthquake|p2a: Tauros\n|-damage|p2a: Tauros|20/100\n|\n|upkeep\n|turn|21\n|inactive|Serpi n_n has 150 seconds left.\n|inactive|Sceptross has 60 seconds left.\n|inactive|Serpi n_n has 120 seconds left.\n|\n|t:|1741376797\n|switch|p1a: Starmie|Starmie|81/100 par\n|move|p2a: Tauros|Body Slam|p1a: Starmie\n|-crit|p1a: Starmie\n|-damage|p1a: Starmie|16/100 par\n|\n|upkeep\n|turn|22\n|inactive|Serpi n_n has 120 seconds left.\n|\n|t:|1741376805\n|switch|p2a: Starmie|Starmie|50/100 par\n|move|p1a: Starmie|Psychic|p2a: Starmie\n|-crit|p2a: Starmie\n|-resisted|p2a: Starmie\n|-damage|p2a: Starmie|17/100 par\n|\n|upkeep\n|turn|23\n|inactive|Serpi n_n has 120 seconds left.\n|\n|t:|1741376823\n|cant|p2a: Starmie|par\n|cant|p1a: Starmie|par\n|\n|upkeep\n|turn|24\n|\n|t:|1741376826\n|move|p1a: Starmie|Recover|p1a: Starmie\n|-heal|p1a: Starmie|66/100 par\n|move|p2a: Starmie|Recover|p2a: Starmie\n|-heal|p2a: Starmie|67/100 par\n|\n|upkeep\n|turn|25\n|\n|t:|1741376831\n|move|p2a: Starmie|Psychic|p1a: Starmie\n|-crit|p1a: Starmie\n|-resisted|p1a: Starmie\n|-damage|p1a: Starmie|35/100 par\n|move|p1a: Starmie|Psychic|p2a: Starmie\n|-resisted|p2a: Starmie\n|-damage|p2a: Starmie|51/100 par\n|\n|upkeep\n|turn|26\n|\n|t:|1741376835\n|cant|p1a: Starmie|par\n|move|p2a: Starmie|Recover|p2a: Starmie\n|-heal|p2a: Starmie|100/100 par\n|\n|upkeep\n|turn|27\n|inactive|Sceptross has 90 seconds left.\n|\n|t:|1741376843\n|switch|p2a: Rhydon|Rhydon|100/100\n|move|p1a: Starmie|Recover|p1a: Starmie\n|-heal|p1a: Starmie|85/100 par\n|\n|upkeep\n|turn|28\n|\n|t:|1741376857\n|switch|p1a: Jynx|Jynx|100/100\n|move|p2a: Rhydon|Earthquake|p1a: Jynx\n|-damage|p1a: Jynx|28/100\n|\n|upkeep\n|turn|29\n|\n|t:|1741376866\n|switch|p2a: Starmie|Starmie|100/100 par\n|move|p1a: Jynx|Psychic|p2a: Starmie\n|-resisted|p2a: Starmie\n|-damage|p2a: Starmie|84/100 par\n|-unboost|p2a: Starmie|spa|1\n|-unboost|p2a: Starmie|spd|1\n|\n|upkeep\n|turn|30\n|inactive|Serpi n_n has 150 seconds left.\n|inactive|Sceptross has 90 seconds left.\n|inactive|Sceptross has 60 seconds left.\n|\n|t:|1741376935\n|move|p1a: Jynx|Psychic|p2a: Starmie\n|-resisted|p2a: Starmie\n|-damage|p2a: Starmie|60/100 par\n|move|p2a: Starmie|Blizzard|p1a: Jynx|[miss]\n|-miss|p2a: Starmie\n|\n|upkeep\n|turn|31\n|inactive|Serpi n_n has 120 seconds left.\n|\n|t:|1741376962\n|move|p1a: Jynx|Blizzard|p2a: Starmie\n|-resisted|p2a: Starmie\n|-damage|p2a: Starmie|27/100 par\n|move|p2a: Starmie|Recover|p2a: Starmie\n|-heal|p2a: Starmie|77/100 par\n|\n|upkeep\n|turn|32\n|inactive|Serpi n_n has 120 seconds left.\n|\n|t:|1741376971\n|switch|p1a: Rhydon|Rhydon|51/100\n|move|p2a: Starmie|Recover|p2a: Starmie\n|-heal|p2a: Starmie|100/100 par\n|\n|upkeep\n|turn|33\n|inactive|Sceptross has 60 seconds left.\n|inactive|Sceptross has 30 seconds left.\n|\n|t:|1741377027\n|switch|p2a: Rhydon|Rhydon|100/100\n|move|p1a: Rhydon|Substitute|p1a: Rhydon\n|-start|p1a: Rhydon|Substitute\n|-damage|p1a: Rhydon|26/100\n|\n|upkeep\n|turn|34\n|\n|t:|1741377031\n|move|p2a: Rhydon|Earthquake|p1a: Rhydon\n|-supereffective|p1a: Rhydon\n|-end|p1a: Rhydon|Substitute\n|move|p1a: Rhydon|Earthquake|p2a: Rhydon\n|-crit|p2a: Rhydon\n|-supereffective|p2a: Rhydon\n|-damage|p2a: Rhydon|0 fnt\n|faint|p2a: Rhydon\n|\n|t:|1741377034\n|switch|p2a: Tauros|Tauros|20/100\n|turn|35\n|inactive|Serpi n_n has 150 seconds left.\n|inactive|Sceptross has 30 seconds left.\n|inactive|Sceptross has 20 seconds left.\n|inactive|Serpi n_n has 120 seconds left.\n|inactive|Sceptross has 15 seconds left.\n|inactive|Sceptross has 10 seconds left.\n|inactive|Serpi n_n has 90 seconds left.\n|\n|t:|1741377109\n|switch|p1a: Jynx|Jynx|28/100\n|move|p2a: Tauros|Blizzard|p1a: Jynx\n|-resisted|p1a: Jynx\n|-damage|p1a: Jynx|16/100\n|\n|upkeep\n|turn|36\n|inactive|Sceptross has 20 seconds left this turn.\n|inactive|Sceptross has 15 seconds left.\n|\n|t:|1741377115\n|move|p2a: Tauros|Body Slam|p1a: Jynx\n|-crit|p1a: Jynx\n|-damage|p1a: Jynx|0 fnt\n|faint|p1a: Jynx\n|inactive|Sceptross has 20 seconds left this turn.\n|inactive|Serpi n_n has 90 seconds left.\n|\n|t:|1741377142\n|switch|p1a: Starmie|Starmie|85/100 par\n|turn|37\n|inactive|Sceptross has 30 seconds left this turn.\n|inactive|Sceptross has 20 seconds left.\n|inactive|Sceptross has 15 seconds left.\n|inactive|Sceptross has 10 seconds left.\n|\n|t:|1741377164\n|move|p2a: Tauros|Hyper Beam|p1a: Starmie\n|-damage|p1a: Starmie|23/100 par\n|-mustrecharge|p2a: Tauros\n|move|p1a: Starmie|Psychic|p2a: Tauros\n|-damage|p2a: Tauros|0 fnt\n|faint|p2a: Tauros\n|inactive|Sceptross has 15 seconds left this turn.\n|inactive|Sceptross has 10 seconds left.\n|\n|t:|1741377169\n|switch|p2a: Starmie|Starmie|100/100 par\n|turn|38\n|inactive|Sceptross has 20 seconds left this turn.\n|inactive|Serpi n_n has 90 seconds left.\n|\n|t:|1741377179\n|move|p1a: Starmie|Recover|p1a: Starmie\n|-heal|p1a: Starmie|73/100 par\n|cant|p2a: Starmie|par\n|\n|upkeep\n|turn|39\n|inactive|Sceptross has 30 seconds left this turn.\n|\n|t:|1741377181\n|move|p2a: Starmie|Psychic|p1a: Starmie\n|-resisted|p1a: Starmie\n|-damage|p1a: Starmie|57/100 par\n|move|p1a: Starmie|Psychic|p2a: Starmie\n|-resisted|p2a: Starmie\n|-damage|p2a: Starmie|85/100 par\n|\n|upkeep\n|turn|40\n|\n|t:|1741377189\n|move|p2a: Starmie|Psychic|p1a: Starmie\n|-resisted|p1a: Starmie\n|-damage|p1a: Starmie|42/100 par\n|cant|p1a: Starmie|par\n|\n|upkeep\n|turn|41\n|\n|t:|1741377193\n|move|p1a: Starmie|Recover|p1a: Starmie\n|-heal|p1a: Starmie|92/100 par\n|move|p2a: Starmie|Psychic|p1a: Starmie\n|-resisted|p1a: Starmie\n|-damage|p1a: Starmie|77/100 par\n|-unboost|p1a: Starmie|spa|1\n|-unboost|p1a: Starmie|spd|1\n|\n|upkeep\n|turn|42\n|\n|t:|1741377196\n|move|p2a: Starmie|Psychic|p1a: Starmie\n|-crit|p1a: Starmie\n|-resisted|p1a: Starmie\n|-damage|p1a: Starmie|44/100 par\n|move|p1a: Starmie|Psychic|p2a: Starmie\n|-crit|p2a: Starmie\n|-resisted|p2a: Starmie\n|-damage|p2a: Starmie|53/100 par\n|\n|upkeep\n|turn|43\n|inactive|Serpi n_n has 120 seconds left.\n|\n|t:|1741377211\n|move|p2a: Starmie|Recover|p2a: Starmie\n|-heal|p2a: Starmie|100/100 par\n|move|p1a: Starmie|Psychic|p2a: Starmie\n|-resisted|p2a: Starmie\n|-damage|p2a: Starmie|90/100 par\n|\n|upkeep\n|turn|44\n|\n|t:|1741377218\n|move|p2a: Starmie|Psychic|p1a: Starmie\n|-resisted|p1a: Starmie\n|-damage|p1a: Starmie|20/100 par\n|cant|p1a: Starmie|par\n|\n|upkeep\n|turn|45\n|\n|t:|1741377237\n|cant|p2a: Starmie|par\n|move|p1a: Starmie|Psychic|p2a: Starmie\n|-resisted|p2a: Starmie\n|-damage|p2a: Starmie|78/100 par\n|-unboost|p2a: Starmie|spa|1\n|-unboost|p2a: Starmie|spd|1\n|\n|upkeep\n|turn|46\n|\n|t:|1741377244\n|cant|p2a: Starmie|par\n|move|p1a: Starmie|Recover|p1a: Starmie\n|-heal|p1a: Starmie|70/100 par\n|\n|upkeep\n|turn|47\n|\n|t:|1741377246\n|move|p1a: Starmie|Psychic|p2a: Starmie\n|-resisted|p2a: Starmie\n|-damage|p2a: Starmie|61/100 par\n|-unboost|p2a: Starmie|spa|1\n|-unboost|p2a: Starmie|spd|1\n|move|p2a: Starmie|Recover|p2a: Starmie\n|-heal|p2a: Starmie|100/100 par\n|\n|upkeep\n|turn|48\n|\n|t:|1741377253\n|cant|p1a: Starmie|par\n|move|p2a: Starmie|Psychic|p1a: Starmie\n|-resisted|p1a: Starmie\n|-damage|p1a: Starmie|57/100 par\n|\n|upkeep\n|turn|49\n|inactive|Serpi n_n has 150 seconds left.\n|\n|t:|1741377258\n|move|p1a: Starmie|Recover|p1a: Starmie\n|-heal|p1a: Starmie|100/100 par\n|move|p2a: Starmie|Psychic|p1a: Starmie\n|-crit|p1a: Starmie\n|-resisted|p1a: Starmie\n|-damage|p1a: Starmie|69/100 par\n|-unboost|p1a: Starmie|spa|1\n|-unboost|p1a: Starmie|spd|1\n|\n|upkeep\n|turn|50\n|\n|t:|1741377263\n|move|p1a: Starmie|Recover|p1a: Starmie\n|-heal|p1a: Starmie|100/100 par\n|move|p2a: Starmie|Psychic|p1a: Starmie\n|-resisted|p1a: Starmie\n|-damage|p1a: Starmie|85/100 par\n|-unboost|p1a: Starmie|spa|1\n|-unboost|p1a: Starmie|spd|1\n|\n|upkeep\n|turn|51\n|\n|t:|1741377265\n|move|p2a: Starmie|Blizzard|p1a: Starmie\n|-resisted|p1a: Starmie\n|-damage|p1a: Starmie|67/100 par\n|move|p1a: Starmie|Psychic|p2a: Starmie\n|-resisted|p2a: Starmie\n|-damage|p2a: Starmie|87/100 par\n|\n|upkeep\n|turn|52\n|\n|t:|1741377271\n|cant|p2a: Starmie|par\n|move|p1a: Starmie|Recover|p1a: Starmie\n|-heal|p1a: Starmie|100/100 par\n|\n|upkeep\n|turn|53\n|\n|t:|1741377275\n|cant|p2a: Starmie|par\n|cant|p1a: Starmie|par\n|\n|upkeep\n|turn|54\n|\n|t:|1741377276\n|move|p2a: Starmie|Psychic|p1a: Starmie\n|-resisted|p1a: Starmie\n|-damage|p1a: Starmie|79/100 par\n|cant|p1a: Starmie|par\n|\n|upkeep\n|turn|55\n|\n|t:|1741377291\n|move|p2a: Starmie|Psychic|p1a: Starmie\n|-resisted|p1a: Starmie\n|-damage|p1a: Starmie|57/100 par\n|move|p1a: Starmie|Psychic|p2a: Starmie\n|-resisted|p2a: Starmie\n|-damage|p2a: Starmie|74/100 par\n|-unboost|p2a: Starmie|spa|1\n|-unboost|p2a: Starmie|spd|1\n|\n|upkeep\n|turn|56\n|\n|t:|1741377301\n|switch|p1a: Rhydon|Rhydon|26/100\n|move|p2a: Starmie|Recover|p2a: Starmie\n|-heal|p2a: Starmie|100/100 par\n|\n|upkeep\n|turn|57\n|inactive|Serpi n_n has 210 seconds left.\n|\n|t:|1741377306\n|move|p1a: Rhydon|Substitute|p1a: Rhydon\n|-start|p1a: Rhydon|Substitute\n|-damage|p1a: Rhydon|1/100\n|move|p2a: Starmie|Blizzard|p1a: Rhydon\n|-supereffective|p1a: Rhydon\n|-end|p1a: Rhydon|Substitute\n|\n|upkeep\n|turn|58\n|inactive|Serpi n_n has 210 seconds left.\n|\n|t:|1741377327\n|move|p1a: Rhydon|Earthquake|p2a: Starmie\n|-damage|p2a: Starmie|48/100 par\n|move|p2a: Starmie|Psychic|p1a: Rhydon\n|-crit|p1a: Rhydon\n|-damage|p1a: Rhydon|0 fnt\n|faint|p1a: Rhydon\n|\n|t:|1741377329\n|switch|p1a: Tauros|Tauros|100/100\n|turn|59\n|inactive|Serpi n_n has 210 seconds left.\n|\n|t:|1741377335\n|move|p1a: Tauros|Hyper Beam|p2a: Starmie\n|-damage|p2a: Starmie|0 fnt\n|faint|p2a: Starmie\n|\n|win|Serpi n_n\n|c|☆Sceptross|gg\n|c|☆Serpi n_n|gg\n|player|p1|\n|player|p1|Serpi n_n|#splxviraiders|\n|player|p1|\n","uploadtime":1741377335,"views":"2266","formatid":"gen1ou","rating":null,"private":0,"password":null}