{"id":"smogtours-gen1ou-959974","format":"[Gen 1] OU","players":["Serpi n_n","Ct0wn"],"log":"|inactive|Battle timer is ON: inactive players will automatically lose when time's up.\n|t:|1785266412\n|gametype|singles\n|player|p1|Serpi n_n|#rbywc2023|\n|player|p2|Ct0wn|battlegirl-gen4|\n|gen|1\n|tier|[Gen 1] OU\n|rule|Desync Clause Mod: Desyncs resolve to link battle behavior from the acting player's perspective.\n|rule|HP Percentage Mod: HP is shown in percentages\n|rule|Endless Battle Clause: Forcing endless battles is banned\n|rule|Sleep Clause Mod: Limit one foe put to sleep\n|rule|Freeze Clause Mod: Limit one foe frozen\n|rule|Species Clause: Limit one of each Pokémon\n|rule|OHKO Clause: OHKO moves are banned\n|rule|Evasion Moves Clause: Evasion moves are banned\n|\n|t:|1785266412\n|teamsize|p1|6\n|teamsize|p2|6\n|start\n|switch|p1a: Exeggutor|Exeggutor|100/100\n|switch|p2a: Gengar|Gengar|100/100\n|turn|1\n|c|☆Serpi n_n|hf\n|c|☆Ct0wn|Hf\n|inactive|Serpi n_n has 270 seconds left.\n|\n|t:|1785266442\n|move|p2a: Gengar|Hypnosis|p1a: Exeggutor\n|-status|p1a: Exeggutor|slp|[from] move: Hypnosis\n|cant|p1a: Exeggutor|slp\n|\n|upkeep\n|turn|2\n|\n|t:|1785266454\n|switch|p1a: Alakazam|Alakazam|100/100\n|move|p2a: Gengar|Night Shade|p1a: Alakazam\n|-damage|p1a: Alakazam|69/100\n|\n|upkeep\n|turn|3\n|\n|t:|1785266465\n|switch|p1a: Jynx|Jynx|100/100\n|switch|p2a: Exeggutor|Exeggutor|100/100\n|\n|upkeep\n|turn|4\n|inactive|Serpi n_n has 270 seconds left.\n|\n|t:|1785266500\n|switch|p2a: Gengar|Gengar|100/100\n|move|p1a: Jynx|Lovely Kiss|p2a: Gengar\n|-status|p2a: Gengar|slp|[from] move: Lovely Kiss\n|\n|upkeep\n|turn|5\n|inactive|Serpi n_n has 270 seconds left.\n|\n|t:|1785266517\n|switch|p2a: Starmie|Starmie|100/100\n|switch|p1a: Alakazam|Alakazam|69/100\n|\n|upkeep\n|turn|6\n|\n|t:|1785266523\n|move|p1a: Alakazam|Thunder Wave|p2a: Starmie\n|-status|p2a: Starmie|par\n|move|p2a: Starmie|Thunder Wave|p1a: Alakazam\n|-status|p1a: Alakazam|par\n|\n|upkeep\n|turn|7\n|inactive|Serpi n_n has 270 seconds left.\n|\n|t:|1785266561\n|move|p1a: Alakazam|Psychic|p2a: Starmie\n|-resisted|p2a: Starmie\n|-damage|p2a: Starmie|79/100 par\n|-unboost|p2a: Starmie|spa|1\n|-unboost|p2a: Starmie|spd|1\n|move|p2a: Starmie|Surf|p1a: Alakazam\n|-damage|p1a: Alakazam|48/100 par\n|\n|upkeep\n|turn|8\n|\n|t:|1785266573\n|switch|p2a: Tauros|Tauros|100/100\n|move|p1a: Alakazam|Recover|p1a: Alakazam\n|-heal|p1a: Alakazam|98/100 par\n|\n|upkeep\n|turn|9\n|\n|t:|1785266586\n|move|p2a: Tauros|Body Slam|p1a: Alakazam\n|-damage|p1a: Alakazam|46/100 par\n|move|p1a: Alakazam|Thunder Wave|p2a: Tauros\n|-status|p2a: Tauros|par\n|\n|upkeep\n|turn|10\n|\n|t:|1785266599\n|switch|p1a: Snorlax|Snorlax|100/100\n|cant|p2a: Tauros|par\n|\n|upkeep\n|turn|11\n|\n|t:|1785266604\n|switch|p2a: Gengar|Gengar|100/100 slp\n|move|p1a: Snorlax|Body Slam|p2a: Gengar\n|-immune|p2a: Gengar\n|\n|upkeep\n|turn|12\n|\n|t:|1785266609\n|switch|p2a: Cloyster|Cloyster|100/100\n|move|p1a: Snorlax|Body Slam|p2a: Cloyster\n|-damage|p2a: Cloyster|76/100\n|\n|upkeep\n|turn|13\n|inactive|Serpi n_n has 270 seconds left.\n|\n|t:|1785266627\n|switch|p1a: Jynx|Jynx|100/100\n|move|p2a: Cloyster|Blizzard|p1a: Jynx\n|-resisted|p1a: Jynx\n|-damage|p1a: Jynx|81/100\n|\n|upkeep\n|turn|14\n|\n|t:|1785266638\n|switch|p2a: Starmie|Starmie|79/100 par\n|move|p1a: Jynx|Psychic|p2a: Starmie\n|-resisted|p2a: Starmie\n|-damage|p2a: Starmie|64/100 par\n|\n|upkeep\n|turn|15\n|\n|t:|1785266643\n|switch|p1a: Alakazam|Alakazam|46/100 par\n|move|p2a: Starmie|Surf|p1a: Alakazam\n|-crit|p1a: Alakazam\n|-damage|p1a: Alakazam|0 fnt\n|faint|p1a: Alakazam\n|\n|t:|1785266647\n|switch|p1a: Snorlax|Snorlax|100/100\n|turn|16\n|\n|t:|1785266651\n|switch|p2a: Gengar|Gengar|100/100 slp\n|move|p1a: Snorlax|Body Slam|p2a: Gengar\n|-immune|p2a: Gengar\n|\n|upkeep\n|turn|17\n|\n|t:|1785266660\n|switch|p1a: Tauros|Tauros|100/100\n|cant|p2a: Gengar|slp\n|\n|upkeep\n|turn|18\n|\n|t:|1785266671\n|cant|p2a: Gengar|slp\n|move|p1a: Tauros|Earthquake|p2a: Gengar\n|-crit|p2a: Gengar\n|-supereffective|p2a: Gengar\n|-damage|p2a: Gengar|0 fnt\n|faint|p2a: Gengar\n|\n|t:|1785266675\n|switch|p2a: Cloyster|Cloyster|76/100\n|turn|19\n|\n|t:|1785266685\n|switch|p1a: Jynx|Jynx|81/100\n|move|p2a: Cloyster|Clamp|p1a: Jynx|[miss]\n|-miss|p2a: Cloyster\n|\n|upkeep\n|turn|20\n|\n|t:|1785266693\n|switch|p2a: Starmie|Starmie|64/100 par\n|move|p1a: Jynx|Psychic|p2a: Starmie\n|-crit|p2a: Starmie\n|-resisted|p2a: Starmie\n|-damage|p2a: Starmie|33/100 par\n|-unboost|p2a: Starmie|spa|1\n|-unboost|p2a: Starmie|spd|1\n|\n|upkeep\n|turn|21\n|\n|t:|1785266697\n|move|p1a: Jynx|Blizzard|p2a: Starmie\n|-resisted|p2a: Starmie\n|-damage|p2a: Starmie|0 fnt\n|faint|p2a: Starmie\n|\n|t:|1785266701\n|switch|p2a: Tauros|Tauros|100/100 par\n|turn|22\n|\n|t:|1785266730\n|switch|p1a: Snorlax|Snorlax|100/100\n|move|p2a: Tauros|Body Slam|p1a: Snorlax\n|-damage|p1a: Snorlax|78/100\n|\n|upkeep\n|turn|23\n|\n|t:|1785266735\n|move|p1a: Snorlax|Body Slam|p2a: Tauros\n|-damage|p2a: Tauros|69/100 par\n|cant|p2a: Tauros|par\n|\n|upkeep\n|turn|24\n|\n|t:|1785266738\n|switch|p2a: Cloyster|Cloyster|76/100\n|move|p1a: Snorlax|Body Slam|p2a: Cloyster\n|-damage|p2a: Cloyster|53/100\n|\n|upkeep\n|turn|25\n|\n|t:|1785266760\n|switch|p1a: Cloyster|Cloyster|100/100\n|move|p2a: Cloyster|Blizzard|p1a: Cloyster\n|-resisted|p1a: Cloyster\n|-damage|p1a: Cloyster|89/100\n|\n|upkeep\n|turn|26\n|\n|t:|1785266770\n|move|p1a: Cloyster|Clamp|p2a: Cloyster\n|-resisted|p2a: Cloyster\n|-damage|p2a: Cloyster|46/100\n|cant|p2a: Cloyster|partiallytrapped\n|\n|upkeep\n|turn|27\n|\n|t:|1785266782\n|switch|p2a: Alakazam|Alakazam|100/100\n|switch|p1a: Jynx|Jynx|81/100\n|\n|upkeep\n|turn|28\n|inactive|Serpi n_n has 270 seconds left.\n|\n|t:|1785266807\n|move|p2a: Alakazam|Thunder Wave|p1a: Jynx\n|-status|p1a: Jynx|par\n|move|p1a: Jynx|Lovely Kiss|p2a: Alakazam\n|-status|p2a: Alakazam|slp|[from] move: Lovely Kiss\n|\n|upkeep\n|turn|29\n|inactive|Serpi n_n has 270 seconds left.\n|\n|t:|1785266823\n|switch|p1a: Tauros|Tauros|100/100\n|cant|p2a: Alakazam|slp\n|\n|upkeep\n|turn|30\n|\n|t:|1785266827\n|cant|p2a: Alakazam|slp\n|move|p1a: Tauros|Body Slam|p2a: Alakazam\n|-damage|p2a: Alakazam|53/100 slp\n|\n|upkeep\n|turn|31\n|\n|t:|1785266834\n|switch|p2a: Exeggutor|Exeggutor|100/100\n|move|p1a: Tauros|Body Slam|p2a: Exeggutor\n|-damage|p2a: Exeggutor|74/100\n|\n|upkeep\n|turn|32\n|\n|t:|1785266846\n|switch|p1a: Jynx|Jynx|81/100 par\n|move|p2a: Exeggutor|Psychic|p1a: Jynx\n|-resisted|p1a: Jynx\n|-damage|p1a: Jynx|63/100 par\n|-unboost|p1a: Jynx|spa|1\n|-unboost|p1a: Jynx|spd|1\n|\n|upkeep\n|turn|33\n|\n|t:|1785266858\n|move|p2a: Exeggutor|Mega Drain|p1a: Jynx\n|-damage|p1a: Jynx|38/100 par\n|-heal|p2a: Exeggutor|85/100|[from] drain|[of] p1a: Jynx\n|move|p1a: Jynx|Blizzard|p2a: Exeggutor\n|-crit|p2a: Exeggutor\n|-supereffective|p2a: Exeggutor\n|-damage|p2a: Exeggutor|0 fnt\n|faint|p2a: Exeggutor\n|\n|t:|1785266862\n|switch|p2a: Tauros|Tauros|69/100 par\n|turn|34\n|\n|t:|1785266889\n|move|p2a: Tauros|Body Slam|p1a: Jynx\n|-crit|p1a: Jynx\n|-damage|p1a: Jynx|0 fnt\n|faint|p1a: Jynx\n|inactive|Serpi n_n has 270 seconds left.\n|\n|t:|1785266904\n|switch|p1a: Snorlax|Snorlax|78/100\n|turn|35\n|\n|t:|1785266909\n|move|p1a: Snorlax|Body Slam|p2a: Tauros\n|-damage|p2a: Tauros|37/100 par\n|cant|p2a: Tauros|par\n|\n|upkeep\n|turn|36\n|\n|t:|1785266920\n|move|p1a: Snorlax|Body Slam|p2a: Tauros\n|-damage|p2a: Tauros|6/100 par\n|cant|p2a: Tauros|par\n|\n|upkeep\n|turn|37\n|\n|t:|1785266927\n|move|p1a: Snorlax|Body Slam|p2a: Tauros\n|-damage|p2a: Tauros|0 fnt\n|faint|p2a: Tauros\n|\n|t:|1785266928\n|switch|p2a: Cloyster|Cloyster|46/100\n|turn|38\n|\n|t:|1785266936\n|move|p2a: Cloyster|Blizzard|p1a: Snorlax\n|-damage|p1a: Snorlax|46/100\n|move|p1a: Snorlax|Self-Destruct|p2a: Cloyster\n|-damage|p2a: Cloyster|0 fnt\n|faint|p2a: Cloyster\n|faint|p1a: Snorlax\n|\n|t:|1785266942\n|switch|p2a: Alakazam|Alakazam|53/100 slp\n|switch|p1a: Tauros|Tauros|100/100\n|turn|39\n|\n|t:|1785266944\n|cant|p2a: Alakazam|slp\n|move|p1a: Tauros|Body Slam|p2a: Alakazam\n|-damage|p2a: Alakazam|4/100 slp\n|\n|upkeep\n|turn|40\n|\n|t:|1785266945\n|cant|p2a: Alakazam|slp\n|move|p1a: Tauros|Body Slam|p2a: Alakazam\n|-damage|p2a: Alakazam|0 fnt\n|faint|p2a: Alakazam\n|\n|win|Serpi n_n\n|c|☆Ct0wn|Ggs\n|c|☆Serpi n_n|ggs\n|player|p1|\n|player|p2|\n","uploadtime":1785266945,"views":"81","formatid":"gen1ou","rating":null,"private":0,"password":null}