{"id":"smogtours-gen1ou-966106","format":"[Gen 1] OU","players":["oligen1","wooooo rby"],"log":"|inactive|Battle timer is ON: inactive players will automatically lose when time's up.\n|t:|1787512761\n|gametype|singles\n|player|p1|oligen1|blue-gen1rbtwo|\n|player|p2|wooooo rby|lucas|\n|gen|1\n|tier|[Gen 1] OU\n|rule|Desync Clause Mod: Desyncs resolve to link battle behavior from the acting player's perspective.\n|rule|HP Percentage Mod: HP is shown in percentages\n|rule|Endless Battle Clause: Forcing endless battles is banned\n|rule|Sleep Clause Mod: Limit one foe put to sleep\n|rule|Freeze Clause Mod: Limit one foe frozen\n|rule|Species Clause: Limit one of each Pokémon\n|rule|OHKO Clause: OHKO moves are banned\n|rule|Evasion Moves Clause: Evasion moves are banned\n|\n|t:|1787512761\n|teamsize|p1|6\n|teamsize|p2|6\n|start\n|switch|p1a: Alakazam|Alakazam|100/100\n|switch|p2a: Jynx|Jynx|100/100\n|turn|1\n|inactive|oligen1 also wants the timer to be on.\n|c|☆wooooo rby|hf\n|c|☆oligen1|Enjoy :-)\n|\n|t:|1787512774\n|move|p1a: Alakazam|Thunder Wave|p2a: Jynx\n|-status|p2a: Jynx|par\n|cant|p2a: Jynx|par\n|\n|upkeep\n|turn|2\n|\n|t:|1787512780\n|move|p1a: Alakazam|Seismic Toss|p2a: Jynx\n|-damage|p2a: Jynx|70/100 par\n|move|p2a: Jynx|Lovely Kiss|p1a: Alakazam\n|-status|p1a: Alakazam|slp|[from] move: Lovely Kiss\n|\n|upkeep\n|turn|3\n|\n|t:|1787512790\n|switch|p1a: Cloyster|Cloyster|100/100\n|move|p2a: Jynx|Blizzard|p1a: Cloyster|[miss]\n|-miss|p2a: Jynx\n|\n|upkeep\n|turn|4\n|\n|t:|1787512820\n|switch|p1a: Chansey|Chansey|100/100\n|cant|p2a: Jynx|par\n|\n|upkeep\n|turn|5\n|\n|t:|1787512826\n|move|p1a: Chansey|Thunderbolt|p2a: Jynx\n|-damage|p2a: Jynx|48/100 par\n|move|p2a: Jynx|Rest|p2a: Jynx\n|-status|p2a: Jynx|slp|[from] move: Rest\n|-heal|p2a: Jynx|100/100 slp|[silent]\n|\n|upkeep\n|turn|6\n|inactive|oligen1 has 270 seconds left.\n|\n|t:|1787512858\n|switch|p2a: Chansey|Chansey|100/100\n|move|p1a: Chansey|Thunderbolt|p2a: Chansey\n|-damage|p2a: Chansey|90/100\n|\n|upkeep\n|turn|7\n|\n|t:|1787512867\n|move|p2a: Chansey|Thunder Wave|p1a: Chansey\n|-status|p1a: Chansey|par\n|move|p1a: Chansey|Ice Beam|p2a: Chansey\n|-damage|p2a: Chansey|79/100\n|\n|upkeep\n|turn|8\n|inactive|oligen1 has 270 seconds left.\n|\n|t:|1787512875\n|switch|p2a: Jynx|Jynx|100/100 slp\n|move|p1a: Chansey|Ice Beam|p2a: Jynx\n|-resisted|p2a: Jynx\n|-damage|p2a: Jynx|89/100 slp\n|\n|upkeep\n|turn|9\n|\n|t:|1787512881\n|switch|p1a: Tauros|Tauros|100/100\n|cant|p2a: Jynx|slp\n|\n|upkeep\n|turn|10\n|\n|t:|1787512886\n|switch|p2a: Exeggutor|Exeggutor|100/100\n|move|p1a: Tauros|Blizzard|p2a: Exeggutor\n|-supereffective|p2a: Exeggutor\n|-damage|p2a: Exeggutor|68/100\n|\n|upkeep\n|turn|11\n|\n|t:|1787512897\n|switch|p1a: Alakazam|Alakazam|100/100 slp\n|move|p2a: Exeggutor|Psychic|p1a: Alakazam\n|-resisted|p1a: Alakazam\n|-damage|p1a: Alakazam|85/100 slp\n|\n|upkeep\n|turn|12\n|\n|t:|1787512903\n|switch|p1a: Exeggutor|Exeggutor|100/100\n|move|p2a: Exeggutor|Stun Spore|p1a: Exeggutor\n|-status|p1a: Exeggutor|par\n|\n|upkeep\n|turn|13\n|\n|t:|1787512917\n|switch|p2a: Jynx|Jynx|89/100 slp\n|move|p1a: Exeggutor|Sleep Powder|p2a: Jynx\n|-fail|p2a: Jynx|slp\n|\n|upkeep\n|turn|14\n|\n|t:|1787512932\n|-curestatus|p2a: Jynx|slp|[msg]\n|move|p1a: Exeggutor|Stun Spore|p2a: Jynx\n|-status|p2a: Jynx|par\n|\n|upkeep\n|turn|15\n|\n|t:|1787512938\n|switch|p1a: Chansey|Chansey|100/100 par\n|cant|p2a: Jynx|par\n|\n|upkeep\n|turn|16\n|\n|t:|1787512943\n|move|p2a: Jynx|Psychic|p1a: Chansey\n|-damage|p1a: Chansey|87/100 par\n|move|p1a: Chansey|Ice Beam|p2a: Jynx\n|-resisted|p2a: Jynx\n|-damage|p2a: Jynx|77/100 par\n|\n|upkeep\n|turn|17\n|\n|t:|1787512951\n|move|p2a: Jynx|Psychic|p1a: Chansey\n|-damage|p1a: Chansey|72/100 par\n|move|p1a: Chansey|Thunderbolt|p2a: Jynx\n|-crit|p2a: Jynx\n|-damage|p2a: Jynx|34/100 par\n|\n|upkeep\n|turn|18\n|\n|t:|1787512960\n|move|p2a: Jynx|Psychic|p1a: Chansey\n|-damage|p1a: Chansey|57/100 par\n|cant|p1a: Chansey|par\n|\n|upkeep\n|turn|19\n|\n|t:|1787512965\n|cant|p2a: Jynx|par\n|move|p1a: Chansey|Soft-Boiled|p1a: Chansey\n|-heal|p1a: Chansey|100/100 par\n|\n|upkeep\n|turn|20\n|\n|t:|1787512971\n|move|p2a: Jynx|Blizzard|p1a: Chansey\n|-damage|p1a: Chansey|82/100 par\n|move|p1a: Chansey|Thunderbolt|p2a: Jynx\n|-damage|p2a: Jynx|11/100 par\n|\n|upkeep\n|turn|21\n|\n|t:|1787512978\n|switch|p1a: Snorlax|Snorlax|100/100\n|move|p2a: Jynx|Blizzard|p1a: Snorlax\n|-damage|p1a: Snorlax|64/100\n|-status|p1a: Snorlax|frz\n|\n|upkeep\n|turn|22\n|\n|t:|1787512992\n|switch|p1a: Chansey|Chansey|82/100 par\n|move|p2a: Jynx|Psychic|p1a: Chansey\n|-crit|p1a: Chansey\n|-damage|p1a: Chansey|55/100 par\n|-unboost|p1a: Chansey|spa|1\n|-unboost|p1a: Chansey|spd|1\n|\n|upkeep\n|turn|23\n|\n|t:|1787512999\n|move|p2a: Jynx|Rest|p2a: Jynx\n|-status|p2a: Jynx|slp|[from] move: Rest\n|-heal|p2a: Jynx|100/100 slp|[silent]\n|move|p1a: Chansey|Soft-Boiled|p1a: Chansey\n|-heal|p1a: Chansey|100/100 par\n|\n|upkeep\n|turn|24\n|\n|t:|1787513002\n|switch|p2a: Tauros|Tauros|100/100\n|switch|p1a: Tauros|Tauros|100/100\n|\n|upkeep\n|turn|25\n|\n|t:|1787513008\n|move|p2a: Tauros|Body Slam|p1a: Tauros\n|-damage|p1a: Tauros|71/100\n|move|p1a: Tauros|Body Slam|p2a: Tauros\n|-damage|p2a: Tauros|69/100\n|\n|upkeep\n|turn|26\n|\n|t:|1787513014\n|move|p1a: Tauros|Body Slam|p2a: Tauros\n|-damage|p2a: Tauros|41/100\n|move|p2a: Tauros|Body Slam|p1a: Tauros\n|-damage|p1a: Tauros|41/100\n|\n|upkeep\n|turn|27\n|inactive|oligen1 has 270 seconds left.\n|\n|t:|1787513045\n|switch|p1a: Cloyster|Cloyster|100/100\n|move|p2a: Tauros|Thunderbolt|p1a: Cloyster\n|-crit|p1a: Cloyster\n|-supereffective|p1a: Cloyster\n|-damage|p1a: Cloyster|11/100\n|\n|upkeep\n|turn|28\n|\n|t:|1787513055\n|switch|p1a: Snorlax|Snorlax|64/100 frz\n|move|p2a: Tauros|Body Slam|p1a: Snorlax\n|-crit|p1a: Snorlax\n|-damage|p1a: Snorlax|13/100 frz\n|\n|upkeep\n|turn|29\n|\n|t:|1787513068\n|switch|p2a: Snorlax|Snorlax|100/100\n|cant|p1a: Snorlax|frz\n|\n|upkeep\n|turn|30\n|\n|t:|1787513074\n|move|p2a: Snorlax|Amnesia|p2a: Snorlax\n|-boost|p2a: Snorlax|spa|2\n|-boost|p2a: Snorlax|spd|2\n|cant|p1a: Snorlax|frz\n|\n|upkeep\n|turn|31\n|\n|t:|1787513080\n|move|p2a: Snorlax|Amnesia|p2a: Snorlax\n|-boost|p2a: Snorlax|spa|2\n|-boost|p2a: Snorlax|spd|2\n|cant|p1a: Snorlax|frz\n|\n|upkeep\n|turn|32\n|\n|t:|1787513088\n|cant|p1a: Snorlax|frz\n|move|p2a: Snorlax|Amnesia|p2a: Snorlax\n|-boost|p2a: Snorlax|spa|2\n|-boost|p2a: Snorlax|spd|2\n|\n|upkeep\n|turn|33\n|\n|t:|1787513093\n|move|p2a: Snorlax|Blizzard|p1a: Snorlax\n|-damage|p1a: Snorlax|0 fnt\n|faint|p1a: Snorlax\n|inactive|oligen1 has 270 seconds left.\n|\n|t:|1787513126\n|switch|p1a: Cloyster|Cloyster|11/100\n|turn|34\n|\n|t:|1787513134\n|move|p1a: Cloyster|Clamp|p2a: Snorlax\n|-damage|p2a: Snorlax|98/100\n|cant|p2a: Snorlax|partiallytrapped\n|\n|upkeep\n|turn|35\n|\n|t:|1787513138\n|move|p1a: Cloyster|Clamp|p2a: Snorlax|[from] Clamp\n|-damage|p2a: Snorlax|96/100\n|\n|upkeep\n|turn|36\n|\n|t:|1787513156\n|move|p1a: Cloyster|Clamp|p2a: Snorlax\n|-damage|p2a: Snorlax|93/100\n|cant|p2a: Snorlax|partiallytrapped\n|\n|upkeep\n|turn|37\n|\n|t:|1787513161\n|move|p1a: Cloyster|Clamp|p2a: Snorlax|[from] Clamp\n|-damage|p2a: Snorlax|91/100\n|\n|upkeep\n|turn|38\n|\n|t:|1787513171\n|move|p1a: Cloyster|Clamp|p2a: Snorlax\n|-damage|p2a: Snorlax|88/100\n|cant|p2a: Snorlax|partiallytrapped\n|\n|upkeep\n|turn|39\n|\n|t:|1787513179\n|move|p1a: Cloyster|Clamp|p2a: Snorlax|[from] Clamp\n|-damage|p2a: Snorlax|86/100\n|\n|upkeep\n|turn|40\n|\n|t:|1787513201\n|move|p1a: Cloyster|Clamp|p2a: Snorlax\n|-damage|p2a: Snorlax|83/100\n|cant|p2a: Snorlax|partiallytrapped\n|\n|upkeep\n|turn|41\n|\n|t:|1787513206\n|switch|p2a: Starmie|Starmie|100/100\n|move|p1a: Cloyster|Clamp|p2a: Starmie\n|-resisted|p2a: Starmie\n|-damage|p2a: Starmie|95/100\n|\n|upkeep\n|turn|42\n|\n|t:|1787513212\n|switch|p2a: Snorlax|Snorlax|83/100\n|switch|p1a: Chansey|Chansey|100/100 par\n|\n|upkeep\n|turn|43\n|\n|t:|1787513223\n|switch|p1a: Exeggutor|Exeggutor|100/100 par\n|move|p2a: Snorlax|Amnesia|p2a: Snorlax\n|-boost|p2a: Snorlax|spa|2\n|-boost|p2a: Snorlax|spd|2\n|\n|upkeep\n|turn|44\n|inactive|oligen1 has 270 seconds left.\n|inactive|oligen1 has 240 seconds left.\n|\n|t:|1787513284\n|move|p2a: Snorlax|Blizzard|p1a: Exeggutor\n|-supereffective|p1a: Exeggutor\n|-damage|p1a: Exeggutor|39/100 par\n|move|p1a: Exeggutor|Sleep Powder|p2a: Snorlax\n|-status|p2a: Snorlax|slp|[from] move: Sleep Powder\n|\n|upkeep\n|turn|45\n|\n|t:|1787513293\n|switch|p1a: Tauros|Tauros|41/100\n|cant|p2a: Snorlax|slp\n|\n|upkeep\n|turn|46\n|\n|t:|1787513298\n|move|p1a: Tauros|Body Slam|p2a: Snorlax\n|-damage|p2a: Snorlax|58/100 slp\n|cant|p2a: Snorlax|slp\n|\n|upkeep\n|turn|47\n|\n|t:|1787513303\n|switch|p2a: Jynx|Jynx|100/100 slp\n|move|p1a: Tauros|Body Slam|p2a: Jynx\n|-damage|p2a: Jynx|50/100 slp\n|\n|upkeep\n|turn|48\n|\n|t:|1787513308\n|move|p1a: Tauros|Body Slam|p2a: Jynx\n|-damage|p2a: Jynx|0 fnt\n|faint|p2a: Jynx\n|\n|t:|1787513313\n|switch|p2a: Exeggutor|Exeggutor|68/100\n|turn|49\n|inactive|oligen1 has 270 seconds left.\n|\n|t:|1787513331\n|switch|p1a: Chansey|Chansey|100/100 par\n|move|p2a: Exeggutor|Psychic|p1a: Chansey\n|-damage|p1a: Chansey|84/100 par\n|-unboost|p1a: Chansey|spa|1\n|-unboost|p1a: Chansey|spd|1\n|\n|upkeep\n|turn|50\n|inactive|oligen1 has 270 seconds left.\n|\n|t:|1787513339\n|switch|p1a: Alakazam|Alakazam|85/100 slp\n|move|p2a: Exeggutor|Psychic|p1a: Alakazam\n|-resisted|p1a: Alakazam\n|-damage|p1a: Alakazam|70/100 slp\n|\n|upkeep\n|turn|51\n|\n|t:|1787513346\n|switch|p1a: Chansey|Chansey|84/100 par\n|move|p2a: Exeggutor|Psychic|p1a: Chansey\n|-damage|p1a: Chansey|66/100 par\n|\n|upkeep\n|turn|52\n|\n|t:|1787513352\n|move|p2a: Exeggutor|Explosion|p1a: Chansey\n|-damage|p1a: Chansey|0 fnt\n|faint|p1a: Chansey\n|faint|p2a: Exeggutor\n|\n|t:|1787513369\n|switch|p2a: Chansey|Chansey|79/100\n|switch|p1a: Exeggutor|Exeggutor|39/100 par\n|turn|53\n|inactive|oligen1 has 270 seconds left.\n|inactive|oligen1 has 240 seconds left.\n|\n|t:|1787513426\n|switch|p1a: Cloyster|Cloyster|11/100\n|move|p2a: Chansey|Seismic Toss|p1a: Cloyster\n|-damage|p1a: Cloyster|0 fnt\n|faint|p1a: Cloyster\n|inactive|oligen1 has 210 seconds left.\n|\n|t:|1787513458\n|switch|p1a: Alakazam|Alakazam|70/100 slp\n|turn|54\n|\n|t:|1787513462\n|cant|p1a: Alakazam|slp\n|move|p2a: Chansey|Seismic Toss|p1a: Alakazam\n|-damage|p1a: Alakazam|39/100 slp\n|\n|upkeep\n|turn|55\n|\n|t:|1787513468\n|cant|p1a: Alakazam|slp\n|move|p2a: Chansey|Seismic Toss|p1a: Alakazam\n|-damage|p1a: Alakazam|7/100 slp\n|\n|upkeep\n|turn|56\n|\n|t:|1787513470\n|-curestatus|p1a: Alakazam|slp|[msg]\n|move|p2a: Chansey|Seismic Toss|p1a: Alakazam\n|-damage|p1a: Alakazam|0 fnt\n|faint|p1a: Alakazam\n|\n|t:|1787513477\n|switch|p1a: Exeggutor|Exeggutor|39/100 par\n|turn|57\n|\n|t:|1787513482\n|move|p2a: Chansey|Seismic Toss|p1a: Exeggutor\n|-damage|p1a: Exeggutor|13/100 par\n|move|p1a: Exeggutor|Stun Spore|p2a: Chansey\n|-status|p2a: Chansey|par\n|\n|upkeep\n|turn|58\n|inactive|oligen1 has 240 seconds left.\n|\n|t:|1787513506\n|move|p1a: Exeggutor|Explosion|p2a: Chansey\n|-damage|p2a: Chansey|0 fnt\n|faint|p2a: Chansey\n|faint|p1a: Exeggutor\n|\n|t:|1787513512\n|switch|p1a: Tauros|Tauros|41/100\n|switch|p2a: Starmie|Starmie|95/100\n|turn|59\n|inactive|oligen1 has 240 seconds left.\n|\n|t:|1787513520\n|move|p2a: Starmie|Thunder Wave|p1a: Tauros\n|-status|p1a: Tauros|par\n|cant|p1a: Tauros|par\n|\n|upkeep\n|turn|60\n|\n|t:|1787513525\n|move|p2a: Starmie|Psychic|p1a: Tauros\n|-damage|p1a: Tauros|3/100 par\n|cant|p1a: Tauros|par\n|\n|upkeep\n|turn|61\n|\n|t:|1787513530\n|move|p2a: Starmie|Psychic|p1a: Tauros\n|-damage|p1a: Tauros|0 fnt\n|faint|p1a: Tauros\n|\n|win|wooooo rby\n|c|☆wooooo rby|gg\n|c|☆oligen1|gg wp\n","uploadtime":1787513530,"views":"100","formatid":"gen1ou","rating":null,"private":0,"password":null}