{"id":"smogtours-gen1ou-953174","format":"[Gen 1] OU","players":["Soda Krys","Deezcastforms"],"log":"|inactive|Battle timer is ON: inactive players will automatically lose when time's up.\n|t:|1783211625\n|gametype|singles\n|player|p1|Soda Krys|266|\n|player|p2|Deezcastforms|#adpl8|\n|gen|1\n|tier|[Gen 1] OU\n|rule|Desync Clause Mod: Desyncs changed to move failure.\n|rule|HP Percentage Mod: HP is shown in percentages\n|rule|Endless Battle Clause: Forcing endless battles is banned\n|rule|Sleep Clause Mod: Limit one foe put to sleep\n|rule|Freeze Clause Mod: Limit one foe frozen\n|rule|Species Clause: Limit one of each Pokémon\n|rule|OHKO Clause: OHKO moves are banned\n|rule|Evasion Moves Clause: Evasion moves are banned\n|\n|t:|1783211625\n|teamsize|p1|6\n|teamsize|p2|6\n|start\n|switch|p1a: Alakazam|Alakazam|100/100\n|switch|p2a: Jynx|Jynx|100/100\n|turn|1\n|c|☆Soda Krys|hf\n|c|☆Deezcastforms|u2\n|inactive|Soda Krys has 270 seconds left.\n|\n|t:|1783211656\n|move|p1a: Alakazam|Thunder Wave|p2a: Jynx\n|-status|p2a: Jynx|par\n|cant|p2a: Jynx|par\n|\n|upkeep\n|turn|2\n|\n|t:|1783211662\n|move|p1a: Alakazam|Psychic|p2a: Jynx|[miss]\n|-miss|p1a: Alakazam\n|-hint|In Gen 1, moves with 100% accuracy can still miss 1/256 of the time.\n|move|p2a: Jynx|Lovely Kiss|p1a: Alakazam|[miss]\n|-miss|p2a: Jynx\n|\n|upkeep\n|turn|3\n|\n|t:|1783211666\n|move|p1a: Alakazam|Seismic Toss|p2a: Jynx\n|-damage|p2a: Jynx|70/100 par\n|move|p2a: Jynx|Lovely Kiss|p1a: Alakazam\n|-status|p1a: Alakazam|slp|[from] move: Lovely Kiss\n|\n|upkeep\n|turn|4\n|\n|t:|1783211671\n|switch|p1a: Jynx|Jynx|100/100\n|move|p2a: Jynx|Blizzard|p1a: Jynx\n|-crit|p1a: Jynx\n|-resisted|p1a: Jynx\n|-damage|p1a: Jynx|59/100\n|\n|upkeep\n|turn|5\n|\n|t:|1783211690\n|move|p1a: Jynx|Body Slam|p2a: Jynx\n|-damage|p2a: Jynx|48/100 par\n|cant|p2a: Jynx|par\n|\n|upkeep\n|turn|6\n|\n|t:|1783211703\n|move|p1a: Jynx|Body Slam|p2a: Jynx\n|-damage|p2a: Jynx|25/100 par\n|cant|p2a: Jynx|par\n|\n|upkeep\n|turn|7\n|\n|t:|1783211722\n|move|p1a: Jynx|Lovely Kiss|p2a: Jynx|[miss]\n|-miss|p1a: Jynx\n|move|p2a: Jynx|Rest|p2a: Jynx\n|-status|p2a: Jynx|slp|[from] move: Rest\n|-heal|p2a: Jynx|100/100 slp|[silent]\n|\n|upkeep\n|turn|8\n|\n|t:|1783211730\n|switch|p1a: Snorlax|Snorlax|100/100\n|cant|p2a: Jynx|slp\n|\n|upkeep\n|turn|9\n|\n|t:|1783211746\n|switch|p2a: Snorlax|Snorlax|100/100\n|move|p1a: Snorlax|Body Slam|p2a: Snorlax\n|-damage|p2a: Snorlax|72/100\n|\n|upkeep\n|turn|10\n|\n|t:|1783211753\n|move|p1a: Snorlax|Body Slam|p2a: Snorlax\n|-damage|p2a: Snorlax|44/100\n|move|p2a: Snorlax|Reflect|p2a: Snorlax\n|-start|p2a: Snorlax|Reflect\n|\n|upkeep\n|turn|11\n|\n|t:|1783211762\n|move|p2a: Snorlax|Rest|p2a: Snorlax\n|-status|p2a: Snorlax|slp|[from] move: Rest\n|-heal|p2a: Snorlax|100/100 slp|[silent]\n|move|p1a: Snorlax|Body Slam|p2a: Snorlax\n|-damage|p2a: Snorlax|86/100 slp\n|\n|upkeep\n|turn|12\n|\n|t:|1783211765\n|switch|p1a: Cloyster|Cloyster|100/100\n|cant|p2a: Snorlax|slp\n|\n|upkeep\n|turn|13\n|\n|t:|1783211773\n|move|p1a: Cloyster|Blizzard|p2a: Snorlax\n|-damage|p2a: Snorlax|57/100 slp\n|-curestatus|p2a: Snorlax|slp|[msg]\n|\n|upkeep\n|turn|14\n|\n|t:|1783211778\n|switch|p2a: Starmie|Starmie|100/100\n|move|p1a: Cloyster|Clamp|p2a: Starmie|[miss]\n|-miss|p1a: Cloyster\n|\n|upkeep\n|turn|15\n|\n|t:|1783211789\n|switch|p1a: Exeggutor|Exeggutor|100/100\n|move|p2a: Starmie|Thunder Wave|p1a: Exeggutor\n|-status|p1a: Exeggutor|par\n|\n|upkeep\n|turn|16\n|\n|t:|1783211796\n|switch|p2a: Jynx|Jynx|100/100 slp\n|move|p1a: Exeggutor|Sleep Powder|p2a: Jynx\n|-fail|p2a: Jynx|slp\n|\n|upkeep\n|turn|17\n|\n|t:|1783211800\n|-curestatus|p2a: Jynx|slp|[msg]\n|cant|p1a: Exeggutor|par\n|\n|upkeep\n|turn|18\n|\n|t:|1783211804\n|switch|p1a: Jynx|Jynx|59/100\n|move|p2a: Jynx|Blizzard|p1a: Jynx|[miss]\n|-miss|p2a: Jynx\n|\n|upkeep\n|turn|19\n|\n|t:|1783211812\n|move|p1a: Jynx|Lovely Kiss|p2a: Jynx\n|-status|p2a: Jynx|slp|[from] move: Lovely Kiss\n|-curestatus|p2a: Jynx|slp|[msg]\n|\n|upkeep\n|turn|20\n|\n|t:|1783211816\n|move|p2a: Jynx|Blizzard|p1a: Jynx\n|-resisted|p1a: Jynx\n|-damage|p1a: Jynx|38/100\n|move|p1a: Jynx|Lovely Kiss|p2a: Jynx\n|-status|p2a: Jynx|slp|[from] move: Lovely Kiss\n|\n|upkeep\n|turn|21\n|\n|t:|1783211836\n|switch|p2a: Chansey|Chansey|100/100\n|move|p1a: Jynx|Body Slam|p2a: Chansey\n|-damage|p2a: Chansey|84/100\n|\n|upkeep\n|turn|22\n|\n|t:|1783211850\n|move|p1a: Jynx|Blizzard|p2a: Chansey\n|-damage|p2a: Chansey|65/100\n|move|p2a: Chansey|Thunderbolt|p1a: Jynx\n|-damage|p1a: Jynx|14/100\n|\n|upkeep\n|turn|23\n|\n|t:|1783211853\n|move|p1a: Jynx|Rest|p1a: Jynx\n|-status|p1a: Jynx|slp|[from] move: Rest\n|-heal|p1a: Jynx|100/100 slp|[silent]\n|move|p2a: Chansey|Soft-Boiled|p2a: Chansey\n|-heal|p2a: Chansey|100/100\n|\n|upkeep\n|turn|24\n|\n|t:|1783211858\n|switch|p2a: Tauros|Tauros|100/100\n|cant|p1a: Jynx|slp\n|\n|upkeep\n|turn|25\n|\n|t:|1783211861\n|switch|p1a: Snorlax|Snorlax|100/100\n|move|p2a: Tauros|Body Slam|p1a: Snorlax\n|-damage|p1a: Snorlax|77/100\n|\n|upkeep\n|turn|26\n|\n|t:|1783211871\n|switch|p2a: Rhydon|Rhydon|100/100\n|move|p1a: Snorlax|Body Slam|p2a: Rhydon\n|-resisted|p2a: Rhydon\n|-damage|p2a: Rhydon|90/100\n|\n|upkeep\n|turn|27\n|\n|t:|1783211893\n|switch|p2a: Chansey|Chansey|100/100\n|move|p1a: Snorlax|Body Slam|p2a: Chansey\n|-damage|p2a: Chansey|58/100\n|\n|upkeep\n|turn|28\n|\n|t:|1783211899\n|move|p2a: Chansey|Soft-Boiled|p2a: Chansey\n|-heal|p2a: Chansey|100/100\n|move|p1a: Snorlax|Body Slam|p2a: Chansey\n|-damage|p2a: Chansey|57/100\n|\n|upkeep\n|turn|29\n|\n|t:|1783211904\n|move|p2a: Chansey|Soft-Boiled|p2a: Chansey\n|-heal|p2a: Chansey|100/100\n|move|p1a: Snorlax|Body Slam|p2a: Chansey\n|-damage|p2a: Chansey|57/100\n|\n|upkeep\n|turn|30\n|\n|t:|1783211906\n|move|p2a: Chansey|Soft-Boiled|p2a: Chansey\n|-heal|p2a: Chansey|100/100\n|move|p1a: Snorlax|Body Slam|p2a: Chansey\n|-damage|p2a: Chansey|60/100\n|\n|upkeep\n|turn|31\n|\n|t:|1783211912\n|switch|p2a: Rhydon|Rhydon|90/100\n|move|p1a: Snorlax|Body Slam|p2a: Rhydon\n|-resisted|p2a: Rhydon\n|-damage|p2a: Rhydon|78/100\n|\n|upkeep\n|turn|32\n|\n|t:|1783211915\n|move|p2a: Rhydon|Earthquake|p1a: Snorlax\n|-damage|p1a: Snorlax|42/100\n|move|p1a: Snorlax|Body Slam|p2a: Rhydon\n|-resisted|p2a: Rhydon\n|-damage|p2a: Rhydon|67/100\n|\n|upkeep\n|turn|33\n|\n|t:|1783211927\n|switch|p1a: Cloyster|Cloyster|100/100\n|move|p2a: Rhydon|Earthquake|p1a: Cloyster\n|-damage|p1a: Cloyster|70/100\n|\n|upkeep\n|turn|34\n|\n|t:|1783211931\n|switch|p2a: Starmie|Starmie|100/100\n|move|p1a: Cloyster|Blizzard|p2a: Starmie\n|-resisted|p2a: Starmie\n|-damage|p2a: Starmie|81/100\n|\n|upkeep\n|turn|35\n|\n|t:|1783211943\n|switch|p2a: Chansey|Chansey|60/100\n|switch|p1a: Exeggutor|Exeggutor|100/100 par\n|\n|upkeep\n|turn|36\n|\n|t:|1783211948\n|move|p2a: Chansey|Soft-Boiled|p2a: Chansey\n|-heal|p2a: Chansey|100/100\n|move|p1a: Exeggutor|Stun Spore|p2a: Chansey\n|-status|p2a: Chansey|par\n|\n|upkeep\n|turn|37\n|\n|t:|1783211953\n|move|p1a: Exeggutor|Psychic|p2a: Chansey\n|-crit|p2a: Chansey\n|-damage|p2a: Chansey|69/100 par\n|cant|p2a: Chansey|par\n|\n|upkeep\n|turn|38\n|\n|t:|1783211958\n|switch|p1a: Snorlax|Snorlax|42/100\n|move|p2a: Chansey|Soft-Boiled|p2a: Chansey\n|-heal|p2a: Chansey|100/100 par\n|\n|upkeep\n|turn|39\n|\n|t:|1783211961\n|switch|p2a: Rhydon|Rhydon|67/100\n|move|p1a: Snorlax|Body Slam|p2a: Rhydon\n|-resisted|p2a: Rhydon\n|-damage|p2a: Rhydon|55/100\n|-status|p2a: Rhydon|par\n|\n|upkeep\n|turn|40\n|\n|t:|1783211968\n|switch|p1a: Exeggutor|Exeggutor|100/100 par\n|move|p2a: Rhydon|Body Slam|p1a: Exeggutor\n|-damage|p1a: Exeggutor|78/100 par\n|\n|upkeep\n|turn|41\n|\n|t:|1783211975\n|switch|p1a: Snorlax|Snorlax|42/100\n|switch|p2a: Chansey|Chansey|100/100 par\n|\n|upkeep\n|turn|42\n|\n|t:|1783211978\n|switch|p2a: Rhydon|Rhydon|55/100 par\n|move|p1a: Snorlax|Earthquake|p2a: Rhydon\n|-supereffective|p2a: Rhydon\n|-damage|p2a: Rhydon|21/100 par\n|\n|upkeep\n|turn|43\n|\n|t:|1783211988\n|move|p1a: Snorlax|Earthquake|p2a: Rhydon\n|-supereffective|p2a: Rhydon\n|-damage|p2a: Rhydon|0 fnt\n|faint|p2a: Rhydon\n|\n|t:|1783212009\n|switch|p2a: Snorlax|Snorlax|57/100\n|turn|44\n|\n|t:|1783212012\n|move|p2a: Snorlax|Hyper Beam|p1a: Snorlax\n|-damage|p1a: Snorlax|0 fnt\n|faint|p1a: Snorlax\n|\n|t:|1783212014\n|switch|p1a: Cloyster|Cloyster|70/100\n|turn|45\n|\n|t:|1783212041\n|switch|p2a: Chansey|Chansey|100/100 par\n|move|p1a: Cloyster|Blizzard|p2a: Chansey\n|-damage|p2a: Chansey|82/100 par\n|\n|upkeep\n|turn|46\n|\n|t:|1783212054\n|move|p1a: Cloyster|Clamp|p2a: Chansey\n|-damage|p2a: Chansey|77/100 par\n|cant|p2a: Chansey|partiallytrapped\n|\n|upkeep\n|turn|47\n|\n|t:|1783212067\n|switch|p2a: Starmie|Starmie|81/100\n|move|p1a: Cloyster|Clamp|p2a: Starmie\n|-resisted|p2a: Starmie\n|-damage|p2a: Starmie|75/100\n|\n|upkeep\n|turn|48\n|\n|t:|1783212076\n|switch|p2a: Snorlax|Snorlax|57/100\n|move|p1a: Cloyster|Clamp|p2a: Snorlax\n|-damage|p2a: Snorlax|48/100\n|\n|upkeep\n|turn|49\n|\n|t:|1783212084\n|switch|p2a: Starmie|Starmie|75/100\n|move|p1a: Cloyster|Clamp|p2a: Starmie\n|-resisted|p2a: Starmie\n|-damage|p2a: Starmie|69/100\n|\n|upkeep\n|turn|50\n|c|+TG2513|go my fellow 40er\n|inactive|Soda Krys has 270 seconds left.\n|\n|t:|1783212116\n|move|p1a: Cloyster|Clamp|p2a: Starmie|[from] Clamp\n|-damage|p2a: Starmie|63/100\n|\n|upkeep\n|turn|51\n|c|+Melbelle|i am 40 years old\n|\n|t:|1783212126\n|switch|p1a: Jynx|Jynx|100/100 slp\n|\n|upkeep\n|turn|52\n|\n|t:|1783212135\n|switch|p2a: Snorlax|Snorlax|48/100\n|-curestatus|p1a: Jynx|slp|[msg]\n|\n|upkeep\n|turn|53\n|\n|t:|1783212158\n|move|p1a: Jynx|Blizzard|p2a: Snorlax\n|-damage|p2a: Snorlax|13/100\n|move|p2a: Snorlax|Hyper Beam|p1a: Jynx\n|-damage|p1a: Jynx|5/100\n|-mustrecharge|p2a: Snorlax\n|\n|upkeep\n|turn|54\n|c|☆Soda Krys|bo67 when\n|c|+Melbelle|rn\n|\n|t:|1783212180\n|move|p1a: Jynx|Blizzard|p2a: Snorlax\n|-damage|p2a: Snorlax|0 fnt\n|faint|p2a: Snorlax\n|\n|t:|1783212183\n|switch|p2a: Tauros|Tauros|100/100\n|turn|55\n|\n|t:|1783212194\n|move|p2a: Tauros|Body Slam|p1a: Jynx\n|-damage|p1a: Jynx|0 fnt\n|faint|p1a: Jynx\n|\n|t:|1783212196\n|switch|p1a: Cloyster|Cloyster|70/100\n|turn|56\n|inactive|Deezcastforms has 270 seconds left.\n|inactive|Deezcastforms has 240 seconds left.\n|\n|t:|1783212256\n|switch|p2a: Jynx|Jynx|100/100 slp\n|move|p1a: Cloyster|Blizzard|p2a: Jynx|[miss]\n|-miss|p1a: Cloyster\n|\n|upkeep\n|turn|57\n|inactive|Deezcastforms has 240 seconds left.\n|\n|t:|1783212268\n|switch|p2a: Chansey|Chansey|77/100 par\n|move|p1a: Cloyster|Blizzard|p2a: Chansey\n|-crit|p2a: Chansey\n|-damage|p2a: Chansey|41/100 par\n|\n|upkeep\n|turn|58\n|inactive|Deezcastforms has 240 seconds left.\n|\n|t:|1783212283\n|move|p1a: Cloyster|Clamp|p2a: Chansey\n|-damage|p2a: Chansey|36/100 par\n|cant|p2a: Chansey|partiallytrapped\n|\n|upkeep\n|turn|59\n|\n|t:|1783212289\n|switch|p2a: Starmie|Starmie|63/100\n|move|p1a: Cloyster|Clamp|p2a: Starmie\n|-resisted|p2a: Starmie\n|-damage|p2a: Starmie|57/100\n|\n|upkeep\n|turn|60\n|\n|t:|1783212293\n|switch|p1a: Exeggutor|Exeggutor|78/100 par\n|\n|upkeep\n|turn|61\n|\n|t:|1783212305\n|switch|p2a: Jynx|Jynx|100/100 slp\n|cant|p1a: Exeggutor|par\n|\n|upkeep\n|turn|62\n|\n|t:|1783212311\n|switch|p1a: Tauros|Tauros|100/100\n|-hint|In Gen 1, if a Pokémon spends a turn partially trapped and switches to a Pokémon that is asleep, the sleep counter will not decrease until you select a move with a different Pokémon.\n|\n|upkeep\n|turn|63\n|\n|t:|1783212333\n|move|p1a: Tauros|Body Slam|p2a: Jynx\n|-crit|p2a: Jynx\n|-damage|p2a: Jynx|0 fnt\n|faint|p2a: Jynx\n|\n|t:|1783212340\n|switch|p2a: Tauros|Tauros|100/100\n|turn|64\n|\n|t:|1783212342\n|move|p2a: Tauros|Body Slam|p1a: Tauros\n|-damage|p1a: Tauros|71/100\n|move|p1a: Tauros|Body Slam|p2a: Tauros\n|-damage|p2a: Tauros|72/100\n|\n|upkeep\n|turn|65\n|\n|t:|1783212344\n|move|p2a: Tauros|Body Slam|p1a: Tauros\n|-damage|p1a: Tauros|40/100\n|move|p1a: Tauros|Body Slam|p2a: Tauros\n|-damage|p2a: Tauros|45/100\n|\n|upkeep\n|turn|66\n|inactive|Deezcastforms has 270 seconds left.\n|\n|t:|1783212362\n|move|p2a: Tauros|Hyper Beam|p1a: Tauros\n|-damage|p1a: Tauros|0 fnt\n|faint|p1a: Tauros\n|\n|t:|1783212367\n|switch|p1a: Cloyster|Cloyster|70/100\n|turn|67\n|\n|t:|1783212372\n|switch|p2a: Starmie|Starmie|57/100\n|move|p1a: Cloyster|Blizzard|p2a: Starmie\n|-crit|p2a: Starmie\n|-resisted|p2a: Starmie\n|-damage|p2a: Starmie|18/100\n|\n|upkeep\n|turn|68\n|\n|t:|1783212379\n|move|p2a: Starmie|Recover|p2a: Starmie\n|-heal|p2a: Starmie|67/100\n|move|p1a: Cloyster|Blizzard|p2a: Starmie|[miss]\n|-miss|p1a: Cloyster\n|\n|upkeep\n|turn|69\n|inactive|Deezcastforms has 270 seconds left.\n|\n|t:|1783212409\n|switch|p1a: Alakazam|Alakazam|100/100 slp\n|move|p2a: Starmie|Recover|p2a: Starmie\n|-heal|p2a: Starmie|100/100\n|\n|upkeep\n|turn|70\n|inactive|Deezcastforms has 240 seconds left.\n|inactive|Deezcastforms has 210 seconds left.\n|\n|t:|1783212477\n|switch|p1a: Exeggutor|Exeggutor|78/100 par\n|switch|p2a: Chansey|Chansey|36/100 par\n|\n|upkeep\n|turn|71\n|\n|t:|1783212489\n|move|p1a: Exeggutor|Psychic|p2a: Chansey\n|-damage|p2a: Chansey|19/100 par\n|-unboost|p2a: Chansey|spa|1\n|-unboost|p2a: Chansey|spd|1\n|move|p2a: Chansey|Soft-Boiled|p2a: Chansey\n|-heal|p2a: Chansey|69/100 par\n|\n|upkeep\n|turn|72\n|\n|t:|1783212498\n|move|p1a: Exeggutor|Stun Spore|p2a: Chansey\n|-fail|p2a: Chansey|par\n|move|p2a: Chansey|Soft-Boiled|p2a: Chansey\n|-heal|p2a: Chansey|100/100 par\n|\n|upkeep\n|turn|73\n|\n|t:|1783212505\n|cant|p1a: Exeggutor|par\n|move|p2a: Chansey|Ice Beam|p1a: Exeggutor\n|-supereffective|p1a: Exeggutor\n|-damage|p1a: Exeggutor|56/100 par\n|\n|upkeep\n|turn|74\n|\n|t:|1783212512\n|switch|p1a: Cloyster|Cloyster|70/100\n|move|p2a: Chansey|Ice Beam|p1a: Cloyster\n|-crit|p1a: Cloyster\n|-resisted|p1a: Cloyster\n|-damage|p1a: Cloyster|57/100\n|\n|upkeep\n|turn|75\n|\n|t:|1783212521\n|switch|p2a: Starmie|Starmie|100/100\n|move|p1a: Cloyster|Blizzard|p2a: Starmie\n|-resisted|p2a: Starmie\n|-damage|p2a: Starmie|82/100\n|\n|upkeep\n|turn|76\n|inactive|Deezcastforms has 240 seconds left.\n|\n|t:|1783212539\n|move|p2a: Starmie|Recover|p2a: Starmie\n|-heal|p2a: Starmie|100/100\n|move|p1a: Cloyster|Explosion|p2a: Starmie\n|-damage|p2a: Starmie|11/100\n|faint|p1a: Cloyster\n|\n|t:|1783212545\n|switch|p1a: Exeggutor|Exeggutor|56/100 par\n|turn|77\n|inactive|Deezcastforms has 240 seconds left.\n|\n|t:|1783212572\n|switch|p2a: Chansey|Chansey|100/100 par\n|move|p1a: Exeggutor|Stun Spore|p2a: Chansey\n|-fail|p2a: Chansey|par\n|\n|upkeep\n|turn|78\n|inactive|Deezcastforms has 210 seconds left.\n|\n|t:|1783212609\n|switch|p1a: Alakazam|Alakazam|100/100 slp\n|cant|p2a: Chansey|par\n|\n|upkeep\n|turn|79\n|\n|t:|1783212612\n|switch|p2a: Tauros|Tauros|45/100\n|cant|p1a: Alakazam|slp\n|\n|upkeep\n|turn|80\n|\n|t:|1783212615\n|cant|p1a: Alakazam|slp\n|move|p2a: Tauros|Body Slam|p1a: Alakazam\n|-damage|p1a: Alakazam|48/100 slp\n|\n|upkeep\n|turn|81\n|\n|t:|1783212620\n|cant|p1a: Alakazam|slp\n|move|p2a: Tauros|Body Slam|p1a: Alakazam\n|-damage|p1a: Alakazam|0 fnt\n|faint|p1a: Alakazam\n|c|☆Soda Krys|gg\n|c|☆Deezcastforms|gg\n|-message|Soda Krys forfeited.\n|\n|win|Deezcastforms\n","uploadtime":1783212626,"views":"70","formatid":"gen1ou","rating":null,"private":0,"password":null}