{"id":"smogtours-gen1ou-814683","format":"[Gen 1] OU","players":["genesis7","Kaz"],"log":"|inactive|Battle timer is ON: inactive players will automatically lose when time's up.\n|t:|1737230205\n|gametype|singles\n|player|p1|genesis7|#ssdleviathans|\n|player|p2|Kaz|#splxviclassiest2|\n|teamsize|p1|6\n|teamsize|p2|6\n|gen|1\n|tier|[Gen 1] OU\n|rule|Desync Clause Mod: Desyncs changed to move failure.\n|rule|Sleep Clause Mod: Limit one foe put to sleep\n|rule|Freeze Clause Mod: Limit one foe frozen\n|rule|Species Clause: Limit one of each Pokémon\n|rule|OHKO Clause: OHKO moves are banned\n|rule|Evasion Moves Clause: Evasion moves are banned\n|rule|Endless Battle Clause: Forcing endless battles is banned\n|rule|HP Percentage Mod: HP is shown in percentages\n|\n|t:|1737230205\n|start\n|switch|p1a: Starmie|Starmie|100/100\n|switch|p2a: Gengar|Gengar|100/100\n|turn|1\n|c|☆genesis7|glhf\n|rated|Smogon Premier League\n|c|+hyogafodex|hi\n|inactive|genesis7 has 270 seconds left.\n|inactive|Kaz has 270 seconds left.\n|c|☆Kaz|glhf\n|raw|<div class=\"broadcast-red\"><strong>Moderated chat was set to ☆!</strong><br />Only users of rank ☆ and higher can talk.</div>\n|inactive|genesis7 has 240 seconds left.\n|inactive|Kaz has 240 seconds left.\n|\n|t:|1737230282\n|move|p1a: Starmie|Ice Beam|p2a: Gengar\n|-damage|p2a: Gengar|81/100\n|move|p2a: Gengar|Thunderbolt|p1a: Starmie\n|-crit|p1a: Starmie\n|-supereffective|p1a: Starmie\n|-damage|p1a: Starmie|0 fnt\n|faint|p1a: Starmie\n|\n|t:|1737230306\n|switch|p1a: Tauros|Tauros|100/100\n|turn|2\n|inactive|Kaz has 270 seconds left.\n|\n|t:|1737230350\n|switch|p2a: Exeggutor|Exeggutor|100/100\n|move|p1a: Tauros|Earthquake|p2a: Exeggutor\n|-resisted|p2a: Exeggutor\n|-damage|p2a: Exeggutor|90/100\n|\n|upkeep\n|turn|3\n|inactive|genesis7 has 270 seconds left.\n|inactive|genesis7 has 240 seconds left.\n|\n|t:|1737230426\n|switch|p1a: Exeggutor|Exeggutor|100/100\n|move|p2a: Exeggutor|Sleep Powder|p1a: Exeggutor\n|-status|p1a: Exeggutor|slp|[from] move: Sleep Powder\n|\n|upkeep\n|turn|4\n|\n|t:|1737230439\n|switch|p2a: Tauros|Tauros|100/100\n|cant|p1a: Exeggutor|slp\n|\n|upkeep\n|turn|5\n|\n|t:|1737230448\n|move|p2a: Tauros|Body Slam|p1a: Exeggutor\n|-crit|p1a: Exeggutor\n|-damage|p1a: Exeggutor|48/100 slp\n|cant|p1a: Exeggutor|slp\n|\n|upkeep\n|turn|6\n|\n|t:|1737230452\n|switch|p1a: Snorlax|Snorlax|100/100\n|move|p2a: Tauros|Body Slam|p1a: Snorlax\n|-damage|p1a: Snorlax|76/100\n|\n|upkeep\n|turn|7\n|\n|t:|1737230461\n|switch|p2a: Gengar|Gengar|81/100\n|move|p1a: Snorlax|Body Slam|p2a: Gengar\n|-immune|p2a: Gengar\n|\n|upkeep\n|turn|8\n|inactive|Kaz has 270 seconds left.\n|inactive|Kaz has 240 seconds left.\n|\n|t:|1737230514\n|move|p2a: Gengar|Thunderbolt|p1a: Snorlax\n|-crit|p1a: Snorlax\n|-damage|p1a: Snorlax|30/100\n|move|p1a: Snorlax|Earthquake|p2a: Gengar\n|-supereffective|p2a: Gengar\n|-damage|p2a: Gengar|11/100\n|\n|upkeep\n|turn|9\n|inactive|Kaz has 240 seconds left.\n|inactive|Kaz has 210 seconds left.\n|\n|t:|1737230577\n|switch|p2a: Exeggutor|Exeggutor|90/100\n|move|p1a: Snorlax|Rest|p1a: Snorlax\n|-status|p1a: Snorlax|slp|[from] move: Rest\n|-heal|p1a: Snorlax|100/100 slp|[silent]\n|\n|upkeep\n|turn|10\n|inactive|genesis7 has 240 seconds left.\n|\n|t:|1737230598\n|switch|p1a: Exeggutor|Exeggutor|48/100 slp\n|move|p2a: Exeggutor|Psychic|p1a: Exeggutor\n|-resisted|p1a: Exeggutor\n|-damage|p1a: Exeggutor|34/100 slp\n|-unboost|p1a: Exeggutor|spa|1\n|-unboost|p1a: Exeggutor|spd|1\n|\n|upkeep\n|turn|11\n|inactive|Kaz has 180 seconds left.\n|\n|t:|1737230635\n|switch|p1a: Chansey|Chansey|100/100\n|move|p2a: Exeggutor|Psychic|p1a: Chansey\n|-damage|p1a: Chansey|83/100\n|-unboost|p1a: Chansey|spa|1\n|-unboost|p1a: Chansey|spd|1\n|\n|upkeep\n|turn|12\n|inactive|Kaz has 180 seconds left.\n|inactive|genesis7 has 240 seconds left.\n|inactive|Kaz has 150 seconds left.\n|inactive|Kaz has 120 seconds left.\n|\n|t:|1737230710\n|switch|p2a: Chansey|Chansey|100/100\n|move|p1a: Chansey|Thunder Wave|p2a: Chansey\n|-status|p2a: Chansey|par\n|\n|upkeep\n|turn|13\n|inactive|Kaz has 120 seconds left.\n|\n|t:|1737230716\n|switch|p1a: Snorlax|Snorlax|100/100 slp\n|cant|p2a: Chansey|par\n|\n|upkeep\n|turn|14\n|inactive|Kaz has 120 seconds left.\n|inactive|Kaz has 90 seconds left.\n|\n|t:|1737230774\n|switch|p2a: Tauros|Tauros|100/100\n|cant|p1a: Snorlax|slp\n|\n|upkeep\n|turn|15\n|\n|t:|1737230778\n|move|p2a: Tauros|Body Slam|p1a: Snorlax\n|-damage|p1a: Snorlax|77/100 slp\n|-curestatus|p1a: Snorlax|slp|[msg]\n|\n|upkeep\n|turn|16\n|inactive|Kaz has 90 seconds left.\n|\n|t:|1737230788\n|move|p2a: Tauros|Body Slam|p1a: Snorlax\n|-crit|p1a: Snorlax\n|-damage|p1a: Snorlax|32/100\n|move|p1a: Snorlax|Body Slam|p2a: Tauros\n|-damage|p2a: Tauros|68/100\n|\n|upkeep\n|turn|17\n|inactive|Kaz has 90 seconds left.\n|inactive|genesis7 has 240 seconds left.\n|\n|t:|1737230821\n|move|p2a: Tauros|Body Slam|p1a: Snorlax\n|-damage|p1a: Snorlax|5/100\n|move|p1a: Snorlax|Body Slam|p2a: Tauros\n|-damage|p2a: Tauros|35/100\n|\n|upkeep\n|turn|18\n|inactive|genesis7 has 240 seconds left.\n|\n|t:|1737230828\n|move|p2a: Tauros|Body Slam|p1a: Snorlax\n|-damage|p1a: Snorlax|0 fnt\n|faint|p1a: Snorlax\n|inactive|genesis7 has 240 seconds left.\n|\n|t:|1737230833\n|switch|p1a: Tauros|Tauros|100/100\n|turn|19\n|inactive|Kaz has 90 seconds left.\n|inactive|genesis7 has 240 seconds left.\n|\n|t:|1737230871\n|move|p1a: Tauros|Body Slam|p2a: Tauros\n|-damage|p2a: Tauros|7/100\n|move|p2a: Tauros|Hyper Beam|p1a: Tauros\n|-damage|p1a: Tauros|51/100\n|-mustrecharge|p2a: Tauros\n|\n|upkeep\n|turn|20\n|inactive|genesis7 has 240 seconds left.\n|\n|t:|1737230884\n|cant|p2a: Tauros|recharge\n|move|p1a: Tauros|Earthquake|p2a: Tauros\n|-damage|p2a: Tauros|0 fnt\n|faint|p2a: Tauros\n|inactive|Kaz has 60 seconds left.\n|\n|t:|1737230939\n|switch|p2a: Snorlax|Snorlax|100/100\n|turn|21\n|inactive|genesis7 has 240 seconds left.\n|inactive|genesis7 has 210 seconds left.\n|inactive|genesis7 has 180 seconds left.\n|inactive|genesis7 has 150 seconds left.\n|\n|t:|1737231046\n|move|p1a: Tauros|Body Slam|p2a: Snorlax\n|-crit|p2a: Snorlax\n|-damage|p2a: Snorlax|56/100\n|move|p2a: Snorlax|Hyper Beam|p1a: Tauros\n|-damage|p1a: Tauros|0 fnt\n|faint|p1a: Tauros\n|\n|t:|1737231060\n|switch|p1a: Chansey|Chansey|83/100\n|turn|22\n|inactive|genesis7 has 120 seconds left.\n|inactive|Kaz has 30 seconds left.\n|\n|t:|1737231099\n|switch|p2a: Chansey|Chansey|100/100 par\n|move|p1a: Chansey|Ice Beam|p2a: Chansey\n|-damage|p2a: Chansey|89/100 par\n|\n|upkeep\n|turn|23\n|inactive|genesis7 has 120 seconds left.\n|\n|t:|1737231112\n|move|p1a: Chansey|Ice Beam|p2a: Chansey\n|-damage|p2a: Chansey|78/100 par\n|cant|p2a: Chansey|par\n|\n|upkeep\n|turn|24\n|inactive|genesis7 has 120 seconds left.\n|\n|t:|1737231120\n|move|p1a: Chansey|Ice Beam|p2a: Chansey\n|-damage|p2a: Chansey|68/100 par\n|move|p2a: Chansey|Soft-Boiled|p2a: Chansey\n|-heal|p2a: Chansey|100/100 par\n|\n|upkeep\n|turn|25\n|\n|t:|1737231126\n|move|p1a: Chansey|Ice Beam|p2a: Chansey\n|-damage|p2a: Chansey|89/100 par\n|move|p2a: Chansey|Ice Beam|p1a: Chansey\n|-damage|p1a: Chansey|72/100\n|\n|upkeep\n|turn|26\n|\n|t:|1737231130\n|move|p1a: Chansey|Soft-Boiled|p1a: Chansey\n|-heal|p1a: Chansey|100/100\n|move|p2a: Chansey|Ice Beam|p1a: Chansey\n|-damage|p1a: Chansey|89/100\n|\n|upkeep\n|turn|27\n|\n|t:|1737231134\n|move|p1a: Chansey|Ice Beam|p2a: Chansey\n|-damage|p2a: Chansey|79/100 par\n|cant|p2a: Chansey|par\n|\n|upkeep\n|turn|28\n|inactive|genesis7 has 150 seconds left.\n|\n|t:|1737231140\n|move|p1a: Chansey|Ice Beam|p2a: Chansey\n|-damage|p2a: Chansey|69/100 par\n|move|p2a: Chansey|Ice Beam|p1a: Chansey\n|-damage|p1a: Chansey|78/100\n|\n|upkeep\n|turn|29\n|\n|t:|1737231145\n|switch|p1a: Zapdos|Zapdos|100/100\n|cant|p2a: Chansey|par\n|\n|upkeep\n|turn|30\n|inactive|Kaz has 90 seconds left.\n|\n|t:|1737231173\n|switch|p2a: Zapdos|Zapdos|100/100\n|move|p1a: Zapdos|Drill Peck|p2a: Zapdos\n|-resisted|p2a: Zapdos\n|-damage|p2a: Zapdos|88/100\n|\n|upkeep\n|turn|31\n|\n|t:|1737231184\n|move|p1a: Zapdos|Thunderbolt|p2a: Zapdos\n|-damage|p2a: Zapdos|58/100\n|move|p2a: Zapdos|Thunderbolt|p1a: Zapdos\n|-crit|p1a: Zapdos\n|-damage|p1a: Zapdos|40/100\n|\n|upkeep\n|turn|32\n|inactive|Kaz has 90 seconds left.\n|\n|t:|1737231197\n|move|p1a: Zapdos|Thunder Wave|p2a: Zapdos\n|-status|p2a: Zapdos|par\n|move|p2a: Zapdos|Thunderbolt|p1a: Zapdos\n|-damage|p1a: Zapdos|11/100\n|\n|upkeep\n|turn|33\n|\n|t:|1737231208\n|move|p1a: Zapdos|Thunderbolt|p2a: Zapdos\n|-crit|p2a: Zapdos\n|-damage|p2a: Zapdos|5/100 par\n|move|p2a: Zapdos|Drill Peck|p1a: Zapdos\n|-resisted|p1a: Zapdos\n|-damage|p1a: Zapdos|0 fnt\n|faint|p1a: Zapdos\n|\n|t:|1737231213\n|switch|p1a: Chansey|Chansey|78/100\n|turn|34\n|inactive|genesis7 has 180 seconds left.\n|\n|t:|1737231219\n|move|p1a: Chansey|Thunderbolt|p2a: Zapdos\n|-damage|p2a: Zapdos|0 fnt\n|faint|p2a: Zapdos\n|\n|t:|1737231221\n|switch|p2a: Chansey|Chansey|69/100 par\n|turn|35\n|\n|t:|1737231230\n|move|p1a: Chansey|Thunderbolt|p2a: Chansey\n|-damage|p2a: Chansey|59/100 par\n|move|p2a: Chansey|Soft-Boiled|p2a: Chansey\n|-heal|p2a: Chansey|100/100 par\n|\n|upkeep\n|turn|36\n|\n|t:|1737231240\n|move|p1a: Chansey|Thunderbolt|p2a: Chansey\n|-damage|p2a: Chansey|89/100 par\n|move|p2a: Chansey|Ice Beam|p1a: Chansey\n|-damage|p1a: Chansey|68/100\n|-status|p1a: Chansey|frz\n|\n|upkeep\n|turn|37\n|\n|t:|1737231249\n|switch|p2a: Gengar|Gengar|11/100\n|cant|p1a: Chansey|frz\n|\n|upkeep\n|turn|38\n|c|☆genesis7|gg\n|\n|t:|1737231256\n|move|p2a: Gengar|Thunderbolt|p1a: Chansey\n|-crit|p1a: Chansey\n|-damage|p1a: Chansey|42/100 frz\n|cant|p1a: Chansey|frz\n|\n|upkeep\n|turn|39\n|\n|t:|1737231260\n|move|p2a: Gengar|Thunderbolt|p1a: Chansey\n|-crit|p1a: Chansey\n|-damage|p1a: Chansey|18/100 frz\n|cant|p1a: Chansey|frz\n|\n|upkeep\n|turn|40\n|\n|t:|1737231262\n|move|p2a: Gengar|Thunderbolt|p1a: Chansey\n|-damage|p1a: Chansey|6/100 frz\n|cant|p1a: Chansey|frz\n|\n|upkeep\n|turn|41\n|\n|t:|1737231264\n|move|p2a: Gengar|Thunderbolt|p1a: Chansey\n|-damage|p1a: Chansey|0 fnt\n|faint|p1a: Chansey\n|\n|t:|1737231266\n|switch|p1a: Exeggutor|Exeggutor|34/100 slp\n|turn|42\n|\n|t:|1737231268\n|move|p2a: Gengar|Night Shade|p1a: Exeggutor\n|-damage|p1a: Exeggutor|9/100 slp\n|-curestatus|p1a: Exeggutor|slp|[msg]\n|\n|upkeep\n|turn|43\n|\n|t:|1737231270\n|move|p2a: Gengar|Night Shade|p1a: Exeggutor\n|-damage|p1a: Exeggutor|0 fnt\n|faint|p1a: Exeggutor\n|\n|win|Kaz\n|c|☆Kaz|GG\n","uploadtime":1737231019,"views":"2551","formatid":"gen1ou","rating":null,"private":0,"password":null}