{"id":"smogtours-gen1ou-816163","format":"[Gen 1] OU","players":["Kaz","Sceptross"],"log":"|inactive|Battle timer is ON: inactive players will automatically lose when time's up.\n|t:|1737904260\n|gametype|singles\n|player|p1|Kaz|#splxviclassiest2|\n|player|p2|Sceptross|#splxvicryonicles|\n|teamsize|p1|6\n|teamsize|p2|6\n|gen|1\n|tier|[Gen 1] OU\n|rule|Desync Clause Mod: Desyncs changed to move failure.\n|rule|Sleep Clause Mod: Limit one foe put to sleep\n|rule|Freeze Clause Mod: Limit one foe frozen\n|rule|Species Clause: Limit one of each Pokémon\n|rule|OHKO Clause: OHKO moves are banned\n|rule|Evasion Moves Clause: Evasion moves are banned\n|rule|Endless Battle Clause: Forcing endless battles is banned\n|rule|HP Percentage Mod: HP is shown in percentages\n|\n|t:|1737904260\n|start\n|switch|p1a: Starmie|Starmie|100/100\n|switch|p2a: Gengar|Gengar|100/100\n|turn|1\n|c|☆Sceptross|gl hf\n|c|☆Kaz|glhf\n|raw|<div class=\"broadcast-red\"><strong>Moderated chat was set to ☆!</strong><br />Only users of rank ☆ and higher can talk.</div>\n|rated|Smogon Premier League\n|inactive|Sceptross has 270 seconds left.\n|\n|t:|1737904293\n|switch|p1a: Exeggutor|Exeggutor|100/100\n|move|p2a: Gengar|Hypnosis|p1a: Exeggutor\n|-status|p1a: Exeggutor|slp|[from] move: Hypnosis\n|\n|upkeep\n|turn|2\n|inactive|Sceptross has 270 seconds left.\n|\n|t:|1737904337\n|switch|p1a: Snorlax|Snorlax|100/100\n|move|p2a: Gengar|Night Shade|p1a: Snorlax\n|-damage|p1a: Snorlax|81/100\n|\n|upkeep\n|turn|3\n|inactive|Sceptross has 270 seconds left.\n|\n|t:|1737904350\n|switch|p1a: Chansey|Chansey|100/100\n|move|p2a: Gengar|Thunderbolt|p1a: Chansey\n|-damage|p1a: Chansey|89/100\n|\n|upkeep\n|turn|4\n|inactive|Sceptross has 270 seconds left.\n|\n|t:|1737904365\n|move|p2a: Gengar|Night Shade|p1a: Chansey\n|-damage|p1a: Chansey|75/100\n|move|p1a: Chansey|Thunder Wave|p2a: Gengar\n|-status|p2a: Gengar|par\n|\n|upkeep\n|turn|5\n|inactive|Sceptross has 270 seconds left.\n|inactive|Sceptross has 240 seconds left.\n|\n|t:|1737904403\n|switch|p1a: Rhydon|Rhydon|100/100\n|switch|p2a: Chansey|Chansey|100/100\n|\n|upkeep\n|turn|6\n|inactive|Sceptross has 240 seconds left.\n|\n|t:|1737904418\n|switch|p1a: Chansey|Chansey|75/100\n|move|p2a: Chansey|Thunder Wave|p1a: Chansey\n|-status|p1a: Chansey|par\n|\n|upkeep\n|turn|7\n|inactive|Sceptross has 240 seconds left.\n|\n|t:|1737904429\n|switch|p2a: Gengar|Gengar|100/100 par\n|cant|p1a: Chansey|par\n|\n|upkeep\n|turn|8\n|inactive|Sceptross has 240 seconds left.\n|\n|t:|1737904449\n|switch|p2a: Snorlax|Snorlax|100/100\n|switch|p1a: Rhydon|Rhydon|100/100\n|\n|upkeep\n|turn|9\n|\n|t:|1737904453\n|switch|p1a: Snorlax|Snorlax|81/100\n|move|p2a: Snorlax|Earthquake|p1a: Snorlax\n|-damage|p1a: Snorlax|61/100\n|\n|upkeep\n|turn|10\n|inactive|Sceptross has 240 seconds left.\n|\n|t:|1737904478\n|move|p2a: Snorlax|Earthquake|p1a: Snorlax\n|-damage|p1a: Snorlax|40/100\n|move|p1a: Snorlax|Reflect|p1a: Snorlax\n|-start|p1a: Snorlax|Reflect\n|\n|upkeep\n|turn|11\n|\n|t:|1737904487\n|switch|p2a: Gengar|Gengar|100/100 par\n|move|p1a: Snorlax|Rest|p1a: Snorlax\n|-status|p1a: Snorlax|slp|[from] move: Rest\n|-heal|p1a: Snorlax|100/100 slp|[silent]\n|\n|upkeep\n|turn|12\n|inactive|Sceptross has 240 seconds left.\n|\n|t:|1737904513\n|cant|p1a: Snorlax|slp\n|move|p2a: Gengar|Thunderbolt|p1a: Snorlax\n|-damage|p1a: Snorlax|78/100 slp\n|\n|upkeep\n|turn|13\n|\n|t:|1737904519\n|-curestatus|p1a: Snorlax|slp|[msg]\n|move|p2a: Gengar|Night Shade|p1a: Snorlax\n|-damage|p1a: Snorlax|59/100\n|\n|upkeep\n|turn|14\n|\n|t:|1737904528\n|move|p1a: Snorlax|Body Slam|p2a: Gengar\n|-immune|p2a: Gengar\n|cant|p2a: Gengar|par\n|\n|upkeep\n|turn|15\n|\n|t:|1737904533\n|move|p1a: Snorlax|Rest|p1a: Snorlax\n|-status|p1a: Snorlax|slp|[from] move: Rest\n|-heal|p1a: Snorlax|100/100 slp|[silent]\n|move|p2a: Gengar|Night Shade|p1a: Snorlax\n|-damage|p1a: Snorlax|81/100 slp\n|\n|upkeep\n|turn|16\n|\n|t:|1737904535\n|cant|p1a: Snorlax|slp\n|move|p2a: Gengar|Thunderbolt|p1a: Snorlax\n|-damage|p1a: Snorlax|59/100 slp\n|\n|upkeep\n|turn|17\n|\n|t:|1737904539\n|-curestatus|p1a: Snorlax|slp|[msg]\n|move|p2a: Gengar|Night Shade|p1a: Snorlax\n|-damage|p1a: Snorlax|40/100\n|\n|upkeep\n|turn|18\n|\n|t:|1737904549\n|move|p1a: Snorlax|Rest|p1a: Snorlax\n|-status|p1a: Snorlax|slp|[from] move: Rest\n|-heal|p1a: Snorlax|100/100 slp|[silent]\n|move|p2a: Gengar|Thunderbolt|p1a: Snorlax\n|-crit|p1a: Snorlax\n|-damage|p1a: Snorlax|55/100 slp\n|\n|upkeep\n|turn|19\n|inactive|Sceptross has 240 seconds left.\n|inactive|Sceptross has 210 seconds left.\n|\n|t:|1737904633\n|switch|p2a: Exeggutor|Exeggutor|100/100\n|cant|p1a: Snorlax|slp\n|\n|upkeep\n|turn|20\n|\n|t:|1737904642\n|switch|p1a: Chansey|Chansey|75/100 par\n|move|p2a: Exeggutor|Psychic|p1a: Chansey\n|-damage|p1a: Chansey|58/100 par\n|\n|upkeep\n|turn|21\n|\n|t:|1737904665\n|switch|p2a: Snorlax|Snorlax|100/100\n|cant|p1a: Chansey|par\n|\n|upkeep\n|turn|22\n|\n|t:|1737904674\n|move|p2a: Snorlax|Body Slam|p1a: Chansey\n|-damage|p1a: Chansey|18/100 par\n|move|p1a: Chansey|Thunder Wave|p2a: Snorlax\n|-status|p2a: Snorlax|par\n|\n|upkeep\n|turn|23\n|\n|t:|1737904683\n|cant|p1a: Chansey|par\n|move|p2a: Snorlax|Body Slam|p1a: Chansey\n|-damage|p1a: Chansey|0 fnt\n|faint|p1a: Chansey\n|\n|t:|1737904708\n|switch|p1a: Tauros|Tauros|100/100\n|turn|24\n|inactive|Sceptross has 210 seconds left.\n|inactive|Sceptross has 180 seconds left.\n|inactive|Sceptross has 150 seconds left.\n|\n|t:|1737904792\n|move|p1a: Tauros|Body Slam|p2a: Snorlax\n|-damage|p2a: Snorlax|77/100 par\n|move|p2a: Snorlax|Body Slam|p1a: Tauros\n|-damage|p1a: Tauros|71/100\n|\n|upkeep\n|turn|25\n|\n|t:|1737904800\n|switch|p1a: Rhydon|Rhydon|100/100\n|move|p2a: Snorlax|Self-Destruct|p1a: Rhydon\n|-resisted|p1a: Rhydon\n|-damage|p1a: Rhydon|68/100\n|faint|p2a: Snorlax\n|inactive|Sceptross has 120 seconds left.\n|\n|t:|1737904838\n|switch|p2a: Starmie|Starmie|100/100\n|turn|26\n|\n|t:|1737904842\n|switch|p1a: Starmie|Starmie|100/100\n|move|p2a: Starmie|Thunder Wave|p1a: Starmie\n|-status|p1a: Starmie|par\n|\n|upkeep\n|turn|27\n|inactive|Sceptross has 120 seconds left.\n|\n|t:|1737904861\n|switch|p2a: Chansey|Chansey|100/100\n|cant|p1a: Starmie|par\n|\n|upkeep\n|turn|28\n|\n|t:|1737904866\n|move|p2a: Chansey|Thunderbolt|p1a: Starmie\n|-supereffective|p1a: Starmie\n|-damage|p1a: Starmie|51/100 par\n|move|p1a: Starmie|Thunder Wave|p2a: Chansey\n|-status|p2a: Chansey|par\n|\n|upkeep\n|turn|29\n|inactive|Sceptross has 120 seconds left.\n|\n|t:|1737904893\n|move|p1a: Starmie|Recover|p1a: Starmie\n|-heal|p1a: Starmie|100/100 par\n|move|p2a: Chansey|Thunderbolt|p1a: Starmie\n|-supereffective|p1a: Starmie\n|-damage|p1a: Starmie|52/100 par\n|\n|upkeep\n|turn|30\n|\n|t:|1737904897\n|move|p1a: Starmie|Recover|p1a: Starmie\n|-heal|p1a: Starmie|100/100 par\n|move|p2a: Chansey|Thunderbolt|p1a: Starmie\n|-supereffective|p1a: Starmie\n|-damage|p1a: Starmie|50/100 par\n|\n|upkeep\n|turn|31\n|\n|t:|1737904901\n|cant|p1a: Starmie|par\n|cant|p2a: Chansey|par\n|\n|upkeep\n|turn|32\n|\n|t:|1737904904\n|cant|p1a: Starmie|par\n|move|p2a: Chansey|Thunderbolt|p1a: Starmie\n|-supereffective|p1a: Starmie\n|-damage|p1a: Starmie|0 fnt\n|faint|p1a: Starmie\n|\n|t:|1737904908\n|switch|p1a: Tauros|Tauros|71/100\n|turn|33\n|inactive|Sceptross has 150 seconds left.\n|inactive|Sceptross has 120 seconds left.\n|\n|t:|1737904943\n|move|p1a: Tauros|Body Slam|p2a: Chansey\n|-damage|p2a: Chansey|64/100 par\n|move|p2a: Chansey|Thunder Wave|p1a: Tauros\n|-status|p1a: Tauros|par\n|\n|upkeep\n|turn|34\n|inactive|Sceptross has 120 seconds left.\n|inactive|Sceptross has 90 seconds left.\n|\n|t:|1737905000\n|cant|p1a: Tauros|par\n|move|p2a: Chansey|Ice Beam|p1a: Tauros\n|-damage|p1a: Tauros|41/100 par\n|\n|upkeep\n|turn|35\n|inactive|Sceptross has 60 seconds left.\n|\n|t:|1737905028\n|move|p1a: Tauros|Rest|p1a: Tauros\n|-status|p1a: Tauros|slp|[from] move: Rest\n|-heal|p1a: Tauros|100/100 slp|[silent]\n|cant|p2a: Chansey|par\n|\n|upkeep\n|turn|36\n|inactive|Sceptross has 60 seconds left.\n|\n|t:|1737905054\n|switch|p2a: Starmie|Starmie|100/100\n|cant|p1a: Tauros|slp\n|\n|upkeep\n|turn|37\n|\n|t:|1737905064\n|move|p2a: Starmie|Psychic|p1a: Tauros\n|-damage|p1a: Tauros|64/100 slp\n|-curestatus|p1a: Tauros|slp|[msg]\n|\n|upkeep\n|turn|38\n|inactive|Sceptross has 60 seconds left.\n|\n|t:|1737905076\n|move|p2a: Starmie|Thunder Wave|p1a: Tauros\n|-status|p1a: Tauros|par\n|move|p1a: Tauros|Body Slam|p2a: Starmie\n|-damage|p2a: Starmie|68/100\n|-status|p2a: Starmie|par\n|\n|upkeep\n|turn|39\n|\n|t:|1737905088\n|move|p2a: Starmie|Psychic|p1a: Tauros\n|-damage|p1a: Tauros|27/100 par\n|-unboost|p1a: Tauros|spa|1\n|-unboost|p1a: Tauros|spd|1\n|move|p1a: Tauros|Rest|p1a: Tauros\n|-status|p1a: Tauros|slp|[from] move: Rest\n|-heal|p1a: Tauros|100/100 slp|[silent]\n|\n|upkeep\n|turn|40\n|inactive|Sceptross has 60 seconds left.\n|\n|t:|1737905109\n|switch|p1a: Exeggutor|Exeggutor|100/100 slp\n|move|p2a: Starmie|Blizzard|p1a: Exeggutor\n|-supereffective|p1a: Exeggutor\n|-damage|p1a: Exeggutor|57/100 slp\n|\n|upkeep\n|turn|41\n|inactive|Sceptross has 60 seconds left.\n|\n|t:|1737905126\n|cant|p1a: Exeggutor|slp\n|move|p2a: Starmie|Blizzard|p1a: Exeggutor\n|-supereffective|p1a: Exeggutor\n|-damage|p1a: Exeggutor|15/100 slp\n|\n|upkeep\n|turn|42\n|\n|t:|1737905131\n|switch|p2a: Tauros|Tauros|100/100\n|-curestatus|p1a: Exeggutor|slp|[msg]\n|\n|upkeep\n|turn|43\n|inactive|Sceptross has 60 seconds left.\n|\n|t:|1737905144\n|switch|p1a: Snorlax|Snorlax|55/100 slp\n|move|p2a: Tauros|Body Slam|p1a: Snorlax\n|-damage|p1a: Snorlax|29/100 slp\n|\n|upkeep\n|turn|44\n|inactive|Sceptross has 60 seconds left.\n|\n|t:|1737905150\n|move|p2a: Tauros|Hyper Beam|p1a: Snorlax\n|-damage|p1a: Snorlax|0 fnt\n|faint|p1a: Snorlax\n|\n|t:|1737905154\n|switch|p1a: Rhydon|Rhydon|68/100\n|turn|45\n|inactive|Sceptross has 60 seconds left.\n|inactive|Sceptross has 30 seconds left.\n|\n|t:|1737905203\n|move|p2a: Tauros|Earthquake|p1a: Rhydon\n|-supereffective|p1a: Rhydon\n|-damage|p1a: Rhydon|36/100\n|move|p1a: Rhydon|Earthquake|p2a: Tauros\n|-damage|p2a: Tauros|57/100\n|\n|upkeep\n|turn|46\n|\n|t:|1737905213\n|move|p2a: Tauros|Blizzard|p1a: Rhydon\n|-supereffective|p1a: Rhydon\n|-damage|p1a: Rhydon|0 fnt\n|faint|p1a: Rhydon\n|\n|t:|1737905218\n|switch|p1a: Tauros|Tauros|100/100 slp\n|turn|47\n|\n|t:|1737905229\n|move|p2a: Tauros|Body Slam|p1a: Tauros\n|-damage|p1a: Tauros|69/100 slp\n|cant|p1a: Tauros|slp\n|\n|upkeep\n|turn|48\n|\n|t:|1737905233\n|-curestatus|p1a: Tauros|slp|[msg]\n|move|p2a: Tauros|Body Slam|p1a: Tauros\n|-damage|p1a: Tauros|42/100\n|\n|upkeep\n|turn|49\n|\n|t:|1737905238\n|move|p1a: Tauros|Body Slam|p2a: Tauros\n|-damage|p2a: Tauros|28/100\n|move|p2a: Tauros|Hyper Beam|p1a: Tauros\n|-damage|p1a: Tauros|0 fnt\n|faint|p1a: Tauros\n|\n|t:|1737905241\n|switch|p1a: Exeggutor|Exeggutor|15/100\n|turn|50\n|c|☆Kaz|gg man\n|c|☆Sceptross|ggs\n|c|☆Kaz|im happy for you\n|\n|t:|1737905250\n|move|p2a: Tauros|Body Slam|p1a: Exeggutor\n|-crit|p1a: Exeggutor\n|-damage|p1a: Exeggutor|0 fnt\n|faint|p1a: Exeggutor\n|\n|win|Sceptross\n|c|☆Sceptross|was fun as always friend\n|player|p1|\n","uploadtime":1737905250,"views":"2171","formatid":"gen1ou","rating":null,"private":0,"password":null}