{"id":"smogtours-gen1ou-950094","format":"[Gen 1] OU","players":["Soda Krys","TG2513"],"log":"|inactive|Battle timer is ON: inactive players will automatically lose when time's up.\n|t:|1782418819\n|gametype|singles\n|player|p1|Soda Krys|lass-gen1rb|\n|player|p2|TG2513|brycenman|\n|gen|1\n|tier|[Gen 1] OU\n|rule|Desync Clause Mod: Desyncs changed to move failure.\n|rule|HP Percentage Mod: HP is shown in percentages\n|rule|Endless Battle Clause: Forcing endless battles is banned\n|rule|Sleep Clause Mod: Limit one foe put to sleep\n|rule|Freeze Clause Mod: Limit one foe frozen\n|rule|Species Clause: Limit one of each Pokémon\n|rule|OHKO Clause: OHKO moves are banned\n|rule|Evasion Moves Clause: Evasion moves are banned\n|\n|t:|1782418819\n|teamsize|p1|6\n|teamsize|p2|6\n|start\n|switch|p1a: Illegal|Jolteon|100/100\n|switch|p2a: Zapdos|Zapdos|100/100\n|turn|1\n|inactive|Soda Krys also wants the timer to be on.\n|\n|t:|1782418824\n|switch|p2a: Chansey|Chansey|100/100\n|move|p1a: Illegal|Thunder Wave|p2a: Chansey\n|-status|p2a: Chansey|par\n|\n|upkeep\n|turn|2\n|\n|t:|1782418831\n|move|p1a: Illegal|Double Kick|p2a: Chansey\n|-supereffective|p2a: Chansey\n|-damage|p2a: Chansey|87/100 par\n|-damage|p2a: Chansey|73/100 par\n|-hitcount|p2a: Chansey|2\n|move|p2a: Chansey|Thunder Wave|p1a: Illegal\n|-status|p1a: Illegal|par\n|\n|upkeep\n|turn|3\n|\n|t:|1782418838\n|switch|p2a: Snorlax|Snorlax|100/100\n|move|p1a: Illegal|Thunder Wave|p2a: Snorlax\n|-status|p2a: Snorlax|par\n|\n|upkeep\n|turn|4\n|\n|t:|1782418842\n|switch|p1a: Tonight|Snorlax|100/100\n|move|p2a: Snorlax|Body Slam|p1a: Tonight\n|-damage|p1a: Tonight|74/100\n|\n|upkeep\n|turn|5\n|\n|t:|1782418844\n|move|p1a: Tonight|Body Slam|p2a: Snorlax\n|-damage|p2a: Snorlax|73/100 par\n|move|p2a: Snorlax|Reflect|p2a: Snorlax\n|-start|p2a: Snorlax|Reflect\n|\n|upkeep\n|turn|6\n|\n|t:|1782418846\n|move|p1a: Tonight|Body Slam|p2a: Snorlax\n|-damage|p2a: Snorlax|60/100 par\n|cant|p2a: Snorlax|par\n|\n|upkeep\n|turn|7\n|\n|t:|1782418851\n|switch|p1a: Stateside|Exeggutor|100/100\n|move|p2a: Snorlax|Ice Beam|p1a: Stateside\n|-supereffective|p1a: Stateside\n|-damage|p1a: Stateside|74/100\n|\n|upkeep\n|turn|8\n|\n|t:|1782418856\n|switch|p1a: Tonight|Snorlax|74/100\n|move|p2a: Snorlax|Body Slam|p1a: Tonight\n|-damage|p1a: Tonight|48/100\n|\n|upkeep\n|turn|9\n|\n|t:|1782418860\n|move|p1a: Tonight|Body Slam|p2a: Snorlax\n|-damage|p2a: Snorlax|46/100 par\n|move|p2a: Snorlax|Body Slam|p1a: Tonight\n|-damage|p1a: Tonight|23/100\n|\n|upkeep\n|turn|10\n|\n|t:|1782418864\n|move|p1a: Tonight|Body Slam|p2a: Snorlax\n|-damage|p2a: Snorlax|32/100 par\n|move|p2a: Snorlax|Body Slam|p1a: Tonight\n|-damage|p1a: Tonight|0 fnt\n|faint|p1a: Tonight\n|\n|t:|1782418866\n|switch|p1a: Stateside|Exeggutor|74/100\n|turn|11\n|\n|t:|1782418872\n|move|p1a: Stateside|Psychic|p2a: Snorlax\n|-damage|p2a: Snorlax|0 fnt\n|faint|p2a: Snorlax\n|\n|t:|1782418878\n|switch|p2a: Chansey|Chansey|73/100 par\n|turn|12\n|\n|t:|1782418880\n|switch|p1a: Illegal|Jolteon|100/100 par\n|move|p2a: Chansey|Ice Beam|p1a: Illegal\n|-damage|p1a: Illegal|77/100 par\n|\n|upkeep\n|turn|13\n|\n|t:|1782418887\n|switch|p2a: Exeggutor|Exeggutor|100/100\n|cant|p1a: Illegal|par\n|\n|upkeep\n|turn|14\n|\n|t:|1782418892\n|move|p2a: Exeggutor|Sleep Powder|p1a: Illegal\n|-fail|p1a: Illegal\n|move|p1a: Illegal|Thunder Wave|p2a: Exeggutor\n|-status|p2a: Exeggutor|par\n|\n|upkeep\n|turn|15\n|\n|t:|1782418895\n|cant|p1a: Illegal|par\n|cant|p2a: Exeggutor|par\n|\n|upkeep\n|turn|16\n|\n|t:|1782418897\n|move|p1a: Illegal|Pin Missile|p2a: Exeggutor\n|-supereffective|p2a: Exeggutor\n|-damage|p2a: Exeggutor|90/100 par\n|-damage|p2a: Exeggutor|79/100 par\n|-damage|p2a: Exeggutor|68/100 par\n|-damage|p2a: Exeggutor|58/100 par\n|-damage|p2a: Exeggutor|47/100 par\n|-hitcount|p2a: Exeggutor|5\n|move|p2a: Exeggutor|Psychic|p1a: Illegal\n|-damage|p1a: Illegal|44/100 par\n|-unboost|p1a: Illegal|spa|1\n|-unboost|p1a: Illegal|spd|1\n|\n|upkeep\n|turn|17\n|\n|t:|1782418902\n|switch|p1a: Stateside|Exeggutor|74/100\n|move|p2a: Exeggutor|Psychic|p1a: Stateside\n|-resisted|p1a: Stateside\n|-damage|p1a: Stateside|62/100\n|\n|upkeep\n|turn|18\n|\n|t:|1782418907\n|switch|p1a: Illegal|Jolteon|44/100 par\n|move|p2a: Exeggutor|Psychic|p1a: Illegal\n|-damage|p1a: Illegal|7/100 par\n|-unboost|p1a: Illegal|spa|1\n|-unboost|p1a: Illegal|spd|1\n|\n|upkeep\n|turn|19\n|\n|t:|1782418911\n|cant|p2a: Exeggutor|par\n|move|p1a: Illegal|Pin Missile|p2a: Exeggutor\n|-supereffective|p2a: Exeggutor\n|-damage|p2a: Exeggutor|35/100 par\n|-damage|p2a: Exeggutor|23/100 par\n|-hitcount|p2a: Exeggutor|2\n|\n|upkeep\n|turn|20\n|\n|t:|1782418917\n|move|p2a: Exeggutor|Psychic|p1a: Illegal\n|-damage|p1a: Illegal|0 fnt\n|faint|p1a: Illegal\n|\n|t:|1782418920\n|switch|p1a: Stars|Tauros|100/100\n|turn|21\n|\n|t:|1782418925\n|move|p1a: Stars|Body Slam|p2a: Exeggutor\n|-damage|p2a: Exeggutor|0 fnt\n|faint|p2a: Exeggutor\n|\n|t:|1782418930\n|switch|p2a: Starmie|Starmie|100/100\n|turn|22\n|\n|t:|1782418935\n|move|p2a: Starmie|Thunder Wave|p1a: Stars\n|-status|p1a: Stars|par\n|move|p1a: Stars|Body Slam|p2a: Starmie\n|-crit|p2a: Starmie\n|-damage|p2a: Starmie|34/100\n|-status|p2a: Starmie|par\n|\n|upkeep\n|turn|23\n|\n|t:|1782418941\n|switch|p1a: Noises|Zapdos|100/100\n|move|p2a: Starmie|Recover|p2a: Starmie\n|-heal|p2a: Starmie|84/100 par\n|\n|upkeep\n|turn|24\n|\n|t:|1782418947\n|move|p1a: Noises|Drill Peck|p2a: Starmie\n|-damage|p2a: Starmie|56/100 par\n|move|p2a: Starmie|Thunder Wave|p1a: Noises\n|-status|p1a: Noises|par\n|\n|upkeep\n|turn|25\n|\n|t:|1782418952\n|cant|p2a: Starmie|par\n|move|p1a: Noises|Agility|p1a: Noises\n|-boost|p1a: Noises|spe|2\n|\n|upkeep\n|turn|26\n|\n|t:|1782418954\n|move|p1a: Noises|Thunderbolt|p2a: Starmie\n|-supereffective|p2a: Starmie\n|-damage|p2a: Starmie|0 fnt\n|faint|p2a: Starmie\n|\n|t:|1782418956\n|switch|p2a: Zapdos|Zapdos|100/100\n|turn|27\n|\n|t:|1782418958\n|move|p1a: Noises|Thunder Wave|p2a: Zapdos\n|-status|p2a: Zapdos|par\n|cant|p2a: Zapdos|par\n|\n|upkeep\n|turn|28\n|\n|t:|1782418960\n|move|p1a: Noises|Thunderbolt|p2a: Zapdos\n|-damage|p2a: Zapdos|71/100 par\n|move|p2a: Zapdos|Agility|p2a: Zapdos\n|-boost|p2a: Zapdos|spe|2\n|\n|upkeep\n|turn|29\n|\n|t:|1782418962\n|move|p2a: Zapdos|Thunderbolt|p1a: Noises\n|-damage|p1a: Noises|70/100 par\n|move|p1a: Noises|Thunderbolt|p2a: Zapdos\n|-damage|p2a: Zapdos|44/100 par\n|\n|upkeep\n|turn|30\n|\n|t:|1782418964\n|move|p2a: Zapdos|Thunderbolt|p1a: Noises\n|-crit|p1a: Noises\n|-damage|p1a: Noises|16/100 par\n|move|p1a: Noises|Thunderbolt|p2a: Zapdos\n|-damage|p2a: Zapdos|15/100 par\n|\n|upkeep\n|turn|31\n|\n|t:|1782418966\n|cant|p2a: Zapdos|par\n|move|p1a: Noises|Thunderbolt|p2a: Zapdos\n|-crit|p2a: Zapdos\n|-damage|p2a: Zapdos|0 fnt\n|faint|p2a: Zapdos\n|\n|t:|1782418972\n|switch|p2a: Tauros|Tauros|100/100\n|turn|32\n|\n|t:|1782418974\n|move|p2a: Tauros|Body Slam|p1a: Noises\n|-crit|p1a: Noises\n|-damage|p1a: Noises|0 fnt\n|faint|p1a: Noises\n|\n|t:|1782418979\n|switch|p1a: Stateside|Exeggutor|62/100\n|turn|33\n|\n|t:|1782418982\n|switch|p2a: Chansey|Chansey|73/100 par\n|move|p1a: Stateside|Psychic|p2a: Chansey\n|-damage|p2a: Chansey|56/100 par\n|\n|upkeep\n|turn|34\n|\n|t:|1782418987\n|switch|p1a: Girl Like Me|Starmie|100/100\n|move|p2a: Chansey|Soft-Boiled|p2a: Chansey\n|-heal|p2a: Chansey|100/100 par\n|\n|upkeep\n|turn|35\n|\n|t:|1782418990\n|switch|p1a: Stars|Tauros|100/100 par\n|move|p2a: Chansey|Thunder Wave|p1a: Stars\n|-fail|p1a: Stars|par\n|\n|upkeep\n|turn|36\n|\n|t:|1782418993\n|move|p1a: Stars|Body Slam|p2a: Chansey\n|-damage|p2a: Chansey|63/100 par\n|move|p2a: Chansey|Ice Beam|p1a: Stars\n|-damage|p1a: Stars|74/100 par\n|\n|upkeep\n|turn|37\n|\n|t:|1782418995\n|move|p1a: Stars|Hyper Beam|p2a: Chansey\n|-damage|p2a: Chansey|0 fnt\n|faint|p2a: Chansey\n|\n|t:|1782418997\n|switch|p2a: Tauros|Tauros|100/100\n|turn|38\n|\n|t:|1782418998\n|move|p2a: Tauros|Body Slam|p1a: Stars\n|-damage|p1a: Stars|47/100 par\n|cant|p1a: Stars|par\n|\n|upkeep\n|turn|39\n|\n|t:|1782419002\n|move|p2a: Tauros|Hyper Beam|p1a: Stars\n|-damage|p1a: Stars|0 fnt\n|faint|p1a: Stars\n|\n|t:|1782419004\n|switch|p1a: Girl Like Me|Starmie|100/100\n|turn|40\n|\n|t:|1782419005\n|move|p1a: Girl Like Me|Thunder Wave|p2a: Tauros\n|-status|p2a: Tauros|par\n|cant|p2a: Tauros|par\n|\n|upkeep\n|turn|41\n|\n|t:|1782419007\n|move|p1a: Girl Like Me|Psychic|p2a: Tauros\n|-damage|p2a: Tauros|62/100 par\n|cant|p2a: Tauros|par\n|\n|upkeep\n|turn|42\n|-message|TG2513 forfeited.\n|\n|win|Soda Krys\n|player|p2|\n","uploadtime":1782419010,"views":"67","formatid":"gen1ou","rating":null,"private":0,"password":null}