{"id":"smogtours-gen1ou-819053","format":"[Gen 1] OU","players":["Amaranth","shiloh"],"log":"|inactive|Battle timer is ON: inactive players will automatically lose when time's up.\n|t:|1739123094\n|gametype|singles\n|player|p1|Amaranth|#amaranth|\n|player|p2|shiloh|#splxvitigers2|\n|teamsize|p1|6\n|teamsize|p2|6\n|gen|1\n|tier|[Gen 1] OU\n|rule|Desync Clause Mod: Desyncs changed to move failure.\n|rule|Sleep Clause Mod: Limit one foe put to sleep\n|rule|Freeze Clause Mod: Limit one foe frozen\n|rule|Species Clause: Limit one of each Pokémon\n|rule|OHKO Clause: OHKO moves are banned\n|rule|Evasion Moves Clause: Evasion moves are banned\n|rule|Endless Battle Clause: Forcing endless battles is banned\n|rule|HP Percentage Mod: HP is shown in percentages\n|\n|t:|1739123094\n|start\n|switch|p1a: Jynx|Jynx|100/100\n|switch|p2a: Contemplation|Jynx|100/100\n|turn|1\n|c|☆Amaranth|glhf\n|\n|t:|1739123101\n|move|p1a: Jynx|Lovely Kiss|p2a: Contemplation\n|-status|p2a: Contemplation|slp|[from] move: Lovely Kiss\n|cant|p2a: Contemplation|slp\n|\n|upkeep\n|turn|2\n|\n|t:|1739123104\n|switch|p1a: Tauros|Tauros|100/100\n|-curestatus|p2a: Contemplation|slp|[msg]\n|\n|upkeep\n|turn|3\n|\n|t:|1739123108\n|switch|p1a: Jynx|Jynx|100/100\n|move|p2a: Contemplation|Lovely Kiss|p1a: Jynx\n|-status|p1a: Jynx|slp|[from] move: Lovely Kiss\n|\n|upkeep\n|turn|4\n|\n|t:|1739123113\n|switch|p2a: STORMBLESSED|Tauros|100/100\n|cant|p1a: Jynx|slp\n|\n|upkeep\n|turn|5\n|\n|t:|1739123116\n|switch|p1a: Snorlax|Snorlax|100/100\n|move|p2a: STORMBLESSED|Body Slam|p1a: Snorlax\n|-damage|p1a: Snorlax|75/100\n|\n|upkeep\n|turn|6\n|\n|t:|1739123120\n|move|p2a: STORMBLESSED|Earthquake|p1a: Snorlax\n|-damage|p1a: Snorlax|55/100\n|move|p1a: Snorlax|Body Slam|p2a: STORMBLESSED\n|-damage|p2a: STORMBLESSED|70/100\n|\n|upkeep\n|turn|7\n|rated|Smogon Premier League\n|\n|t:|1739123127\n|switch|p2a: Elegy|Chansey|100/100\n|move|p1a: Snorlax|Body Slam|p2a: Elegy\n|-damage|p2a: Elegy|56/100\n|\n|upkeep\n|turn|8\n|\n|t:|1739123130\n|move|p2a: Elegy|Soft-Boiled|p2a: Elegy\n|-heal|p2a: Elegy|100/100\n|move|p1a: Snorlax|Reflect|p1a: Snorlax\n|-start|p1a: Snorlax|Reflect\n|\n|upkeep\n|turn|9\n|\n|t:|1739123132\n|move|p2a: Elegy|Ice Beam|p1a: Snorlax\n|-damage|p1a: Snorlax|35/100\n|move|p1a: Snorlax|Rest|p1a: Snorlax\n|-status|p1a: Snorlax|slp|[from] move: Rest\n|-heal|p1a: Snorlax|100/100 slp|[silent]\n|\n|upkeep\n|turn|10\n|\n|t:|1739123135\n|move|p2a: Elegy|Ice Beam|p1a: Snorlax\n|-crit|p1a: Snorlax\n|-damage|p1a: Snorlax|63/100 slp\n|cant|p1a: Snorlax|slp\n|\n|upkeep\n|turn|11\n|\n|t:|1739123137\n|move|p2a: Elegy|Ice Beam|p1a: Snorlax\n|-damage|p1a: Snorlax|43/100 slp\n|-curestatus|p1a: Snorlax|slp|[msg]\n|\n|upkeep\n|turn|12\n|\n|t:|1739123139\n|move|p2a: Elegy|Ice Beam|p1a: Snorlax\n|-damage|p1a: Snorlax|22/100\n|move|p1a: Snorlax|Rest|p1a: Snorlax\n|-status|p1a: Snorlax|slp|[from] move: Rest\n|-heal|p1a: Snorlax|100/100 slp|[silent]\n|\n|upkeep\n|turn|13\n|\n|t:|1739123145\n|move|p2a: Elegy|Ice Beam|p1a: Snorlax\n|-damage|p1a: Snorlax|80/100 slp\n|cant|p1a: Snorlax|slp\n|\n|upkeep\n|turn|14\n|\n|t:|1739123147\n|move|p2a: Elegy|Ice Beam|p1a: Snorlax\n|-crit|p1a: Snorlax\n|-damage|p1a: Snorlax|40/100 slp\n|-curestatus|p1a: Snorlax|slp|[msg]\n|\n|upkeep\n|turn|15\n|\n|t:|1739123149\n|move|p2a: Elegy|Ice Beam|p1a: Snorlax\n|-damage|p1a: Snorlax|21/100\n|move|p1a: Snorlax|Rest|p1a: Snorlax\n|-status|p1a: Snorlax|slp|[from] move: Rest\n|-heal|p1a: Snorlax|100/100 slp|[silent]\n|\n|upkeep\n|turn|16\n|\n|t:|1739123151\n|move|p2a: Elegy|Ice Beam|p1a: Snorlax\n|-damage|p1a: Snorlax|83/100 slp\n|cant|p1a: Snorlax|slp\n|\n|upkeep\n|turn|17\n|\n|t:|1739123152\n|move|p2a: Elegy|Ice Beam|p1a: Snorlax\n|-damage|p1a: Snorlax|63/100 slp\n|-curestatus|p1a: Snorlax|slp|[msg]\n|\n|upkeep\n|turn|18\n|\n|t:|1739123154\n|switch|p1a: Jynx|Jynx|100/100 slp\n|move|p2a: Elegy|Thunder Wave|p1a: Jynx\n|-fail|p1a: Jynx\n|\n|upkeep\n|turn|19\n|\n|t:|1739123157\n|switch|p1a: Chansey|Chansey|100/100\n|move|p2a: Elegy|Thunderbolt|p1a: Chansey\n|-damage|p1a: Chansey|89/100\n|\n|upkeep\n|turn|20\n|\n|t:|1739123160\n|move|p2a: Elegy|Thunder Wave|p1a: Chansey\n|-status|p1a: Chansey|par\n|move|p1a: Chansey|Sing|p2a: Elegy|[miss]\n|-miss|p1a: Chansey\n|\n|upkeep\n|turn|21\n|\n|t:|1739123163\n|switch|p2a: Contemplation|Jynx|100/100\n|cant|p1a: Chansey|par\n|\n|upkeep\n|turn|22\n|\n|t:|1739123165\n|move|p2a: Contemplation|Psychic|p1a: Chansey\n|-damage|p1a: Chansey|75/100 par\n|move|p1a: Chansey|Sing|p2a: Contemplation\n|-status|p2a: Contemplation|slp|[from] move: Sing\n|\n|upkeep\n|turn|23\n|\n|t:|1739123170\n|switch|p2a: Nomad|Snorlax|100/100\n|cant|p1a: Chansey|par\n|\n|upkeep\n|turn|24\n|\n|t:|1739123190\n|move|p2a: Nomad|Body Slam|p1a: Chansey\n|-damage|p1a: Chansey|36/100 par\n|move|p1a: Chansey|Thunder Wave|p2a: Nomad\n|-status|p2a: Nomad|par\n|\n|upkeep\n|turn|25\n|\n|t:|1739123195\n|switch|p1a: Snorlax|Snorlax|63/100\n|cant|p2a: Nomad|par\n|\n|upkeep\n|turn|26\n|\n|t:|1739123197\n|switch|p2a: Elegy|Chansey|100/100\n|move|p1a: Snorlax|Body Slam|p2a: Elegy\n|-damage|p2a: Elegy|62/100\n|\n|upkeep\n|turn|27\n|\n|t:|1739123200\n|move|p2a: Elegy|Soft-Boiled|p2a: Elegy\n|-heal|p2a: Elegy|100/100\n|move|p1a: Snorlax|Body Slam|p2a: Elegy\n|-damage|p2a: Elegy|59/100\n|\n|upkeep\n|turn|28\n|\n|t:|1739123202\n|move|p2a: Elegy|Soft-Boiled|p2a: Elegy\n|-heal|p2a: Elegy|100/100\n|move|p1a: Snorlax|Body Slam|p2a: Elegy\n|-damage|p2a: Elegy|56/100\n|\n|upkeep\n|turn|29\n|\n|t:|1739123204\n|move|p2a: Elegy|Soft-Boiled|p2a: Elegy\n|-heal|p2a: Elegy|100/100\n|move|p1a: Snorlax|Body Slam|p2a: Elegy\n|-damage|p2a: Elegy|58/100\n|\n|upkeep\n|turn|30\n|\n|t:|1739123205\n|move|p2a: Elegy|Thunder Wave|p1a: Snorlax\n|-status|p1a: Snorlax|par\n|move|p1a: Snorlax|Body Slam|p2a: Elegy\n|-crit|p2a: Elegy\n|-damage|p2a: Elegy|0 fnt\n|faint|p2a: Elegy\n|inactive|shiloh has 270 seconds left.\n|\n|t:|1739123237\n|switch|p2a: Truth-Is-Waiting|Rhydon|100/100\n|turn|31\n|\n|t:|1739123249\n|switch|p1a: Starmie|Starmie|100/100\n|move|p2a: Truth-Is-Waiting|Earthquake|p1a: Starmie\n|-damage|p1a: Starmie|55/100\n|\n|upkeep\n|turn|32\n|\n|t:|1739123255\n|switch|p2a: Auxiliary|Starmie|100/100\n|move|p1a: Starmie|Surf|p2a: Auxiliary\n|-resisted|p2a: Auxiliary\n|-damage|p2a: Auxiliary|84/100\n|\n|upkeep\n|turn|33\n|\n|t:|1739123261\n|move|p1a: Starmie|Thunder Wave|p2a: Auxiliary\n|-status|p2a: Auxiliary|par\n|move|p2a: Auxiliary|Thunder Wave|p1a: Starmie\n|-status|p1a: Starmie|par\n|\n|upkeep\n|turn|34\n|\n|t:|1739123274\n|switch|p2a: Nomad|Snorlax|100/100 par\n|cant|p1a: Starmie|par\n|\n|upkeep\n|turn|35\n|\n|t:|1739123277\n|cant|p1a: Starmie|par\n|move|p2a: Nomad|Body Slam|p1a: Starmie\n|-damage|p1a: Starmie|17/100 par\n|\n|upkeep\n|turn|36\n|\n|t:|1739123287\n|cant|p1a: Starmie|par\n|cant|p2a: Nomad|par\n|\n|upkeep\n|turn|37\n|\n|t:|1739123289\n|move|p1a: Starmie|Recover|p1a: Starmie\n|-heal|p1a: Starmie|66/100 par\n|move|p2a: Nomad|Body Slam|p1a: Starmie\n|-damage|p1a: Starmie|30/100 par\n|\n|upkeep\n|turn|38\n|\n|t:|1739123291\n|move|p1a: Starmie|Recover|p1a: Starmie\n|-heal|p1a: Starmie|79/100 par\n|move|p2a: Nomad|Body Slam|p1a: Starmie\n|-damage|p1a: Starmie|40/100 par\n|\n|upkeep\n|turn|39\n|\n|t:|1739123293\n|move|p1a: Starmie|Recover|p1a: Starmie\n|-heal|p1a: Starmie|90/100 par\n|cant|p2a: Nomad|par\n|\n|upkeep\n|turn|40\n|\n|t:|1739123300\n|move|p1a: Starmie|Surf|p2a: Nomad\n|-damage|p2a: Nomad|75/100 par\n|move|p2a: Nomad|Body Slam|p1a: Starmie\n|-damage|p1a: Starmie|54/100 par\n|\n|upkeep\n|turn|41\n|\n|t:|1739123304\n|move|p1a: Starmie|Recover|p1a: Starmie\n|-heal|p1a: Starmie|100/100 par\n|move|p2a: Nomad|Hyper Beam|p1a: Starmie\n|-damage|p1a: Starmie|37/100 par\n|-mustrecharge|p2a: Nomad\n|\n|upkeep\n|turn|42\n|\n|t:|1739123310\n|cant|p1a: Starmie|par\n|cant|p2a: Nomad|recharge\n|\n|upkeep\n|turn|43\n|\n|t:|1739123314\n|move|p1a: Starmie|Recover|p1a: Starmie\n|-heal|p1a: Starmie|87/100 par\n|move|p2a: Nomad|Body Slam|p1a: Starmie\n|-damage|p1a: Starmie|47/100 par\n|\n|upkeep\n|turn|44\n|\n|t:|1739123316\n|move|p1a: Starmie|Recover|p1a: Starmie\n|-heal|p1a: Starmie|97/100 par\n|move|p2a: Nomad|Hyper Beam|p1a: Starmie\n|-damage|p1a: Starmie|37/100 par\n|-mustrecharge|p2a: Nomad\n|\n|upkeep\n|turn|45\n|\n|t:|1739123318\n|move|p1a: Starmie|Surf|p2a: Nomad\n|-damage|p2a: Nomad|49/100 par\n|cant|p2a: Nomad|recharge\n|\n|upkeep\n|turn|46\n|\n|t:|1739123324\n|move|p1a: Starmie|Recover|p1a: Starmie\n|-heal|p1a: Starmie|87/100 par\n|move|p2a: Nomad|Rest|p2a: Nomad\n|-status|p2a: Nomad|slp|[from] move: Rest\n|-heal|p2a: Nomad|100/100 slp|[silent]\n|\n|upkeep\n|turn|47\n|\n|t:|1739123326\n|move|p1a: Starmie|Surf|p2a: Nomad\n|-damage|p2a: Nomad|72/100 slp\n|cant|p2a: Nomad|slp\n|\n|upkeep\n|turn|48\n|\n|t:|1739123328\n|move|p1a: Starmie|Surf|p2a: Nomad\n|-damage|p2a: Nomad|45/100 slp\n|-curestatus|p2a: Nomad|slp|[msg]\n|\n|upkeep\n|turn|49\n|\n|t:|1739123330\n|switch|p2a: Auxiliary|Starmie|84/100 par\n|move|p1a: Starmie|Surf|p2a: Auxiliary\n|-resisted|p2a: Auxiliary\n|-damage|p2a: Auxiliary|66/100 par\n|\n|upkeep\n|turn|50\n|\n|t:|1739123332\n|move|p1a: Starmie|Thunderbolt|p2a: Auxiliary\n|-supereffective|p2a: Auxiliary\n|-damage|p2a: Auxiliary|18/100 par\n|move|p2a: Auxiliary|Recover|p2a: Auxiliary\n|-heal|p2a: Auxiliary|68/100 par\n|\n|upkeep\n|turn|51\n|\n|t:|1739123334\n|switch|p2a: Nomad|Snorlax|45/100\n|move|p1a: Starmie|Thunderbolt|p2a: Nomad\n|-damage|p2a: Nomad|26/100\n|\n|upkeep\n|turn|52\n|\n|t:|1739123340\n|switch|p1a: Chansey|Chansey|36/100 par\n|move|p2a: Nomad|Rest|p2a: Nomad\n|-status|p2a: Nomad|slp|[from] move: Rest\n|-heal|p2a: Nomad|100/100 slp|[silent]\n|\n|upkeep\n|turn|53\n|\n|t:|1739123342\n|cant|p2a: Nomad|slp\n|move|p1a: Chansey|Soft-Boiled|p1a: Chansey\n|-heal|p1a: Chansey|86/100 par\n|\n|upkeep\n|turn|54\n|\n|t:|1739123344\n|-curestatus|p2a: Nomad|slp|[msg]\n|cant|p1a: Chansey|par\n|\n|upkeep\n|turn|55\n|\n|t:|1739123356\n|move|p2a: Nomad|Body Slam|p1a: Chansey\n|-damage|p1a: Chansey|46/100 par\n|cant|p1a: Chansey|par\n|\n|upkeep\n|turn|56\n|\n|t:|1739123384\n|move|p2a: Nomad|Body Slam|p1a: Chansey\n|-damage|p1a: Chansey|7/100 par\n|move|p1a: Chansey|Thunder Wave|p2a: Nomad\n|-status|p2a: Nomad|par\n|\n|upkeep\n|turn|57\n|inactive|Amaranth has 270 seconds left.\n|\n|t:|1739123399\n|switch|p1a: Snorlax|Snorlax|63/100 par\n|cant|p2a: Nomad|par\n|\n|upkeep\n|turn|58\n|\n|t:|1739123403\n|switch|p2a: Auxiliary|Starmie|68/100 par\n|move|p1a: Snorlax|Reflect|p1a: Snorlax\n|-start|p1a: Snorlax|Reflect\n|\n|upkeep\n|turn|59\n|\n|t:|1739123405\n|move|p2a: Auxiliary|Recover|p2a: Auxiliary\n|-heal|p2a: Auxiliary|100/100 par\n|move|p1a: Snorlax|Body Slam|p2a: Auxiliary\n|-crit|p2a: Auxiliary\n|-damage|p2a: Auxiliary|28/100 par\n|\n|upkeep\n|turn|60\n|\n|t:|1739123410\n|move|p2a: Auxiliary|Recover|p2a: Auxiliary\n|-heal|p2a: Auxiliary|78/100 par\n|move|p1a: Snorlax|Body Slam|p2a: Auxiliary\n|-damage|p2a: Auxiliary|42/100 par\n|\n|upkeep\n|turn|61\n|\n|t:|1739123414\n|move|p2a: Auxiliary|Recover|p2a: Auxiliary\n|-heal|p2a: Auxiliary|92/100 par\n|cant|p1a: Snorlax|par\n|\n|upkeep\n|turn|62\n|\n|t:|1739123416\n|move|p2a: Auxiliary|Psychic|p1a: Snorlax\n|-damage|p1a: Snorlax|35/100 par\n|move|p1a: Snorlax|Rest|p1a: Snorlax\n|-status|p1a: Snorlax|slp|[from] move: Rest\n|-heal|p1a: Snorlax|100/100 slp|[silent]\n|\n|upkeep\n|turn|63\n|\n|t:|1739123419\n|move|p2a: Auxiliary|Psychic|p1a: Snorlax\n|-damage|p1a: Snorlax|76/100 slp\n|cant|p1a: Snorlax|slp\n|\n|upkeep\n|turn|64\n|\n|t:|1739123422\n|move|p2a: Auxiliary|Psychic|p1a: Snorlax|[miss]\n|-miss|p2a: Auxiliary\n|-hint|In Gen 1, moves with 100% accuracy can still miss 1/256 of the time.\n|-curestatus|p1a: Snorlax|slp|[msg]\n|\n|upkeep\n|turn|65\n|\n|t:|1739123425\n|switch|p1a: Starmie|Starmie|87/100 par\n|move|p2a: Auxiliary|Thunder Wave|p1a: Starmie\n|-fail|p1a: Starmie|par\n|\n|upkeep\n|turn|66\n|\n|t:|1739123429\n|switch|p2a: Nomad|Snorlax|100/100 par\n|move|p1a: Starmie|Surf|p2a: Nomad\n|-crit|p2a: Nomad\n|-damage|p2a: Nomad|46/100 par\n|\n|upkeep\n|turn|67\n|\n|t:|1739123431\n|move|p1a: Starmie|Surf|p2a: Nomad\n|-damage|p2a: Nomad|19/100 par\n|move|p2a: Nomad|Rest|p2a: Nomad\n|-status|p2a: Nomad|slp|[from] move: Rest\n|-heal|p2a: Nomad|100/100 slp|[silent]\n|\n|upkeep\n|turn|68\n|\n|t:|1739123433\n|move|p1a: Starmie|Surf|p2a: Nomad\n|-damage|p2a: Nomad|74/100 slp\n|cant|p2a: Nomad|slp\n|\n|upkeep\n|turn|69\n|\n|t:|1739123435\n|move|p1a: Starmie|Surf|p2a: Nomad\n|-damage|p2a: Nomad|47/100 slp\n|-curestatus|p2a: Nomad|slp|[msg]\n|\n|upkeep\n|turn|70\n|\n|t:|1739123437\n|move|p1a: Starmie|Surf|p2a: Nomad\n|-damage|p2a: Nomad|18/100\n|move|p2a: Nomad|Rest|p2a: Nomad\n|-status|p2a: Nomad|slp|[from] move: Rest\n|-heal|p2a: Nomad|100/100 slp|[silent]\n|\n|upkeep\n|turn|71\n|\n|t:|1739123438\n|cant|p1a: Starmie|par\n|cant|p2a: Nomad|slp\n|\n|upkeep\n|turn|72\n|\n|t:|1739123440\n|cant|p1a: Starmie|par\n|-curestatus|p2a: Nomad|slp|[msg]\n|\n|upkeep\n|turn|73\n|\n|t:|1739123441\n|move|p1a: Starmie|Thunder Wave|p2a: Nomad\n|-status|p2a: Nomad|par\n|cant|p2a: Nomad|par\n|\n|upkeep\n|turn|74\n|\n|t:|1739123443\n|move|p1a: Starmie|Thunderbolt|p2a: Nomad\n|-crit|p2a: Nomad\n|-damage|p2a: Nomad|64/100 par\n|move|p2a: Nomad|Body Slam|p1a: Starmie\n|-damage|p1a: Starmie|50/100 par\n|\n|upkeep\n|turn|75\n|\n|t:|1739123445\n|move|p1a: Starmie|Recover|p1a: Starmie\n|-heal|p1a: Starmie|99/100 par\n|move|p2a: Nomad|Body Slam|p1a: Starmie\n|-damage|p1a: Starmie|65/100 par\n|\n|upkeep\n|turn|76\n|\n|t:|1739123448\n|switch|p1a: Snorlax|Snorlax|76/100\n|move|p2a: Nomad|Body Slam|p1a: Snorlax\n|-damage|p1a: Snorlax|48/100\n|\n|upkeep\n|turn|77\n|\n|t:|1739123453\n|move|p1a: Snorlax|Body Slam|p2a: Nomad\n|-damage|p2a: Nomad|35/100 par\n|move|p2a: Nomad|Reflect|p2a: Nomad\n|-start|p2a: Nomad|Reflect\n|\n|upkeep\n|turn|78\n|\n|t:|1739123459\n|move|p1a: Snorlax|Body Slam|p2a: Nomad\n|-damage|p2a: Nomad|22/100 par\n|move|p2a: Nomad|Rest|p2a: Nomad\n|-status|p2a: Nomad|slp|[from] move: Rest\n|-heal|p2a: Nomad|100/100 slp|[silent]\n|\n|upkeep\n|turn|79\n|\n|t:|1739123461\n|move|p1a: Snorlax|Reflect|p1a: Snorlax\n|-start|p1a: Snorlax|Reflect\n|cant|p2a: Nomad|slp\n|\n|upkeep\n|turn|80\n|\n|t:|1739123462\n|move|p1a: Snorlax|Body Slam|p2a: Nomad\n|-damage|p2a: Nomad|87/100 slp\n|-curestatus|p2a: Nomad|slp|[msg]\n|\n|upkeep\n|turn|81\n|\n|t:|1739123464\n|move|p1a: Snorlax|Body Slam|p2a: Nomad\n|-damage|p2a: Nomad|73/100\n|move|p2a: Nomad|Body Slam|p1a: Snorlax\n|-damage|p1a: Snorlax|34/100\n|\n|upkeep\n|turn|82\n|\n|t:|1739123466\n|move|p1a: Snorlax|Rest|p1a: Snorlax\n|-status|p1a: Snorlax|slp|[from] move: Rest\n|-heal|p1a: Snorlax|100/100 slp|[silent]\n|move|p2a: Nomad|Body Slam|p1a: Snorlax\n|-damage|p1a: Snorlax|88/100 slp\n|\n|upkeep\n|turn|83\n|\n|t:|1739123468\n|switch|p2a: Auxiliary|Starmie|92/100 par\n|cant|p1a: Snorlax|slp\n|\n|upkeep\n|turn|84\n|\n|t:|1739123470\n|-curestatus|p1a: Snorlax|slp|[msg]\n|move|p2a: Auxiliary|Psychic|p1a: Snorlax\n|-damage|p1a: Snorlax|61/100\n|\n|upkeep\n|turn|85\n|\n|t:|1739123473\n|switch|p1a: Starmie|Starmie|65/100 par\n|cant|p2a: Auxiliary|par\n|\n|upkeep\n|turn|86\n|\n|t:|1739123477\n|switch|p2a: Nomad|Snorlax|73/100\n|move|p1a: Starmie|Thunder Wave|p2a: Nomad\n|-status|p2a: Nomad|par\n|\n|upkeep\n|turn|87\n|\n|t:|1739123482\n|move|p1a: Starmie|Surf|p2a: Nomad\n|-crit|p2a: Nomad\n|-damage|p2a: Nomad|17/100 par\n|move|p2a: Nomad|Body Slam|p1a: Starmie\n|-damage|p1a: Starmie|27/100 par\n|\n|upkeep\n|turn|88\n|\n|t:|1739123493\n|move|p1a: Starmie|Thunderbolt|p2a: Nomad\n|-damage|p2a: Nomad|0 fnt\n|faint|p2a: Nomad\n|\n|t:|1739123500\n|switch|p2a: Truth-Is-Waiting|Rhydon|100/100\n|turn|89\n|\n|t:|1739123507\n|switch|p1a: Chansey|Chansey|7/100 par\n|move|p2a: Truth-Is-Waiting|Substitute|p2a: Truth-Is-Waiting\n|-start|p2a: Truth-Is-Waiting|Substitute\n|-damage|p2a: Truth-Is-Waiting|76/100\n|\n|upkeep\n|turn|90\n|\n|t:|1739123509\n|move|p2a: Truth-Is-Waiting|Earthquake|p1a: Chansey\n|-damage|p1a: Chansey|0 fnt\n|faint|p1a: Chansey\n|\n|t:|1739123511\n|switch|p1a: Tauros|Tauros|100/100\n|turn|91\n|\n|t:|1739123513\n|move|p1a: Tauros|Earthquake|p2a: Truth-Is-Waiting\n|-supereffective|p2a: Truth-Is-Waiting\n|-end|p2a: Truth-Is-Waiting|Substitute\n|move|p2a: Truth-Is-Waiting|Earthquake|p1a: Tauros\n|-damage|p1a: Tauros|61/100\n|\n|upkeep\n|turn|92\n|\n|t:|1739123516\n|switch|p2a: Auxiliary|Starmie|92/100 par\n|move|p1a: Tauros|Earthquake|p2a: Auxiliary\n|-damage|p2a: Auxiliary|63/100 par\n|\n|upkeep\n|turn|93\n|\n|t:|1739123527\n|switch|p1a: Rhydon|Rhydon|100/100\n|move|p2a: Auxiliary|Recover|p2a: Auxiliary\n|-heal|p2a: Auxiliary|100/100 par\n|\n|upkeep\n|turn|94\n|\n|t:|1739123555\n|move|p1a: Rhydon|Earthquake|p2a: Auxiliary\n|-damage|p2a: Auxiliary|48/100 par\n|move|p2a: Auxiliary|Blizzard|p1a: Rhydon\n|-supereffective|p1a: Rhydon\n|-damage|p1a: Rhydon|24/100\n|\n|upkeep\n|turn|95\n|\n|t:|1739123566\n|switch|p2a: Contemplation|Jynx|100/100 slp\n|move|p1a: Rhydon|Earthquake|p2a: Contemplation\n|-damage|p2a: Contemplation|21/100 slp\n|\n|upkeep\n|turn|96\n|\n|t:|1739123575\n|switch|p1a: Starmie|Starmie|27/100 par\n|cant|p2a: Contemplation|slp\n|\n|upkeep\n|turn|97\n|\n|t:|1739123578\n|switch|p2a: Truth-Is-Waiting|Rhydon|76/100\n|move|p1a: Starmie|Recover|p1a: Starmie\n|-heal|p1a: Starmie|77/100 par\n|\n|upkeep\n|turn|98\n|\n|t:|1739123582\n|move|p2a: Truth-Is-Waiting|Substitute|p2a: Truth-Is-Waiting\n|-start|p2a: Truth-Is-Waiting|Substitute\n|-damage|p2a: Truth-Is-Waiting|51/100\n|move|p1a: Starmie|Surf|p2a: Truth-Is-Waiting\n|-supereffective|p2a: Truth-Is-Waiting\n|-end|p2a: Truth-Is-Waiting|Substitute\n|\n|upkeep\n|turn|99\n|\n|t:|1739123586\n|move|p2a: Truth-Is-Waiting|Substitute|p2a: Truth-Is-Waiting\n|-start|p2a: Truth-Is-Waiting|Substitute\n|-damage|p2a: Truth-Is-Waiting|26/100\n|move|p1a: Starmie|Surf|p2a: Truth-Is-Waiting\n|-supereffective|p2a: Truth-Is-Waiting\n|-end|p2a: Truth-Is-Waiting|Substitute\n|\n|upkeep\n|turn|100\n|\n|t:|1739123592\n|move|p2a: Truth-Is-Waiting|Substitute|p2a: Truth-Is-Waiting\n|-start|p2a: Truth-Is-Waiting|Substitute\n|-damage|p2a: Truth-Is-Waiting|1/100\n|move|p1a: Starmie|Surf|p2a: Truth-Is-Waiting\n|-crit|p2a: Truth-Is-Waiting\n|-supereffective|p2a: Truth-Is-Waiting\n|-end|p2a: Truth-Is-Waiting|Substitute\n|\n|upkeep\n|turn|101\n|\n|t:|1739123596\n|switch|p1a: Rhydon|Rhydon|24/100\n|move|p2a: Truth-Is-Waiting|Earthquake|p1a: Rhydon\n|-supereffective|p1a: Rhydon\n|-damage|p1a: Rhydon|0 fnt\n|faint|p1a: Rhydon\n|\n|t:|1739123600\n|switch|p1a: Tauros|Tauros|61/100\n|turn|102\n|\n|t:|1739123602\n|switch|p2a: Contemplation|Jynx|21/100 slp\n|move|p1a: Tauros|Body Slam|p2a: Contemplation\n|-damage|p2a: Contemplation|0 fnt\n|faint|p2a: Contemplation\n|\n|t:|1739123604\n|switch|p2a: STORMBLESSED|Tauros|70/100\n|turn|103\n|\n|t:|1739123608\n|move|p1a: Tauros|Body Slam|p2a: STORMBLESSED\n|-damage|p2a: STORMBLESSED|41/100\n|move|p2a: STORMBLESSED|Body Slam|p1a: Tauros\n|-damage|p1a: Tauros|33/100\n|\n|upkeep\n|turn|104\n|\n|t:|1739123620\n|switch|p1a: Jynx|Jynx|100/100 slp\n|move|p2a: STORMBLESSED|Hyper Beam|p1a: Jynx\n|-damage|p1a: Jynx|1/100 slp\n|-mustrecharge|p2a: STORMBLESSED\n|\n|upkeep\n|turn|105\n|\n|t:|1739123649\n|switch|p1a: Snorlax|Snorlax|61/100\n|cant|p2a: STORMBLESSED|recharge\n|\n|upkeep\n|turn|106\n|\n|t:|1739123673\n|move|p2a: STORMBLESSED|Hyper Beam|p1a: Snorlax\n|-crit|p1a: Snorlax\n|-damage|p1a: Snorlax|0 fnt\n|faint|p1a: Snorlax\n|\n|t:|1739123677\n|switch|p1a: Starmie|Starmie|77/100 par\n|turn|107\n|\n|t:|1739123683\n|switch|p2a: Auxiliary|Starmie|48/100 par\n|move|p1a: Starmie|Thunderbolt|p2a: Auxiliary\n|-crit|p2a: Auxiliary\n|-supereffective|p2a: Auxiliary\n|-damage|p2a: Auxiliary|0 fnt\n|faint|p2a: Auxiliary\n|\n|t:|1739123687\n|switch|p2a: Truth-Is-Waiting|Rhydon|1/100\n|turn|108\n|\n|t:|1739123704\n|switch|p1a: Jynx|Jynx|1/100 slp\n|move|p2a: Truth-Is-Waiting|Rest|p2a: Truth-Is-Waiting\n|-status|p2a: Truth-Is-Waiting|slp|[from] move: Rest\n|-heal|p2a: Truth-Is-Waiting|100/100 slp|[silent]\n|\n|upkeep\n|turn|109\n|\n|t:|1739123733\n|switch|p1a: Starmie|Starmie|77/100 par\n|cant|p2a: Truth-Is-Waiting|slp\n|\n|upkeep\n|turn|110\n|\n|t:|1739123736\n|-curestatus|p2a: Truth-Is-Waiting|slp|[msg]\n|move|p1a: Starmie|Surf|p2a: Truth-Is-Waiting\n|-supereffective|p2a: Truth-Is-Waiting\n|-damage|p2a: Truth-Is-Waiting|0 fnt\n|faint|p2a: Truth-Is-Waiting\n|\n|t:|1739123737\n|switch|p2a: STORMBLESSED|Tauros|41/100\n|turn|111\n|\n|t:|1739123750\n|move|p2a: STORMBLESSED|Body Slam|p1a: Starmie\n|-crit|p1a: Starmie\n|-damage|p1a: Starmie|6/100 par\n|move|p1a: Starmie|Thunder Wave|p2a: STORMBLESSED\n|-status|p2a: STORMBLESSED|par\n|\n|upkeep\n|turn|112\n|\n|t:|1739123755\n|move|p1a: Starmie|Surf|p2a: STORMBLESSED\n|-damage|p2a: STORMBLESSED|0 fnt\n|faint|p2a: STORMBLESSED\n|\n|win|Amaranth\n|c|☆Amaranth|ggs\n|c|☆shiloh|ggs\n","uploadtime":1739123226,"views":"1720","formatid":"gen1ou","rating":null,"private":0,"password":null}