{"id":"smogtours-gen1ou-949977","format":"[Gen 1] OU","players":["Acetylaldehyde","Deezcastforms"],"log":"|inactive|Battle timer is ON: inactive players will automatically lose when time's up.\n|t:|1782353541\n|gametype|singles\n|player|p1|Acetylaldehyde|scientist-gen1rb|\n|player|p2|Deezcastforms|#adpl8|\n|gen|1\n|tier|[Gen 1] OU\n|rule|Desync Clause Mod: Desyncs changed to move failure.\n|rule|HP Percentage Mod: HP is shown in percentages\n|rule|Endless Battle Clause: Forcing endless battles is banned\n|rule|Sleep Clause Mod: Limit one foe put to sleep\n|rule|Freeze Clause Mod: Limit one foe frozen\n|rule|Species Clause: Limit one of each Pokémon\n|rule|OHKO Clause: OHKO moves are banned\n|rule|Evasion Moves Clause: Evasion moves are banned\n|\n|t:|1782353541\n|teamsize|p1|6\n|teamsize|p2|6\n|start\n|switch|p1a: Gengar|Gengar|100/100\n|switch|p2a: Alakazam|Alakazam|100/100\n|turn|1\n|inactive|Acetylaldehyde also wants the timer to be on.\n|c|☆Acetylaldehyde|glhf\n|c|☆Deezcastforms|hf\n|inactive|Deezcastforms has 270 seconds left.\n|\n|t:|1782353581\n|switch|p1a: Exeggutor|Exeggutor|100/100\n|move|p2a: Alakazam|Psychic|p1a: Exeggutor\n|-resisted|p1a: Exeggutor\n|-damage|p1a: Exeggutor|87/100\n|\n|upkeep\n|turn|2\n|\n|t:|1782353586\n|move|p2a: Alakazam|Seismic Toss|p1a: Exeggutor\n|-damage|p1a: Exeggutor|62/100\n|move|p1a: Exeggutor|Sleep Powder|p2a: Alakazam\n|-status|p2a: Alakazam|slp|[from] move: Sleep Powder\n|\n|upkeep\n|turn|3\n|\n|t:|1782353592\n|switch|p2a: Exeggutor|Exeggutor|100/100\n|move|p1a: Exeggutor|Stun Spore|p2a: Exeggutor|[miss]\n|-miss|p1a: Exeggutor\n|\n|upkeep\n|turn|4\n|inactive|Deezcastforms has 270 seconds left.\n|inactive|Acetylaldehyde has 270 seconds left.\n|\n|t:|1782353642\n|move|p1a: Exeggutor|Stun Spore|p2a: Exeggutor\n|-status|p2a: Exeggutor|par\n|move|p2a: Exeggutor|Sleep Powder|p1a: Exeggutor\n|-status|p1a: Exeggutor|slp|[from] move: Sleep Powder\n|\n|upkeep\n|turn|5\n|inactive|Acetylaldehyde has 270 seconds left.\n|inactive|Deezcastforms has 270 seconds left.\n|\n|t:|1782353660\n|cant|p1a: Exeggutor|slp\n|move|p2a: Exeggutor|Psychic|p1a: Exeggutor\n|-resisted|p1a: Exeggutor\n|-damage|p1a: Exeggutor|49/100 slp\n|-unboost|p1a: Exeggutor|spa|1\n|-unboost|p1a: Exeggutor|spd|1\n|\n|upkeep\n|turn|6\n|inactive|Deezcastforms has 270 seconds left.\n|inactive|Acetylaldehyde has 270 seconds left.\n|\n|t:|1782353690\n|switch|p1a: Starmie|Starmie|100/100\n|move|p2a: Exeggutor|Psychic|p1a: Starmie\n|-resisted|p1a: Starmie\n|-damage|p1a: Starmie|80/100\n|\n|upkeep\n|turn|7\n|inactive|Acetylaldehyde has 270 seconds left.\n|\n|t:|1782353706\n|switch|p1a: Snorlax|Snorlax|100/100\n|switch|p2a: Starmie|Starmie|100/100\n|\n|upkeep\n|turn|8\n|\n|t:|1782353721\n|move|p2a: Starmie|Thunder Wave|p1a: Snorlax\n|-status|p1a: Snorlax|par\n|cant|p1a: Snorlax|par\n|\n|upkeep\n|turn|9\n|\n|t:|1782353726\n|move|p2a: Starmie|Surf|p1a: Snorlax\n|-damage|p1a: Snorlax|75/100 par\n|move|p1a: Snorlax|Body Slam|p2a: Starmie\n|-crit|p2a: Starmie\n|-damage|p2a: Starmie|29/100\n|\n|upkeep\n|turn|10\n|inactive|Acetylaldehyde has 270 seconds left.\n|\n|t:|1782353751\n|move|p2a: Starmie|Recover|p2a: Starmie\n|-heal|p2a: Starmie|79/100\n|move|p1a: Snorlax|Body Slam|p2a: Starmie\n|-damage|p2a: Starmie|40/100\n|\n|upkeep\n|turn|11\n|\n|t:|1782353756\n|move|p2a: Starmie|Recover|p2a: Starmie\n|-heal|p2a: Starmie|89/100\n|move|p1a: Snorlax|Body Slam|p2a: Starmie\n|-damage|p2a: Starmie|51/100\n|\n|upkeep\n|turn|12\n|inactive|Acetylaldehyde has 270 seconds left.\n|\n|t:|1782353768\n|move|p2a: Starmie|Recover|p2a: Starmie\n|-heal|p2a: Starmie|100/100\n|cant|p1a: Snorlax|par\n|\n|upkeep\n|turn|13\n|\n|t:|1782353776\n|move|p2a: Starmie|Surf|p1a: Snorlax\n|-damage|p1a: Snorlax|49/100 par\n|cant|p1a: Snorlax|par\n|\n|upkeep\n|turn|14\n|inactive|Deezcastforms has 270 seconds left.\n|\n|t:|1782353811\n|move|p2a: Starmie|Surf|p1a: Snorlax\n|-crit|p1a: Snorlax\n|-damage|p1a: Snorlax|0 fnt\n|faint|p1a: Snorlax\n|\n|t:|1782353827\n|switch|p1a: Gengar|Gengar|100/100\n|turn|15\n|\n|t:|1782353830\n|switch|p2a: Exeggutor|Exeggutor|100/100 par\n|move|p1a: Gengar|Thunderbolt|p2a: Exeggutor\n|-resisted|p2a: Exeggutor\n|-damage|p2a: Exeggutor|91/100 par\n|\n|upkeep\n|turn|16\n|\n|t:|1782353844\n|switch|p1a: Exeggutor|Exeggutor|49/100 slp\n|switch|p2a: Snorlax|Snorlax|100/100\n|\n|upkeep\n|turn|17\n|\n|t:|1782353857\n|switch|p1a: Gengar|Gengar|100/100\n|move|p2a: Snorlax|Hyper Beam|p1a: Gengar\n|-immune|p1a: Gengar\n|\n|upkeep\n|turn|18\n|\n|t:|1782353863\n|move|p1a: Gengar|Night Shade|p2a: Snorlax\n|-damage|p2a: Snorlax|81/100\n|move|p2a: Snorlax|Earthquake|p1a: Gengar\n|-supereffective|p1a: Gengar\n|-damage|p1a: Gengar|34/100\n|\n|upkeep\n|turn|19\n|\n|t:|1782353870\n|switch|p2a: Exeggutor|Exeggutor|91/100 par\n|move|p1a: Gengar|Explosion|p2a: Exeggutor\n|-damage|p2a: Exeggutor|31/100 par\n|faint|p1a: Gengar\n|\n|t:|1782353876\n|switch|p1a: Tauros|Tauros|100/100\n|turn|20\n|\n|t:|1782353887\n|move|p1a: Tauros|Blizzard|p2a: Exeggutor\n|-supereffective|p2a: Exeggutor\n|-damage|p2a: Exeggutor|0 fnt\n|faint|p2a: Exeggutor\n|\n|t:|1782353917\n|switch|p2a: Snorlax|Snorlax|81/100\n|turn|21\n|\n|t:|1782353926\n|switch|p1a: Golem|Golem|100/100\n|move|p2a: Snorlax|Body Slam|p1a: Golem\n|-resisted|p1a: Golem\n|-damage|p1a: Golem|89/100\n|\n|upkeep\n|turn|22\n|inactive|Deezcastforms has 270 seconds left.\n|\n|t:|1782353956\n|move|p1a: Golem|Earthquake|p2a: Snorlax\n|-crit|p2a: Snorlax\n|-damage|p2a: Snorlax|23/100\n|move|p2a: Snorlax|Earthquake|p1a: Golem\n|-supereffective|p1a: Golem\n|-damage|p1a: Golem|48/100\n|\n|upkeep\n|turn|23\n|inactive|Deezcastforms has 270 seconds left.\n|inactive|Deezcastforms has 240 seconds left.\n|\n|t:|1782354002\n|move|p1a: Golem|Body Slam|p2a: Snorlax\n|-damage|p2a: Snorlax|5/100\n|move|p2a: Snorlax|Self-Destruct|p1a: Golem\n|-resisted|p1a: Golem\n|-damage|p1a: Golem|11/100\n|faint|p2a: Snorlax\n|\n|t:|1782354011\n|switch|p2a: Tauros|Tauros|100/100\n|turn|24\n|inactive|Deezcastforms has 240 seconds left.\n|\n|t:|1782354031\n|switch|p1a: Exeggutor|Exeggutor|49/100 slp\n|move|p2a: Tauros|Earthquake|p1a: Exeggutor\n|-resisted|p1a: Exeggutor\n|-damage|p1a: Exeggutor|37/100 slp\n|\n|upkeep\n|turn|25\n|inactive|Deezcastforms has 210 seconds left.\n|\n|t:|1782354059\n|move|p2a: Tauros|Body Slam|p1a: Exeggutor\n|-damage|p1a: Exeggutor|11/100 slp\n|cant|p1a: Exeggutor|slp\n|\n|upkeep\n|turn|26\n|\n|t:|1782354064\n|move|p2a: Tauros|Body Slam|p1a: Exeggutor\n|-crit|p1a: Exeggutor\n|-damage|p1a: Exeggutor|0 fnt\n|faint|p1a: Exeggutor\n|\n|t:|1782354069\n|switch|p1a: Starmie|Starmie|80/100\n|turn|27\n|\n|t:|1782354075\n|switch|p2a: Alakazam|Alakazam|100/100 slp\n|move|p1a: Starmie|Thunder Wave|p2a: Alakazam\n|-fail|p2a: Alakazam\n|\n|upkeep\n|turn|28\n|\n|t:|1782354085\n|cant|p2a: Alakazam|slp\n|move|p1a: Starmie|Surf|p2a: Alakazam\n|-damage|p2a: Alakazam|70/100 slp\n|\n|upkeep\n|turn|29\n|\n|t:|1782354092\n|cant|p2a: Alakazam|slp\n|move|p1a: Starmie|Surf|p2a: Alakazam\n|-crit|p2a: Alakazam\n|-damage|p2a: Alakazam|13/100 slp\n|\n|upkeep\n|turn|30\n|\n|t:|1782354099\n|-curestatus|p2a: Alakazam|slp|[msg]\n|move|p1a: Starmie|Thunder Wave|p2a: Alakazam\n|-status|p2a: Alakazam|par\n|\n|upkeep\n|turn|31\n|\n|t:|1782354104\n|move|p1a: Starmie|Thunderbolt|p2a: Alakazam\n|-damage|p2a: Alakazam|0 fnt\n|faint|p2a: Alakazam\n|\n|t:|1782354107\n|switch|p2a: Starmie|Starmie|100/100\n|turn|32\n|\n|t:|1782354109\n|move|p1a: Starmie|Thunder Wave|p2a: Starmie\n|-status|p2a: Starmie|par\n|move|p2a: Starmie|Thunder Wave|p1a: Starmie\n|-status|p1a: Starmie|par\n|\n|upkeep\n|turn|33\n|inactive|Deezcastforms has 270 seconds left.\n|\n|t:|1782354135\n|switch|p1a: Golem|Golem|11/100\n|move|p2a: Starmie|Thunderbolt|p1a: Golem\n|-immune|p1a: Golem\n|\n|upkeep\n|turn|34\n|\n|t:|1782354140\n|move|p1a: Golem|Explosion|p2a: Starmie\n|-damage|p2a: Starmie|5/100 par\n|faint|p1a: Golem\n|\n|t:|1782354144\n|switch|p1a: Tauros|Tauros|100/100\n|turn|35\n|\n|t:|1782354148\n|move|p1a: Tauros|Body Slam|p2a: Starmie\n|-crit|p2a: Starmie\n|-damage|p2a: Starmie|0 fnt\n|faint|p2a: Starmie\n|\n|t:|1782354157\n|switch|p2a: Tauros|Tauros|100/100\n|turn|36\n|\n|t:|1782354160\n|move|p1a: Tauros|Body Slam|p2a: Tauros\n|-damage|p2a: Tauros|71/100\n|move|p2a: Tauros|Body Slam|p1a: Tauros\n|-damage|p1a: Tauros|70/100\n|\n|upkeep\n|turn|37\n|\n|t:|1782354173\n|move|p1a: Tauros|Body Slam|p2a: Tauros\n|-damage|p2a: Tauros|44/100\n|move|p2a: Tauros|Hyper Beam|p1a: Tauros\n|-damage|p1a: Tauros|15/100\n|-mustrecharge|p2a: Tauros\n|\n|upkeep\n|turn|38\n|\n|t:|1782354180\n|cant|p2a: Tauros|recharge\n|move|p1a: Tauros|Hyper Beam|p2a: Tauros\n|-damage|p2a: Tauros|0 fnt\n|faint|p2a: Tauros\n|\n|t:|1782354182\n|switch|p2a: Zapdos|Zapdos|100/100\n|turn|39\n|\n|t:|1782354188\n|move|p1a: Tauros|Blizzard|p2a: Zapdos|[miss]\n|-miss|p1a: Tauros\n|move|p2a: Zapdos|Agility|p2a: Zapdos\n|-boost|p2a: Zapdos|spe|2\n|\n|upkeep\n|turn|40\n|\n|t:|1782354194\n|move|p2a: Zapdos|Thunderbolt|p1a: Tauros\n|-damage|p1a: Tauros|0 fnt\n|faint|p1a: Tauros\n|\n|t:|1782354197\n|switch|p1a: Starmie|Starmie|80/100 par\n|turn|41\n|\n|t:|1782354200\n|move|p2a: Zapdos|Thunderbolt|p1a: Starmie\n|-supereffective|p1a: Starmie\n|-damage|p1a: Starmie|0 fnt\n|faint|p1a: Starmie\n|\n|win|Deezcastforms\n|c|☆Acetylaldehyde|gg\n|c|☆Deezcastforms|gg\n","uploadtime":1782354200,"views":"69","formatid":"gen1ou","rating":null,"private":0,"password":null}