{"id":"smogtours-gen1ou-958383","format":"[Gen 1] OU","players":["SOULWIND","Nails"],"log":"|inactive|Battle timer is ON: inactive players will automatically lose when time's up.\n|t:|1784837942\n|gametype|singles\n|player|p1|SOULWIND|#wcop2024spain2|\n|player|p2|Nails|#scl2terrors|\n|gen|1\n|tier|[Gen 1] OU\n|rule|Desync Clause Mod: Desyncs resolve to link battle behavior from the acting player's perspective.\n|rule|HP Percentage Mod: HP is shown in percentages\n|rule|Endless Battle Clause: Forcing endless battles is banned\n|rule|Sleep Clause Mod: Limit one foe put to sleep\n|rule|Freeze Clause Mod: Limit one foe frozen\n|rule|Species Clause: Limit one of each Pokémon\n|rule|OHKO Clause: OHKO moves are banned\n|rule|Evasion Moves Clause: Evasion moves are banned\n|\n|t:|1784837942\n|teamsize|p1|6\n|teamsize|p2|6\n|start\n|switch|p1a: Jynx|Jynx|100/100\n|switch|p2a: Starmie|Starmie|100/100\n|turn|1\n|c|☆Nails|hf\n|c|☆SOULWIND|hf\n|\n|t:|1784837959\n|move|p2a: Starmie|Thunder Wave|p1a: Jynx\n|-status|p1a: Jynx|par\n|move|p1a: Jynx|Lovely Kiss|p2a: Starmie|[miss]\n|-miss|p1a: Jynx\n|\n|upkeep\n|turn|2\n|\n|t:|1784837965\n|move|p2a: Starmie|Thunderbolt|p1a: Jynx\n|-crit|p1a: Jynx\n|-damage|p1a: Jynx|56/100 par\n|move|p1a: Jynx|Lovely Kiss|p2a: Starmie|[miss]\n|-miss|p1a: Jynx\n|\n|upkeep\n|turn|3\n|\n|t:|1784837971\n|move|p2a: Starmie|Thunderbolt|p1a: Jynx\n|-crit|p1a: Jynx\n|-damage|p1a: Jynx|8/100 par\n|cant|p1a: Jynx|par\n|\n|upkeep\n|turn|4\n|\n|t:|1784837991\n|switch|p1a: Chansey|Chansey|100/100\n|move|p2a: Starmie|Psychic|p1a: Chansey\n|-damage|p1a: Chansey|86/100\n|\n|upkeep\n|turn|5\n|\n|t:|1784838009\n|switch|p2a: Chansey|Chansey|100/100\n|move|p1a: Chansey|Thunder Wave|p2a: Chansey\n|-status|p2a: Chansey|par\n|\n|upkeep\n|turn|6\n|inactive|Nails has 270 seconds left.\n|inactive|Nails has 240 seconds left.\n|\n|t:|1784838066\n|switch|p1a: Snorlax|Snorlax|100/100\n|move|p2a: Chansey|Ice Beam|p1a: Snorlax\n|-damage|p1a: Snorlax|82/100\n|\n|upkeep\n|turn|7\n|inactive|Nails has 240 seconds left.\n|\n|t:|1784838093\n|move|p1a: Snorlax|Body Slam|p2a: Chansey\n|-crit|p2a: Chansey\n|-damage|p2a: Chansey|20/100 par\n|move|p2a: Chansey|Sing|p1a: Snorlax|[miss]\n|-miss|p2a: Chansey\n|\n|upkeep\n|turn|8\n|\n|t:|1784838102\n|switch|p2a: Snorlax|Snorlax|100/100\n|move|p1a: Snorlax|Body Slam|p2a: Snorlax\n|-damage|p2a: Snorlax|73/100\n|\n|upkeep\n|turn|9\n|\n|t:|1784838107\n|move|p2a: Snorlax|Reflect|p2a: Snorlax\n|-start|p2a: Snorlax|Reflect\n|move|p1a: Snorlax|Body Slam|p2a: Snorlax\n|-damage|p2a: Snorlax|59/100\n|\n|upkeep\n|turn|10\n|\n|t:|1784838112\n|switch|p1a: Chansey|Chansey|86/100\n|move|p2a: Snorlax|Body Slam|p1a: Chansey\n|-damage|p1a: Chansey|44/100\n|\n|upkeep\n|turn|11\n|\n|t:|1784838125\n|move|p1a: Chansey|Soft-Boiled|p1a: Chansey\n|-heal|p1a: Chansey|94/100\n|move|p2a: Snorlax|Body Slam|p1a: Chansey\n|-damage|p1a: Chansey|52/100\n|\n|upkeep\n|turn|12\n|\n|t:|1784838131\n|move|p1a: Chansey|Soft-Boiled|p1a: Chansey\n|-heal|p1a: Chansey|100/100\n|move|p2a: Snorlax|Self-Destruct|p1a: Chansey\n|-damage|p1a: Chansey|0 fnt\n|faint|p1a: Chansey\n|faint|p2a: Snorlax\n|\n|t:|1784838143\n|switch|p1a: Snorlax|Snorlax|82/100\n|switch|p2a: Starmie|Starmie|100/100\n|turn|13\n|\n|t:|1784838152\n|move|p2a: Starmie|Thunder Wave|p1a: Snorlax\n|-status|p1a: Snorlax|par\n|move|p1a: Snorlax|Body Slam|p2a: Starmie\n|-damage|p2a: Starmie|66/100\n|\n|upkeep\n|turn|14\n|\n|t:|1784838164\n|move|p2a: Starmie|Psychic|p1a: Snorlax\n|-damage|p1a: Snorlax|55/100 par\n|move|p1a: Snorlax|Body Slam|p2a: Starmie\n|-damage|p2a: Starmie|31/100\n|\n|upkeep\n|turn|15\n|\n|t:|1784838170\n|move|p2a: Starmie|Recover|p2a: Starmie\n|-heal|p2a: Starmie|80/100\n|move|p1a: Snorlax|Body Slam|p2a: Starmie\n|-damage|p2a: Starmie|41/100\n|\n|upkeep\n|turn|16\n|\n|t:|1784838176\n|move|p2a: Starmie|Recover|p2a: Starmie\n|-heal|p2a: Starmie|91/100\n|cant|p1a: Snorlax|par\n|\n|upkeep\n|turn|17\n|\n|t:|1784838186\n|switch|p1a: Starmie|Starmie|100/100\n|move|p2a: Starmie|Psychic|p1a: Starmie\n|-crit|p1a: Starmie\n|-resisted|p1a: Starmie\n|-damage|p1a: Starmie|68/100\n|\n|upkeep\n|turn|18\n|\n|t:|1784838194\n|move|p1a: Starmie|Thunder Wave|p2a: Starmie\n|-status|p2a: Starmie|par\n|move|p2a: Starmie|Thunder Wave|p1a: Starmie\n|-status|p1a: Starmie|par\n|\n|upkeep\n|turn|19\n|inactive|SOULWIND has 270 seconds left.\n|inactive|Nails has 270 seconds left.\n|\n|t:|1784838236\n|switch|p1a: Rhydon|Rhydon|100/100\n|move|p2a: Starmie|Thunderbolt|p1a: Rhydon\n|-immune|p1a: Rhydon\n|\n|upkeep\n|turn|20\n|inactive|SOULWIND has 270 seconds left.\n|inactive|SOULWIND has 240 seconds left.\n|\n|t:|1784838274\n|switch|p2a: Cloyster|Cloyster|100/100\n|move|p1a: Rhydon|Earthquake|p2a: Cloyster\n|-damage|p2a: Cloyster|72/100\n|\n|upkeep\n|turn|21\n|inactive|Nails has 270 seconds left.\n|\n|t:|1784838292\n|switch|p1a: Starmie|Starmie|68/100 par\n|move|p2a: Cloyster|Blizzard|p1a: Starmie\n|-resisted|p1a: Starmie\n|-damage|p1a: Starmie|48/100 par\n|\n|upkeep\n|turn|22\n|\n|t:|1784838301\n|move|p2a: Cloyster|Clamp|p1a: Starmie\n|-resisted|p1a: Starmie\n|-damage|p1a: Starmie|43/100 par\n|cant|p1a: Starmie|partiallytrapped\n|\n|upkeep\n|turn|23\n|\n|t:|1784838306\n|switch|p1a: Snorlax|Snorlax|55/100 par\n|move|p2a: Cloyster|Clamp|p1a: Snorlax\n|-damage|p1a: Snorlax|44/100 par\n|\n|upkeep\n|turn|24\n|\n|t:|1784838309\n|switch|p1a: Starmie|Starmie|43/100 par\n|move|p2a: Cloyster|Clamp|p1a: Starmie\n|-resisted|p1a: Starmie\n|-damage|p1a: Starmie|37/100 par\n|\n|upkeep\n|turn|25\n|\n|t:|1784838313\n|switch|p1a: Snorlax|Snorlax|44/100 par\n|move|p2a: Cloyster|Clamp|p1a: Snorlax|[miss]\n|-miss|p2a: Cloyster\n|\n|upkeep\n|turn|26\n|\n|t:|1784838316\n|move|p2a: Cloyster|Clamp|p1a: Snorlax\n|-damage|p1a: Snorlax|35/100 par\n|cant|p1a: Snorlax|partiallytrapped\n|\n|upkeep\n|turn|27\n|\n|t:|1784838319\n|switch|p1a: Starmie|Starmie|37/100 par\n|move|p2a: Cloyster|Clamp|p1a: Starmie|[miss]\n|-miss|p2a: Cloyster\n|\n|upkeep\n|turn|28\n|\n|t:|1784838322\n|move|p2a: Cloyster|Clamp|p1a: Starmie\n|-resisted|p1a: Starmie\n|-damage|p1a: Starmie|31/100 par\n|cant|p1a: Starmie|partiallytrapped\n|\n|upkeep\n|turn|29\n|\n|t:|1784838325\n|switch|p1a: Snorlax|Snorlax|35/100 par\n|move|p2a: Cloyster|Clamp|p1a: Snorlax\n|-damage|p1a: Snorlax|25/100 par\n|\n|upkeep\n|turn|30\n|\n|t:|1784838328\n|switch|p1a: Starmie|Starmie|31/100 par\n|move|p2a: Cloyster|Clamp|p1a: Starmie\n|-resisted|p1a: Starmie\n|-damage|p1a: Starmie|25/100 par\n|\n|upkeep\n|turn|31\n|\n|t:|1784838333\n|switch|p1a: Jynx|Jynx|8/100 par\n|move|p2a: Cloyster|Clamp|p1a: Jynx\n|-damage|p1a: Jynx|0 fnt\n|faint|p1a: Jynx\n|\n|t:|1784838335\n|switch|p1a: Starmie|Starmie|25/100 par\n|turn|32\n|\n|t:|1784838341\n|move|p2a: Cloyster|Clamp|p1a: Starmie\n|-resisted|p1a: Starmie\n|-damage|p1a: Starmie|19/100 par\n|cant|p1a: Starmie|partiallytrapped\n|\n|upkeep\n|turn|33\n|\n|t:|1784838345\n|switch|p1a: Snorlax|Snorlax|25/100 par\n|move|p2a: Cloyster|Clamp|p1a: Snorlax\n|-damage|p1a: Snorlax|16/100 par\n|\n|upkeep\n|turn|34\n|\n|t:|1784838349\n|switch|p1a: Starmie|Starmie|19/100 par\n|move|p2a: Cloyster|Clamp|p1a: Starmie|[miss]\n|-miss|p2a: Cloyster\n|\n|upkeep\n|turn|35\n|\n|t:|1784838355\n|move|p2a: Cloyster|Blizzard|p1a: Starmie\n|-resisted|p1a: Starmie\n|-damage|p1a: Starmie|0 fnt\n|faint|p1a: Starmie\n|\n|t:|1784838359\n|switch|p1a: Tauros|Tauros|100/100\n|turn|36\n|\n|t:|1784838364\n|switch|p2a: Chansey|Chansey|20/100 par\n|move|p1a: Tauros|Thunderbolt|p2a: Chansey\n|-damage|p2a: Chansey|11/100 par\n|\n|upkeep\n|turn|37\n|\n|t:|1784838373\n|move|p1a: Tauros|Body Slam|p2a: Chansey\n|-damage|p2a: Chansey|0 fnt\n|faint|p2a: Chansey\n|\n|t:|1784838382\n|switch|p2a: Alakazam|Alakazam|100/100\n|turn|38\n|\n|t:|1784838390\n|move|p2a: Alakazam|Psychic|p1a: Tauros\n|-crit|p1a: Tauros\n|-damage|p1a: Tauros|16/100\n|move|p1a: Tauros|Body Slam|p2a: Alakazam\n|-damage|p2a: Alakazam|51/100\n|\n|upkeep\n|turn|39\n|\n|t:|1784838395\n|move|p2a: Alakazam|Psychic|p1a: Tauros\n|-damage|p1a: Tauros|0 fnt\n|faint|p1a: Tauros\n|\n|t:|1784838399\n|switch|p1a: Rhydon|Rhydon|100/100\n|turn|40\n|\n|t:|1784838402\n|move|p2a: Alakazam|Psychic|p1a: Rhydon\n|-damage|p1a: Rhydon|48/100\n|-unboost|p1a: Rhydon|spa|1\n|-unboost|p1a: Rhydon|spd|1\n|move|p1a: Rhydon|Earthquake|p2a: Alakazam\n|-damage|p2a: Alakazam|0 fnt\n|faint|p2a: Alakazam\n|\n|t:|1784838412\n|switch|p2a: Tauros|Tauros|100/100\n|turn|41\n|\n|t:|1784838416\n|move|p2a: Tauros|Earthquake|p1a: Rhydon\n|-supereffective|p1a: Rhydon\n|-damage|p1a: Rhydon|16/100\n|move|p1a: Rhydon|Earthquake|p2a: Tauros\n|-damage|p2a: Tauros|61/100\n|\n|upkeep\n|turn|42\n|\n|t:|1784838420\n|move|p2a: Tauros|Earthquake|p1a: Rhydon\n|-supereffective|p1a: Rhydon\n|-damage|p1a: Rhydon|0 fnt\n|faint|p1a: Rhydon\n|\n|t:|1784838422\n|switch|p1a: Snorlax|Snorlax|16/100 par\n|turn|43\n|\n|t:|1784838425\n|move|p2a: Tauros|Body Slam|p1a: Snorlax\n|-damage|p1a: Snorlax|0 fnt\n|faint|p1a: Snorlax\n|\n|win|Nails\n|c|☆Nails|ggs\n|c|☆SOULWIND|ggs\n","uploadtime":1784838425,"views":"68","formatid":"gen1ou","rating":null,"private":2,"password":null}