{"id":"smogtours-gen1ou-817544","format":"[Gen 1] OU","players":["Sceptross","chuva de perereca"],"log":"|inactive|Battle timer is ON: inactive players will automatically lose when time's up.\n|t:|1738504935\n|gametype|singles\n|player|p1|Sceptross|#splxvicryonicles|\n|player|p2|chuva de perereca|lyra|\n|teamsize|p1|6\n|teamsize|p2|6\n|gen|1\n|tier|[Gen 1] OU\n|rule|Desync Clause Mod: Desyncs changed to move failure.\n|rule|Sleep Clause Mod: Limit one foe put to sleep\n|rule|Freeze Clause Mod: Limit one foe frozen\n|rule|Species Clause: Limit one of each Pokémon\n|rule|OHKO Clause: OHKO moves are banned\n|rule|Evasion Moves Clause: Evasion moves are banned\n|rule|Endless Battle Clause: Forcing endless battles is banned\n|rule|HP Percentage Mod: HP is shown in percentages\n|\n|t:|1738504935\n|start\n|switch|p1a: Gengar|Gengar|100/100\n|switch|p2a: Jynx|Jynx|100/100\n|turn|1\n|c|☆chuva de perereca|hf\n|c|☆Sceptross|gl hf\n|inactive|Sceptross has 270 seconds left.\n|\n|t:|1738504978\n|move|p1a: Gengar|Explosion|p2a: Jynx\n|-damage|p2a: Jynx|0 fnt\n|faint|p2a: Jynx\n|faint|p1a: Gengar\n|\n|t:|1738504991\n|switch|p1a: Exeggutor|Exeggutor|100/100\n|switch|p2a: Cloyster|Cloyster|100/100\n|turn|2\n|rated|Smogon Premier League\n|inactive|Sceptross has 270 seconds left.\n|inactive|Sceptross has 240 seconds left.\n|\n|t:|1738505060\n|switch|p1a: Starmie|Starmie|100/100\n|move|p2a: Cloyster|Clamp|p1a: Starmie\n|-resisted|p1a: Starmie\n|-damage|p1a: Starmie|95/100\n|\n|upkeep\n|turn|3\n|\n|t:|1738505065\n|switch|p1a: Exeggutor|Exeggutor|100/100\n|move|p2a: Cloyster|Clamp|p1a: Exeggutor\n|-resisted|p1a: Exeggutor\n|-damage|p1a: Exeggutor|96/100\n|\n|upkeep\n|turn|4\n|\n|t:|1738505071\n|move|p2a: Cloyster|Clamp|p1a: Exeggutor|[from]Clamp\n|-damage|p1a: Exeggutor|92/100\n|cant|p1a: Exeggutor|partiallytrapped\n|\n|upkeep\n|turn|5\n|\n|t:|1738505077\n|move|p2a: Cloyster|Clamp|p1a: Exeggutor|[from]Clamp\n|-damage|p1a: Exeggutor|88/100\n|cant|p1a: Exeggutor|partiallytrapped\n|\n|upkeep\n|turn|6\n|\n|t:|1738505084\n|switch|p1a: Starmie|Starmie|95/100\n|move|p2a: Cloyster|Clamp|p1a: Starmie\n|-resisted|p1a: Starmie\n|-damage|p1a: Starmie|89/100\n|\n|upkeep\n|turn|7\n|inactive|Sceptross has 270 seconds left.\n|\n|t:|1738505093\n|switch|p1a: Exeggutor|Exeggutor|88/100\n|move|p2a: Cloyster|Clamp|p1a: Exeggutor\n|-resisted|p1a: Exeggutor\n|-damage|p1a: Exeggutor|84/100\n|\n|upkeep\n|turn|8\n|\n|t:|1738505098\n|switch|p1a: Starmie|Starmie|89/100\n|move|p2a: Cloyster|Clamp|p1a: Starmie\n|-resisted|p1a: Starmie\n|-damage|p1a: Starmie|83/100\n|\n|upkeep\n|turn|9\n|\n|t:|1738505108\n|cant|p1a: Starmie|partiallytrapped\n|move|p2a: Cloyster|Clamp|p1a: Starmie|[from]Clamp\n|-damage|p1a: Starmie|76/100\n|\n|upkeep\n|turn|10\n|\n|t:|1738505116\n|cant|p1a: Starmie|partiallytrapped\n|move|p2a: Cloyster|Clamp|p1a: Starmie|[from]Clamp\n|-damage|p1a: Starmie|70/100\n|\n|upkeep\n|turn|11\n|\n|t:|1738505128\n|switch|p1a: Exeggutor|Exeggutor|84/100\n|move|p2a: Cloyster|Clamp|p1a: Exeggutor|[miss]\n|-miss|p2a: Cloyster\n|\n|upkeep\n|turn|12\n|inactive|Sceptross has 270 seconds left.\n|\n|t:|1738505155\n|switch|p1a: Starmie|Starmie|70/100\n|move|p2a: Cloyster|Clamp|p1a: Starmie\n|-resisted|p1a: Starmie\n|-damage|p1a: Starmie|64/100\n|\n|upkeep\n|turn|13\n|\n|t:|1738505160\n|cant|p1a: Starmie|partiallytrapped\n|move|p2a: Cloyster|Clamp|p1a: Starmie|[from]Clamp\n|-damage|p1a: Starmie|58/100\n|\n|upkeep\n|turn|14\n|\n|t:|1738505164\n|switch|p2a: Alakazam|Alakazam|100/100\n|move|p1a: Starmie|Recover|p1a: Starmie\n|-heal|p1a: Starmie|100/100\n|\n|upkeep\n|turn|15\n|inactive|Sceptross has 270 seconds left.\n|inactive|Sceptross has 240 seconds left.\n|inactive|Sceptross has 210 seconds left.\n|inactive|Sceptross has 180 seconds left.\n|\n|t:|1738505293\n|switch|p1a: Exeggutor|Exeggutor|84/100\n|move|p2a: Alakazam|Thunder Wave|p1a: Exeggutor\n|-status|p1a: Exeggutor|par\n|\n|upkeep\n|turn|16\n|\n|t:|1738505298\n|move|p2a: Alakazam|Seismic Toss|p1a: Exeggutor\n|-damage|p1a: Exeggutor|59/100 par\n|move|p1a: Exeggutor|Sleep Powder|p2a: Alakazam\n|-status|p2a: Alakazam|slp|[from] move: Sleep Powder\n|\n|upkeep\n|turn|17\n|inactive|Sceptross has 180 seconds left.\n|inactive|Sceptross has 150 seconds left.\n|\n|t:|1738505348\n|switch|p1a: Snorlax|Snorlax|100/100\n|cant|p2a: Alakazam|slp\n|\n|upkeep\n|turn|18\n|\n|t:|1738505352\n|switch|p2a: Cloyster|Cloyster|100/100\n|move|p1a: Snorlax|Body Slam|p2a: Cloyster\n|-damage|p2a: Cloyster|78/100\n|\n|upkeep\n|turn|19\n|\n|t:|1738505364\n|move|p2a: Cloyster|Blizzard|p1a: Snorlax\n|-damage|p1a: Snorlax|70/100\n|move|p1a: Snorlax|Body Slam|p2a: Cloyster\n|-damage|p2a: Cloyster|54/100\n|\n|upkeep\n|turn|20\n|inactive|Sceptross has 150 seconds left.\n|inactive|Sceptross has 120 seconds left.\n|\n|t:|1738505435\n|switch|p1a: Starmie|Starmie|100/100\n|move|p2a: Cloyster|Blizzard|p1a: Starmie\n|-resisted|p1a: Starmie\n|-damage|p1a: Starmie|82/100\n|-status|p1a: Starmie|frz\n|\n|upkeep\n|turn|21\n|inactive|Sceptross has 90 seconds left.\n|\n|t:|1738505481\n|cant|p1a: Starmie|frz\n|move|p2a: Cloyster|Blizzard|p1a: Starmie\n|-resisted|p1a: Starmie\n|-damage|p1a: Starmie|61/100 frz\n|\n|upkeep\n|turn|22\n|\n|t:|1738505486\n|switch|p1a: Chansey|Chansey|100/100\n|switch|p2a: Rhydon|Rhydon|100/100\n|\n|upkeep\n|turn|23\n|\n|t:|1738505499\n|switch|p2a: Chansey|Chansey|100/100\n|move|p1a: Chansey|Thunder Wave|p2a: Chansey\n|-status|p2a: Chansey|par\n|\n|upkeep\n|turn|24\n|inactive|Sceptross has 60 seconds left.\n|\n|t:|1738505535\n|switch|p1a: Snorlax|Snorlax|70/100\n|move|p2a: Chansey|Ice Beam|p1a: Snorlax\n|-damage|p1a: Snorlax|49/100\n|\n|upkeep\n|turn|25\n|\n|t:|1738505540\n|switch|p2a: Rhydon|Rhydon|100/100\n|move|p1a: Snorlax|Earthquake|p2a: Rhydon\n|-crit|p2a: Rhydon\n|-supereffective|p2a: Rhydon\n|-damage|p2a: Rhydon|25/100\n|\n|upkeep\n|turn|26\n|inactive|Sceptross has 60 seconds left.\n|\n|t:|1738505575\n|move|p2a: Rhydon|Earthquake|p1a: Snorlax\n|-damage|p1a: Snorlax|17/100\n|move|p1a: Snorlax|Earthquake|p2a: Rhydon\n|-supereffective|p2a: Rhydon\n|-damage|p2a: Rhydon|0 fnt\n|faint|p2a: Rhydon\n|\n|t:|1738505579\n|switch|p2a: Cloyster|Cloyster|54/100\n|turn|27\n|inactive|Sceptross has 30 seconds left.\n|inactive|Sceptross has 20 seconds left.\n|\n|t:|1738505612\n|switch|p1a: Chansey|Chansey|100/100\n|move|p2a: Cloyster|Blizzard|p1a: Chansey\n|-damage|p1a: Chansey|83/100\n|\n|upkeep\n|turn|28\n|inactive|Sceptross has 30 seconds left this turn.\n|inactive|Sceptross has 20 seconds left.\n|\n|t:|1738505625\n|switch|p2a: Chansey|Chansey|100/100 par\n|move|p1a: Chansey|Thunder Wave|p2a: Chansey\n|-fail|p2a: Chansey|par\n|\n|upkeep\n|turn|29\n|inactive|Sceptross has 30 seconds left this turn.\n|inactive|Sceptross has 20 seconds left.\n|\n|t:|1738505636\n|switch|p1a: Starmie|Starmie|61/100 frz\n|move|p2a: Chansey|Ice Beam|p1a: Starmie\n|-resisted|p1a: Starmie\n|-damage|p1a: Starmie|49/100 frz\n|\n|upkeep\n|turn|30\n|inactive|Sceptross has 30 seconds left this turn.\n|inactive|Sceptross has 20 seconds left.\n|\n|t:|1738505646\n|cant|p1a: Starmie|frz\n|cant|p2a: Chansey|par\n|\n|upkeep\n|turn|31\n|inactive|Sceptross has 30 seconds left this turn.\n|\n|t:|1738505650\n|cant|p1a: Starmie|frz\n|cant|p2a: Chansey|par\n|\n|upkeep\n|turn|32\n|\n|t:|1738505653\n|cant|p1a: Starmie|frz\n|move|p2a: Chansey|Thunderbolt|p1a: Starmie\n|-supereffective|p1a: Starmie\n|-damage|p1a: Starmie|0 fnt\n|faint|p1a: Starmie\n|\n|t:|1738505667\n|switch|p1a: Snorlax|Snorlax|17/100\n|turn|33\n|inactive|Sceptross has 30 seconds left.\n|inactive|Sceptross has 20 seconds left.\n|inactive|Sceptross has 15 seconds left.\n|\n|t:|1738505701\n|move|p1a: Snorlax|Self-Destruct|p2a: Chansey\n|-damage|p2a: Chansey|0 fnt\n|faint|p2a: Chansey\n|faint|p1a: Snorlax\n|inactive|Sceptross has 25 seconds left this turn.\n|inactive|Sceptross has 20 seconds left.\n|inactive|Sceptross has 15 seconds left.\n|\n|t:|1738505716\n|switch|p1a: Chansey|Chansey|83/100\n|switch|p2a: Cloyster|Cloyster|54/100\n|turn|34\n|inactive|Sceptross has 25 seconds left this turn.\n|inactive|Sceptross has 20 seconds left.\n|inactive|Sceptross has 15 seconds left.\n|\n|t:|1738505731\n|move|p2a: Cloyster|Clamp|p1a: Chansey\n|-damage|p1a: Chansey|78/100\n|cant|p1a: Chansey|partiallytrapped\n|\n|upkeep\n|turn|35\n|inactive|Sceptross has 25 seconds left this turn.\n|inactive|Sceptross has 20 seconds left.\n|inactive|Sceptross has 15 seconds left.\n|\n|t:|1738505741\n|move|p2a: Cloyster|Clamp|p1a: Chansey|[from]Clamp\n|-damage|p1a: Chansey|73/100\n|cant|p1a: Chansey|partiallytrapped\n|\n|upkeep\n|turn|36\n|inactive|Sceptross has 25 seconds left this turn.\n|\n|t:|1738505745\n|move|p2a: Cloyster|Clamp|p1a: Chansey|[from]Clamp\n|-damage|p1a: Chansey|68/100\n|cant|p1a: Chansey|partiallytrapped\n|\n|upkeep\n|turn|37\n|\n|t:|1738505748\n|move|p2a: Cloyster|Clamp|p1a: Chansey\n|-damage|p1a: Chansey|63/100\n|cant|p1a: Chansey|partiallytrapped\n|\n|upkeep\n|turn|38\n|\n|t:|1738505751\n|switch|p1a: Exeggutor|Exeggutor|59/100 par\n|move|p2a: Cloyster|Clamp|p1a: Exeggutor\n|-resisted|p1a: Exeggutor\n|-damage|p1a: Exeggutor|54/100 par\n|\n|upkeep\n|turn|39\n|\n|t:|1738505756\n|switch|p1a: Chansey|Chansey|63/100\n|move|p2a: Cloyster|Clamp|p1a: Chansey|[miss]\n|-miss|p2a: Cloyster\n|\n|upkeep\n|turn|40\n|inactive|Sceptross has 60 seconds left.\n|\n|t:|1738505762\n|move|p2a: Cloyster|Clamp|p1a: Chansey\n|-damage|p1a: Chansey|58/100\n|cant|p1a: Chansey|partiallytrapped\n|\n|upkeep\n|turn|41\n|\n|t:|1738505767\n|move|p2a: Cloyster|Clamp|p1a: Chansey|[from]Clamp\n|-damage|p1a: Chansey|53/100\n|cant|p1a: Chansey|partiallytrapped\n|\n|upkeep\n|turn|42\n|\n|t:|1738505771\n|switch|p1a: Tauros|Tauros|100/100\n|move|p2a: Cloyster|Clamp|p1a: Tauros\n|-damage|p1a: Tauros|87/100\n|\n|upkeep\n|turn|43\n|\n|t:|1738505787\n|switch|p1a: Chansey|Chansey|53/100\n|move|p2a: Cloyster|Clamp|p1a: Chansey\n|-damage|p1a: Chansey|48/100\n|\n|upkeep\n|turn|44\n|\n|t:|1738505792\n|move|p2a: Cloyster|Clamp|p1a: Chansey|[from]Clamp\n|-damage|p1a: Chansey|43/100\n|cant|p1a: Chansey|partiallytrapped\n|\n|upkeep\n|turn|45\n|\n|t:|1738505795\n|move|p2a: Cloyster|Clamp|p1a: Chansey|[from]Clamp\n|-damage|p1a: Chansey|37/100\n|cant|p1a: Chansey|partiallytrapped\n|\n|upkeep\n|turn|46\n|\n|t:|1738505798\n|move|p2a: Cloyster|Clamp|p1a: Chansey\n|-damage|p1a: Chansey|32/100\n|cant|p1a: Chansey|partiallytrapped\n|\n|upkeep\n|turn|47\n|\n|t:|1738505806\n|move|p2a: Cloyster|Clamp|p1a: Chansey|[from]Clamp\n|-damage|p1a: Chansey|27/100\n|cant|p1a: Chansey|partiallytrapped\n|\n|upkeep\n|turn|48\n|\n|t:|1738505812\n|move|p2a: Cloyster|Clamp|p1a: Chansey|[from]Clamp\n|-damage|p1a: Chansey|22/100\n|cant|p1a: Chansey|partiallytrapped\n|\n|upkeep\n|turn|49\n|\n|t:|1738505817\n|move|p2a: Cloyster|Clamp|p1a: Chansey\n|-damage|p1a: Chansey|16/100\n|cant|p1a: Chansey|partiallytrapped\n|\n|upkeep\n|turn|50\n|\n|t:|1738505820\n|move|p2a: Cloyster|Clamp|p1a: Chansey|[from]Clamp\n|-damage|p1a: Chansey|10/100\n|cant|p1a: Chansey|partiallytrapped\n|\n|upkeep\n|turn|51\n|\n|t:|1738505823\n|move|p2a: Cloyster|Blizzard|p1a: Chansey\n|-damage|p1a: Chansey|0 fnt\n|faint|p1a: Chansey\n|\n|t:|1738505828\n|switch|p1a: Tauros|Tauros|87/100\n|turn|52\n|inactive|Sceptross has 150 seconds left.\n|\n|t:|1738505856\n|move|p1a: Tauros|Hyper Beam|p2a: Cloyster|[miss]\n|-miss|p1a: Tauros\n|move|p2a: Cloyster|Blizzard|p1a: Tauros\n|-damage|p1a: Tauros|45/100\n|\n|upkeep\n|turn|53\n|\n|t:|1738505862\n|move|p1a: Tauros|Hyper Beam|p2a: Cloyster\n|-damage|p2a: Cloyster|17/100\n|-mustrecharge|p1a: Tauros\n|move|p2a: Cloyster|Explosion|p1a: Tauros\n|-damage|p1a: Tauros|0 fnt\n|faint|p1a: Tauros\n|faint|p2a: Cloyster\n|\n|t:|1738505866\n|switch|p1a: Exeggutor|Exeggutor|54/100 par\n|switch|p2a: Slowbro|Slowbro|100/100\n|turn|54\n|\n|t:|1738505870\n|move|p2a: Slowbro|Amnesia|p2a: Slowbro\n|-boost|p2a: Slowbro|spa|2\n|-boost|p2a: Slowbro|spd|2\n|move|p1a: Exeggutor|Psychic|p2a: Slowbro\n|-resisted|p2a: Slowbro\n|-damage|p2a: Slowbro|91/100\n|\n|upkeep\n|turn|55\n|\n|t:|1738505876\n|move|p2a: Slowbro|Amnesia|p2a: Slowbro\n|-boost|p2a: Slowbro|spa|2\n|-boost|p2a: Slowbro|spd|2\n|move|p1a: Exeggutor|Psychic|p2a: Slowbro\n|-resisted|p2a: Slowbro\n|-damage|p2a: Slowbro|85/100\n|-unboost|p2a: Slowbro|spa|1\n|-unboost|p2a: Slowbro|spd|1\n|\n|upkeep\n|turn|56\n|inactive|Sceptross has 180 seconds left.\n|\n|t:|1738505898\n|move|p2a: Slowbro|Surf|p1a: Exeggutor\n|-resisted|p1a: Exeggutor\n|-damage|p1a: Exeggutor|27/100 par\n|move|p1a: Exeggutor|Psychic|p2a: Slowbro\n|-resisted|p2a: Slowbro\n|-damage|p2a: Slowbro|78/100\n|\n|upkeep\n|turn|57\n|\n|t:|1738505905\n|move|p2a: Slowbro|Surf|p1a: Exeggutor|[miss]\n|-miss|p2a: Slowbro\n|-hint|In Gen 1, moves with 100% accuracy can still miss 1/256 of the time.\n|move|p1a: Exeggutor|Psychic|p2a: Slowbro\n|-resisted|p2a: Slowbro\n|-damage|p2a: Slowbro|71/100\n|\n|upkeep\n|turn|58\n|\n|t:|1738505909\n|move|p2a: Slowbro|Surf|p1a: Exeggutor\n|-resisted|p1a: Exeggutor\n|-damage|p1a: Exeggutor|0 fnt\n|faint|p1a: Exeggutor\n|\n|win|chuva de perereca\n|c|☆chuva de perereca|gg\n|c|☆Sceptross|gg\n|player|p1|\n","uploadtime":1738505909,"views":"2080","formatid":"gen1ou","rating":null,"private":0,"password":null}