{"id":"smogtours-gen1ou-824323","format":"[Gen 1] OU","players":["chuva de perereca","nicole7735"],"log":"|inactive|Battle timer is ON: inactive players will automatically lose when time's up.\n|t:|1741560019\n|gametype|singles\n|player|p1|chuva de perereca|lyra|\n|player|p2|nicole7735|lady-gen4|\n|teamsize|p1|6\n|teamsize|p2|6\n|gen|1\n|tier|[Gen 1] OU\n|rule|Desync Clause Mod: Desyncs changed to move failure.\n|rule|Sleep Clause Mod: Limit one foe put to sleep\n|rule|Freeze Clause Mod: Limit one foe frozen\n|rule|Species Clause: Limit one of each Pokémon\n|rule|OHKO Clause: OHKO moves are banned\n|rule|Evasion Moves Clause: Evasion moves are banned\n|rule|Endless Battle Clause: Forcing endless battles is banned\n|rule|HP Percentage Mod: HP is shown in percentages\n|\n|t:|1741560019\n|start\n|switch|p1a: Jynx|Jynx|100/100\n|switch|p2a: Gengar|Gengar|100/100\n|turn|1\n|c|☆chuva de perereca|hf\n|c|☆nicole7735|hf\n|\n|t:|1741560035\n|switch|p1a: Rhydon|Rhydon|100/100\n|move|p2a: Gengar|Hypnosis|p1a: Rhydon|[miss]\n|-miss|p2a: Gengar\n|\n|upkeep\n|turn|2\n|\n|t:|1741560042\n|switch|p1a: Jynx|Jynx|100/100\n|move|p2a: Gengar|Hypnosis|p1a: Jynx\n|-status|p1a: Jynx|slp|[from] move: Hypnosis\n|\n|upkeep\n|turn|3\n|rated|Smogon Premier League\n|\n|t:|1741560055\n|switch|p1a: Chansey|Chansey|100/100\n|move|p2a: Gengar|Thunderbolt|p1a: Chansey\n|-damage|p1a: Chansey|88/100\n|\n|upkeep\n|turn|4\n|\n|t:|1741560060\n|switch|p1a: Rhydon|Rhydon|100/100\n|move|p2a: Gengar|Thunderbolt|p1a: Rhydon\n|-immune|p1a: Rhydon\n|\n|upkeep\n|turn|5\n|\n|t:|1741560076\n|switch|p2a: Chansey|Chansey|100/100\n|move|p1a: Rhydon|Rock Slide|p2a: Chansey|[miss]\n|-miss|p1a: Rhydon\n|\n|upkeep\n|turn|6\n|\n|t:|1741560085\n|switch|p1a: Chansey|Chansey|88/100\n|move|p2a: Chansey|Thunder Wave|p1a: Chansey\n|-status|p1a: Chansey|par\n|\n|upkeep\n|turn|7\n|\n|t:|1741560092\n|move|p2a: Chansey|Ice Beam|p1a: Chansey\n|-crit|p1a: Chansey\n|-damage|p1a: Chansey|68/100 par\n|move|p1a: Chansey|Thunder Wave|p2a: Chansey\n|-status|p2a: Chansey|par\n|\n|upkeep\n|turn|8\n|\n|t:|1741560109\n|move|p1a: Chansey|Soft-Boiled|p1a: Chansey\n|-heal|p1a: Chansey|100/100 par\n|move|p2a: Chansey|Ice Beam|p1a: Chansey\n|-damage|p1a: Chansey|89/100 par\n|\n|upkeep\n|turn|9\n|\n|t:|1741560128\n|move|p2a: Chansey|Thunder Wave|p1a: Chansey\n|-fail|p1a: Chansey|par\n|move|p1a: Chansey|Ice Beam|p2a: Chansey\n|-damage|p2a: Chansey|90/100 par\n|\n|upkeep\n|turn|10\n|\n|t:|1741560133\n|move|p1a: Chansey|Thunder Wave|p2a: Chansey\n|-fail|p2a: Chansey|par\n|move|p2a: Chansey|Ice Beam|p1a: Chansey\n|-damage|p1a: Chansey|79/100 par\n|\n|upkeep\n|turn|11\n|\n|t:|1741560136\n|move|p1a: Chansey|Ice Beam|p2a: Chansey\n|-crit|p2a: Chansey\n|-damage|p2a: Chansey|69/100 par\n|move|p2a: Chansey|Thunder Wave|p1a: Chansey\n|-fail|p1a: Chansey|par\n|\n|upkeep\n|turn|12\n|\n|t:|1741560140\n|move|p2a: Chansey|Thunder Wave|p1a: Chansey\n|-fail|p1a: Chansey|par\n|move|p1a: Chansey|Thunder Wave|p2a: Chansey\n|-fail|p2a: Chansey|par\n|\n|upkeep\n|turn|13\n|\n|t:|1741560152\n|move|p2a: Chansey|Soft-Boiled|p2a: Chansey\n|-heal|p2a: Chansey|100/100 par\n|move|p1a: Chansey|Ice Beam|p2a: Chansey\n|-damage|p2a: Chansey|89/100 par\n|\n|upkeep\n|turn|14\n|\n|t:|1741560156\n|move|p1a: Chansey|Ice Beam|p2a: Chansey\n|-damage|p2a: Chansey|79/100 par\n|move|p2a: Chansey|Thunder Wave|p1a: Chansey\n|-fail|p1a: Chansey|par\n|\n|upkeep\n|turn|15\n|\n|t:|1741560162\n|move|p1a: Chansey|Thunder Wave|p2a: Chansey\n|-fail|p2a: Chansey|par\n|cant|p2a: Chansey|par\n|\n|upkeep\n|turn|16\n|\n|t:|1741560166\n|move|p1a: Chansey|Thunder Wave|p2a: Chansey\n|-fail|p2a: Chansey|par\n|move|p2a: Chansey|Thunder Wave|p1a: Chansey\n|-fail|p1a: Chansey|par\n|\n|upkeep\n|turn|17\n|\n|t:|1741560168\n|cant|p1a: Chansey|par\n|cant|p2a: Chansey|par\n|\n|upkeep\n|turn|18\n|\n|t:|1741560171\n|cant|p1a: Chansey|par\n|move|p2a: Chansey|Soft-Boiled|p2a: Chansey\n|-heal|p2a: Chansey|100/100 par\n|\n|upkeep\n|turn|19\n|\n|t:|1741560174\n|move|p1a: Chansey|Thunder Wave|p2a: Chansey\n|-fail|p2a: Chansey|par\n|move|p2a: Chansey|Ice Beam|p1a: Chansey\n|-damage|p1a: Chansey|69/100 par\n|\n|upkeep\n|turn|20\n|\n|t:|1741560176\n|cant|p1a: Chansey|par\n|cant|p2a: Chansey|par\n|\n|upkeep\n|turn|21\n|\n|t:|1741560179\n|move|p2a: Chansey|Thunder Wave|p1a: Chansey\n|-fail|p1a: Chansey|par\n|move|p1a: Chansey|Thunder Wave|p2a: Chansey\n|-fail|p2a: Chansey|par\n|\n|upkeep\n|turn|22\n|\n|t:|1741560186\n|cant|p1a: Chansey|par\n|move|p2a: Chansey|Thunder Wave|p1a: Chansey\n|-fail|p1a: Chansey|par\n|\n|upkeep\n|turn|23\n|\n|t:|1741560189\n|cant|p2a: Chansey|par\n|move|p1a: Chansey|Soft-Boiled|p1a: Chansey\n|-heal|p1a: Chansey|100/100 par\n|\n|upkeep\n|turn|24\n|\n|t:|1741560195\n|move|p2a: Chansey|Ice Beam|p1a: Chansey\n|-damage|p1a: Chansey|89/100 par\n|move|p1a: Chansey|Ice Beam|p2a: Chansey\n|-damage|p2a: Chansey|89/100 par\n|\n|upkeep\n|turn|25\n|\n|t:|1741560198\n|move|p1a: Chansey|Ice Beam|p2a: Chansey\n|-damage|p2a: Chansey|78/100 par\n|move|p2a: Chansey|Thunder Wave|p1a: Chansey\n|-fail|p1a: Chansey|par\n|\n|upkeep\n|turn|26\n|\n|t:|1741560202\n|move|p1a: Chansey|Thunder Wave|p2a: Chansey\n|-fail|p2a: Chansey|par\n|move|p2a: Chansey|Soft-Boiled|p2a: Chansey\n|-heal|p2a: Chansey|100/100 par\n|\n|upkeep\n|turn|27\n|\n|t:|1741560205\n|move|p1a: Chansey|Thunder Wave|p2a: Chansey\n|-fail|p2a: Chansey|par\n|cant|p2a: Chansey|par\n|\n|upkeep\n|turn|28\n|\n|t:|1741560210\n|cant|p1a: Chansey|par\n|move|p2a: Chansey|Thunder Wave|p1a: Chansey\n|-fail|p1a: Chansey|par\n|\n|upkeep\n|turn|29\n|\n|t:|1741560217\n|move|p1a: Chansey|Thunder Wave|p2a: Chansey\n|-fail|p2a: Chansey|par\n|move|p2a: Chansey|Thunder Wave|p1a: Chansey\n|-fail|p1a: Chansey|par\n|\n|upkeep\n|turn|30\n|\n|t:|1741560219\n|move|p2a: Chansey|Ice Beam|p1a: Chansey\n|-damage|p1a: Chansey|79/100 par\n|move|p1a: Chansey|Ice Beam|p2a: Chansey\n|-damage|p2a: Chansey|90/100 par\n|\n|upkeep\n|turn|31\n|\n|t:|1741560223\n|cant|p1a: Chansey|par\n|cant|p2a: Chansey|par\n|\n|upkeep\n|turn|32\n|\n|t:|1741560227\n|cant|p2a: Chansey|par\n|move|p1a: Chansey|Thunder Wave|p2a: Chansey\n|-fail|p2a: Chansey|par\n|\n|upkeep\n|turn|33\n|\n|t:|1741560234\n|move|p1a: Chansey|Thunder Wave|p2a: Chansey\n|-fail|p2a: Chansey|par\n|move|p2a: Chansey|Ice Beam|p1a: Chansey\n|-damage|p1a: Chansey|68/100 par\n|\n|upkeep\n|turn|34\n|\n|t:|1741560239\n|switch|p2a: Snorlax|Snorlax|100/100\n|move|p1a: Chansey|Thunder Wave|p2a: Snorlax\n|-status|p2a: Snorlax|par\n|\n|upkeep\n|turn|35\n|\n|t:|1741560245\n|switch|p1a: Cloyster|Cloyster|100/100\n|move|p2a: Snorlax|Reflect|p2a: Snorlax\n|-start|p2a: Snorlax|Reflect\n|\n|upkeep\n|turn|36\n|\n|t:|1741560273\n|switch|p2a: Chansey|Chansey|90/100 par\n|move|p1a: Cloyster|Blizzard|p2a: Chansey\n|-damage|p2a: Chansey|73/100 par\n|\n|upkeep\n|turn|37\n|\n|t:|1741560288\n|move|p1a: Cloyster|Clamp|p2a: Chansey|[miss]\n|-miss|p1a: Cloyster\n|move|p2a: Chansey|Thunder Wave|p1a: Cloyster\n|-status|p1a: Cloyster|par\n|\n|upkeep\n|turn|38\n|inactive|nicole7735 has 270 seconds left.\n|\n|t:|1741560317\n|switch|p1a: Chansey|Chansey|68/100 par\n|switch|p2a: Starmie|Starmie|100/100\n|\n|upkeep\n|turn|39\n|\n|t:|1741560334\n|switch|p2a: Chansey|Chansey|73/100 par\n|cant|p1a: Chansey|par\n|\n|upkeep\n|turn|40\n|\n|t:|1741560343\n|move|p2a: Chansey|Soft-Boiled|p2a: Chansey\n|-heal|p2a: Chansey|100/100 par\n|move|p1a: Chansey|Ice Beam|p2a: Chansey\n|-damage|p2a: Chansey|90/100 par\n|\n|upkeep\n|turn|41\n|\n|t:|1741560355\n|move|p1a: Chansey|Thunderbolt|p2a: Chansey\n|-damage|p2a: Chansey|79/100 par\n|move|p2a: Chansey|Ice Beam|p1a: Chansey\n|-damage|p1a: Chansey|57/100 par\n|\n|upkeep\n|turn|42\n|\n|t:|1741560366\n|switch|p2a: Snorlax|Snorlax|100/100 par\n|move|p1a: Chansey|Soft-Boiled|p1a: Chansey\n|-heal|p1a: Chansey|100/100 par\n|\n|upkeep\n|turn|43\n|\n|t:|1741560377\n|switch|p1a: Cloyster|Cloyster|100/100 par\n|move|p2a: Snorlax|Reflect|p2a: Snorlax\n|-start|p2a: Snorlax|Reflect\n|\n|upkeep\n|turn|44\n|\n|t:|1741560401\n|switch|p2a: Starmie|Starmie|100/100\n|move|p1a: Cloyster|Blizzard|p2a: Starmie\n|-resisted|p2a: Starmie\n|-damage|p2a: Starmie|79/100\n|\n|upkeep\n|turn|45\n|\n|t:|1741560419\n|switch|p1a: Chansey|Chansey|100/100 par\n|move|p2a: Starmie|Recover|p2a: Starmie\n|-heal|p2a: Starmie|100/100\n|\n|upkeep\n|turn|46\n|\n|t:|1741560430\n|switch|p2a: Chansey|Chansey|79/100 par\n|move|p1a: Chansey|Thunderbolt|p2a: Chansey\n|-damage|p2a: Chansey|68/100 par\n|\n|upkeep\n|turn|47\n|\n|t:|1741560440\n|switch|p1a: Tauros|Tauros|100/100\n|move|p2a: Chansey|Soft-Boiled|p2a: Chansey\n|-heal|p2a: Chansey|100/100 par\n|\n|upkeep\n|turn|48\n|\n|t:|1741560443\n|switch|p1a: Chansey|Chansey|100/100 par\n|cant|p2a: Chansey|par\n|\n|upkeep\n|turn|49\n|inactive|nicole7735 has 270 seconds left.\n|\n|t:|1741560474\n|move|p1a: Chansey|Thunderbolt|p2a: Chansey\n|-damage|p2a: Chansey|90/100 par\n|move|p2a: Chansey|Thunderbolt|p1a: Chansey\n|-damage|p1a: Chansey|90/100 par\n|\n|upkeep\n|turn|50\n|\n|t:|1741560479\n|move|p2a: Chansey|Thunderbolt|p1a: Chansey\n|-damage|p1a: Chansey|79/100 par\n|move|p1a: Chansey|Thunderbolt|p2a: Chansey\n|-damage|p2a: Chansey|80/100 par\n|\n|upkeep\n|turn|51\n|\n|t:|1741560484\n|move|p2a: Chansey|Thunder Wave|p1a: Chansey\n|-fail|p1a: Chansey|par\n|move|p1a: Chansey|Thunder Wave|p2a: Chansey\n|-fail|p2a: Chansey|par\n|\n|upkeep\n|turn|52\n|\n|t:|1741560498\n|move|p2a: Chansey|Thunderbolt|p1a: Chansey\n|-damage|p1a: Chansey|68/100 par\n|move|p1a: Chansey|Soft-Boiled|p1a: Chansey\n|-heal|p1a: Chansey|100/100 par\n|\n|upkeep\n|turn|53\n|\n|t:|1741560503\n|switch|p1a: Jynx|Jynx|100/100 slp\n|move|p2a: Chansey|Thunderbolt|p1a: Jynx\n|-damage|p1a: Jynx|75/100 slp\n|\n|upkeep\n|turn|54\n|\n|t:|1741560521\n|switch|p1a: Chansey|Chansey|100/100 par\n|switch|p2a: Tauros|Tauros|100/100\n|\n|upkeep\n|turn|55\n|\n|t:|1741560527\n|switch|p2a: Chansey|Chansey|80/100 par\n|switch|p1a: Rhydon|Rhydon|100/100\n|\n|upkeep\n|turn|56\n|\n|t:|1741560531\n|switch|p2a: Exeggutor|Exeggutor|100/100\n|move|p1a: Rhydon|Earthquake|p2a: Exeggutor\n|-resisted|p2a: Exeggutor\n|-damage|p2a: Exeggutor|81/100\n|\n|upkeep\n|turn|57\n|\n|t:|1741560535\n|switch|p1a: Chansey|Chansey|100/100 par\n|move|p2a: Exeggutor|Psychic|p1a: Chansey\n|-damage|p1a: Chansey|83/100 par\n|-unboost|p1a: Chansey|spa|1\n|-unboost|p1a: Chansey|spd|1\n|\n|upkeep\n|turn|58\n|\n|t:|1741560542\n|switch|p2a: Snorlax|Snorlax|100/100 par\n|move|p1a: Chansey|Ice Beam|p2a: Snorlax\n|-damage|p2a: Snorlax|87/100 par\n|\n|upkeep\n|turn|59\n|\n|t:|1741560547\n|switch|p1a: Cloyster|Cloyster|100/100 par\n|move|p2a: Snorlax|Reflect|p2a: Snorlax\n|-start|p2a: Snorlax|Reflect\n|\n|upkeep\n|turn|60\n|\n|t:|1741560553\n|switch|p2a: Chansey|Chansey|80/100 par\n|move|p1a: Cloyster|Blizzard|p2a: Chansey\n|-crit|p2a: Chansey\n|-damage|p2a: Chansey|46/100 par\n|\n|upkeep\n|turn|61\n|\n|t:|1741560562\n|switch|p1a: Rhydon|Rhydon|100/100\n|switch|p2a: Starmie|Starmie|100/100\n|\n|upkeep\n|turn|62\n|\n|t:|1741560566\n|switch|p2a: Chansey|Chansey|46/100 par\n|switch|p1a: Chansey|Chansey|83/100 par\n|\n|upkeep\n|turn|63\n|\n|t:|1741560570\n|switch|p1a: Tauros|Tauros|100/100\n|move|p2a: Chansey|Soft-Boiled|p2a: Chansey\n|-heal|p2a: Chansey|96/100 par\n|\n|upkeep\n|turn|64\n|\n|t:|1741560573\n|switch|p1a: Chansey|Chansey|83/100 par\n|cant|p2a: Chansey|par\n|\n|upkeep\n|turn|65\n|\n|t:|1741560591\n|move|p1a: Chansey|Thunderbolt|p2a: Chansey\n|-damage|p2a: Chansey|85/100 par\n|move|p2a: Chansey|Thunder Wave|p1a: Chansey\n|-fail|p1a: Chansey|par\n|\n|upkeep\n|turn|66\n|\n|t:|1741560605\n|move|p1a: Chansey|Thunderbolt|p2a: Chansey\n|-damage|p2a: Chansey|74/100 par\n|move|p2a: Chansey|Thunder Wave|p1a: Chansey\n|-fail|p1a: Chansey|par\n|\n|upkeep\n|turn|67\n|\n|t:|1741560611\n|switch|p1a: Cloyster|Cloyster|100/100 par\n|move|p2a: Chansey|Ice Beam|p1a: Cloyster\n|-resisted|p1a: Cloyster\n|-damage|p1a: Cloyster|94/100 par\n|\n|upkeep\n|turn|68\n|\n|t:|1741560620\n|switch|p1a: Tauros|Tauros|100/100\n|switch|p2a: Starmie|Starmie|100/100\n|\n|upkeep\n|turn|69\n|\n|t:|1741560625\n|switch|p1a: Chansey|Chansey|83/100 par\n|move|p2a: Starmie|Psychic|p1a: Chansey\n|-damage|p1a: Chansey|67/100 par\n|-unboost|p1a: Chansey|spa|1\n|-unboost|p1a: Chansey|spd|1\n|\n|upkeep\n|turn|70\n|\n|t:|1741560636\n|switch|p2a: Chansey|Chansey|74/100 par\n|switch|p1a: Rhydon|Rhydon|100/100\n|\n|upkeep\n|turn|71\n|\n|t:|1741560640\n|move|p1a: Rhydon|Earthquake|p2a: Chansey\n|-damage|p2a: Chansey|18/100 par\n|cant|p2a: Chansey|par\n|\n|upkeep\n|turn|72\n|\n|t:|1741560643\n|switch|p2a: Exeggutor|Exeggutor|81/100\n|move|p1a: Rhydon|Rock Slide|p2a: Exeggutor\n|-damage|p2a: Exeggutor|51/100\n|\n|upkeep\n|turn|73\n|\n|t:|1741560655\n|switch|p1a: Chansey|Chansey|67/100 par\n|move|p2a: Exeggutor|Psychic|p1a: Chansey\n|-damage|p1a: Chansey|49/100 par\n|\n|upkeep\n|turn|74\n|\n|t:|1741560658\n|move|p2a: Exeggutor|Psychic|p1a: Chansey\n|-damage|p1a: Chansey|32/100 par\n|cant|p1a: Chansey|par\n|\n|upkeep\n|turn|75\n|\n|t:|1741560661\n|move|p2a: Exeggutor|Hyper Beam|p1a: Chansey\n|-crit|p1a: Chansey\n|-damage|p1a: Chansey|0 fnt\n|faint|p1a: Chansey\n|\n|t:|1741560673\n|switch|p1a: Tauros|Tauros|100/100\n|turn|76\n|inactive|nicole7735 has 270 seconds left.\n|inactive|nicole7735 has 240 seconds left.\n|inactive|chuva de perereca has 270 seconds left.\n|inactive|nicole7735 has 210 seconds left.\n|inactive|nicole7735 has 180 seconds left.\n|\n|t:|1741560806\n|switch|p2a: Chansey|Chansey|18/100 par\n|move|p1a: Tauros|Body Slam|p2a: Chansey\n|-damage|p2a: Chansey|0 fnt\n|faint|p2a: Chansey\n|\n|t:|1741560808\n|switch|p2a: Starmie|Starmie|100/100\n|turn|77\n|inactive|nicole7735 has 180 seconds left.\n|\n|t:|1741560817\n|switch|p1a: Jynx|Jynx|75/100 slp\n|move|p2a: Starmie|Thunder Wave|p1a: Jynx\n|-fail|p1a: Jynx\n|\n|upkeep\n|turn|78\n|\n|t:|1741560822\n|switch|p2a: Tauros|Tauros|100/100\n|switch|p1a: Alakazam|Alakazam|100/100\n|\n|upkeep\n|turn|79\n|inactive|nicole7735 has 180 seconds left.\n|inactive|nicole7735 has 150 seconds left.\n|\n|t:|1741560889\n|switch|p2a: Snorlax|Snorlax|87/100 par\n|move|p1a: Alakazam|Psychic|p2a: Snorlax\n|-crit|p2a: Snorlax\n|-damage|p2a: Snorlax|23/100 par\n|\n|upkeep\n|turn|80\n|inactive|nicole7735 has 120 seconds left.\n|inactive|nicole7735 has 90 seconds left.\n|inactive|nicole7735 has 60 seconds left.\n|inactive|nicole7735 has 30 seconds left.\n|\n|t:|1741561009\n|switch|p2a: Starmie|Starmie|100/100\n|move|p1a: Alakazam|Psychic|p2a: Starmie\n|-crit|p2a: Starmie\n|-resisted|p2a: Starmie\n|-damage|p2a: Starmie|63/100\n|\n|upkeep\n|turn|81\n|\n|t:|1741561024\n|move|p1a: Alakazam|Thunder Wave|p2a: Starmie\n|-status|p2a: Starmie|par\n|move|p2a: Starmie|Thunder Wave|p1a: Alakazam\n|-status|p1a: Alakazam|par\n|\n|upkeep\n|turn|82\n|\n|t:|1741561028\n|move|p1a: Alakazam|Seismic Toss|p2a: Starmie\n|-damage|p2a: Starmie|32/100 par\n|cant|p2a: Starmie|par\n|\n|upkeep\n|turn|83\n|\n|t:|1741561045\n|cant|p1a: Alakazam|par\n|move|p2a: Starmie|Recover|p2a: Starmie\n|-heal|p2a: Starmie|82/100 par\n|\n|upkeep\n|turn|84\n|\n|t:|1741561048\n|cant|p1a: Alakazam|par\n|move|p2a: Starmie|Recover|p2a: Starmie\n|-heal|p2a: Starmie|100/100 par\n|\n|upkeep\n|turn|85\n|\n|t:|1741561050\n|cant|p1a: Alakazam|par\n|move|p2a: Starmie|Psychic|p1a: Alakazam\n|-resisted|p1a: Alakazam\n|-damage|p1a: Alakazam|88/100 par\n|\n|upkeep\n|turn|86\n|\n|t:|1741561053\n|move|p1a: Alakazam|Psychic|p2a: Starmie\n|-resisted|p2a: Starmie\n|-damage|p2a: Starmie|80/100 par\n|move|p2a: Starmie|Psychic|p1a: Alakazam\n|-crit|p1a: Alakazam\n|-resisted|p1a: Alakazam\n|-damage|p1a: Alakazam|62/100 par\n|-unboost|p1a: Alakazam|spa|1\n|-unboost|p1a: Alakazam|spd|1\n|\n|upkeep\n|turn|87\n|inactive|nicole7735 has 90 seconds left.\n|\n|t:|1741561061\n|switch|p2a: Snorlax|Snorlax|23/100 par\n|move|p1a: Alakazam|Recover|p1a: Alakazam\n|-heal|p1a: Alakazam|100/100 par\n|\n|upkeep\n|turn|88\n|\n|t:|1741561070\n|switch|p2a: Exeggutor|Exeggutor|51/100\n|switch|p1a: Rhydon|Rhydon|100/100\n|\n|upkeep\n|turn|89\n|\n|t:|1741561083\n|move|p2a: Exeggutor|Psychic|p1a: Rhydon\n|-damage|p1a: Rhydon|57/100\n|move|p1a: Rhydon|Rock Slide|p2a: Exeggutor\n|-damage|p2a: Exeggutor|20/100\n|\n|upkeep\n|turn|90\n|\n|t:|1741561087\n|switch|p1a: Jynx|Jynx|75/100 slp\n|move|p2a: Exeggutor|Psychic|p1a: Jynx\n|-resisted|p1a: Jynx\n|-damage|p1a: Jynx|57/100 slp\n|\n|upkeep\n|turn|91\n|\n|t:|1741561095\n|-curestatus|p1a: Jynx|slp|[msg]\n|move|p2a: Exeggutor|Psychic|p1a: Jynx\n|-resisted|p1a: Jynx\n|-damage|p1a: Jynx|37/100\n|\n|upkeep\n|turn|92\n|\n|t:|1741561112\n|switch|p1a: Rhydon|Rhydon|57/100\n|switch|p2a: Starmie|Starmie|80/100 par\n|\n|upkeep\n|turn|93\n|\n|t:|1741561131\n|switch|p2a: Snorlax|Snorlax|23/100 par\n|move|p1a: Rhydon|Substitute|p1a: Rhydon\n|-start|p1a: Rhydon|Substitute\n|-damage|p1a: Rhydon|32/100\n|\n|upkeep\n|turn|94\n|\n|t:|1741561139\n|move|p1a: Rhydon|Earthquake|p2a: Snorlax\n|-damage|p2a: Snorlax|0 fnt\n|faint|p2a: Snorlax\n|\n|t:|1741561141\n|switch|p2a: Exeggutor|Exeggutor|20/100\n|turn|95\n|\n|t:|1741561144\n|switch|p1a: Cloyster|Cloyster|94/100 par\n|move|p2a: Exeggutor|Sleep Powder|p1a: Cloyster\n|-fail|p1a: Cloyster\n|\n|upkeep\n|turn|96\n|inactive|nicole7735 has 120 seconds left.\n|inactive|chuva de perereca has 270 seconds left.\n|inactive|nicole7735 has 90 seconds left.\n|\n|t:|1741561203\n|switch|p2a: Starmie|Starmie|80/100 par\n|switch|p1a: Rhydon|Rhydon|32/100\n|\n|upkeep\n|turn|97\n|inactive|nicole7735 has 90 seconds left.\n|inactive|chuva de perereca has 240 seconds left.\n|inactive|nicole7735 has 60 seconds left.\n|\n|t:|1741561251\n|move|p1a: Rhydon|Earthquake|p2a: Starmie\n|-crit|p2a: Starmie\n|-damage|p2a: Starmie|0 fnt\n|faint|p2a: Starmie\n|\n|t:|1741561280\n|switch|p2a: Tauros|Tauros|100/100\n|turn|98\n|inactive|chuva de perereca has 240 seconds left.\n|\n|t:|1741561294\n|switch|p1a: Cloyster|Cloyster|94/100 par\n|move|p2a: Tauros|Body Slam|p1a: Cloyster\n|-damage|p1a: Cloyster|71/100 par\n|\n|upkeep\n|turn|99\n|inactive|nicole7735 has 30 seconds left.\n|\n|t:|1741561313\n|switch|p2a: Gengar|Gengar|100/100\n|move|p1a: Cloyster|Blizzard|p2a: Gengar\n|-damage|p2a: Gengar|70/100\n|\n|upkeep\n|turn|100\n|inactive|nicole7735 has 30 seconds left.\n|inactive|chuva de perereca has 240 seconds left.\n|inactive|nicole7735 has 20 seconds left.\n|inactive|nicole7735 has 15 seconds left.\n|inactive|chuva de perereca has 210 seconds left.\n|\n|t:|1741561382\n|switch|p2a: Exeggutor|Exeggutor|20/100\n|switch|p1a: Rhydon|Rhydon|32/100\n|\n|upkeep\n|turn|101\n|inactive|nicole7735 has 25 seconds left this turn.\n|inactive|nicole7735 has 20 seconds left.\n|inactive|nicole7735 has 15 seconds left.\n|\n|t:|1741561396\n|switch|p1a: Alakazam|Alakazam|100/100 par\n|move|p2a: Exeggutor|Explosion|p1a: Alakazam\n|-damage|p1a: Alakazam|0 fnt\n|faint|p1a: Alakazam\n|faint|p2a: Exeggutor\n|inactive|nicole7735 has 25 seconds left this turn.\n|inactive|nicole7735 has 20 seconds left.\n|inactive|nicole7735 has 15 seconds left.\n|inactive|chuva de perereca has 180 seconds left.\n|\n|t:|1741561439\n|switch|p2a: Gengar|Gengar|70/100\n|switch|p1a: Rhydon|Rhydon|32/100\n|turn|102\n|inactive|nicole7735 has 25 seconds left this turn.\n|inactive|nicole7735 has 20 seconds left.\n|\n|t:|1741561445\n|move|p2a: Gengar|Psychic|p1a: Rhydon\n|-damage|p1a: Rhydon|0 fnt\n|faint|p1a: Rhydon\n|inactive|nicole7735 has 25 seconds left this turn.\n|\n|t:|1741561462\n|switch|p1a: Jynx|Jynx|37/100\n|turn|103\n|inactive|nicole7735 has 30 seconds left.\n|\n|t:|1741561471\n|move|p2a: Gengar|Hypnosis|p1a: Jynx|[miss]\n|-miss|p2a: Gengar\n|move|p1a: Jynx|Lovely Kiss|p2a: Gengar\n|-status|p2a: Gengar|slp|[from] move: Lovely Kiss\n|\n|upkeep\n|turn|104\n|inactive|chuva de perereca has 180 seconds left.\n|inactive|nicole7735 has 30 seconds left.\n|\n|t:|1741561482\n|cant|p2a: Gengar|slp\n|move|p1a: Jynx|Blizzard|p2a: Gengar\n|-crit|p2a: Gengar\n|-damage|p2a: Gengar|5/100 slp\n|\n|upkeep\n|turn|105\n|\n|t:|1741561486\n|cant|p2a: Gengar|slp\n|move|p1a: Jynx|Blizzard|p2a: Gengar\n|-damage|p2a: Gengar|0 fnt\n|faint|p2a: Gengar\n|\n|t:|1741561488\n|switch|p2a: Tauros|Tauros|100/100\n|turn|106\n|\n|t:|1741561489\n|move|p2a: Tauros|Body Slam|p1a: Jynx\n|-damage|p1a: Jynx|0 fnt\n|faint|p1a: Jynx\n|\n|t:|1741561491\n|switch|p1a: Cloyster|Cloyster|71/100 par\n|turn|107\n|\n|t:|1741561494\n|move|p2a: Tauros|Hyper Beam|p1a: Cloyster\n|-damage|p1a: Cloyster|31/100 par\n|-mustrecharge|p2a: Tauros\n|move|p1a: Cloyster|Explosion|p2a: Tauros\n|-damage|p2a: Tauros|21/100\n|faint|p1a: Cloyster\n|\n|t:|1741561497\n|switch|p1a: Tauros|Tauros|100/100\n|turn|108\n|\n|t:|1741561498\n|move|p1a: Tauros|Body Slam|p2a: Tauros\n|-crit|p2a: Tauros\n|-damage|p2a: Tauros|0 fnt\n|faint|p2a: Tauros\n|\n|win|chuva de perereca\n|c|☆nicole7735|ggs\n|c|☆chuva de perereca|ggs\n","uploadtime":1741561498,"views":"1732","formatid":"gen1ou","rating":null,"private":0,"password":null}