{"id":"smogtours-gen1ou-962553","format":"[Gen 1] OU","players":["Amaranth","Kaz"],"log":"|inactive|Battle timer is ON: inactive players will automatically lose when time's up.\n|t:|1786284569\n|gametype|singles\n|player|p1|Amaranth|#amaranth|\n|player|p2|Kaz|#kaz|\n|gen|1\n|tier|[Gen 1] OU\n|rule|Desync Clause Mod: Desyncs resolve to link battle behavior from the acting player's perspective.\n|rule|HP Percentage Mod: HP is shown in percentages\n|rule|Endless Battle Clause: Forcing endless battles is banned\n|rule|Sleep Clause Mod: Limit one foe put to sleep\n|rule|Freeze Clause Mod: Limit one foe frozen\n|rule|Species Clause: Limit one of each Pokémon\n|rule|OHKO Clause: OHKO moves are banned\n|rule|Evasion Moves Clause: Evasion moves are banned\n|\n|t:|1786284569\n|teamsize|p1|6\n|teamsize|p2|6\n|start\n|switch|p1a: Gengar|Gengar|100/100\n|switch|p2a: Gengar|Gengar|100/100\n|turn|1\n|c|☆Amaranth|glhf\n|c|☆Kaz|hf\n|c|+oakdeon|go kaz\n|\n|t:|1786284582\n|switch|p1a: Chansey|Chansey|100/100\n|move|p2a: Gengar|Psychic|p1a: Chansey\n|-damage|p1a: Chansey|89/100\n|-unboost|p1a: Chansey|spa|1\n|-unboost|p1a: Chansey|spd|1\n|\n|upkeep\n|turn|2\n|c|+Melbelle|stop spamming\n|\n|t:|1786284593\n|switch|p1a: Gengar|Gengar|100/100\n|move|p2a: Gengar|Hypnosis|p1a: Gengar\n|-status|p1a: Gengar|slp|[from] move: Hypnosis\n|\n|upkeep\n|turn|3\n|\n|t:|1786284599\n|switch|p2a: Chansey|Chansey|100/100\n|switch|p1a: Starmie|Starmie|100/100\n|\n|upkeep\n|turn|4\n|\n|t:|1786284601\n|switch|p1a: Chansey|Chansey|89/100\n|move|p2a: Chansey|Thunder Wave|p1a: Chansey\n|-status|p1a: Chansey|par\n|\n|upkeep\n|turn|5\n|\n|t:|1786284617\n|move|p2a: Chansey|Seismic Toss|p1a: Chansey\n|-damage|p1a: Chansey|75/100 par\n|cant|p1a: Chansey|par\n|\n|upkeep\n|turn|6\n|\n|t:|1786284621\n|switch|p2a: Gengar|Gengar|100/100\n|move|p1a: Chansey|Sing|p2a: Gengar\n|-status|p2a: Gengar|slp|[from] move: Sing\n|\n|upkeep\n|turn|7\n|\n|t:|1786284625\n|switch|p2a: Snorlax|Snorlax|100/100\n|move|p1a: Chansey|Thunder Wave|p2a: Snorlax\n|-status|p2a: Snorlax|par\n|\n|upkeep\n|turn|8\n|\n|t:|1786284628\n|switch|p1a: Snorlax|Snorlax|100/100\n|move|p2a: Snorlax|Earthquake|p1a: Snorlax\n|-damage|p1a: Snorlax|81/100\n|\n|upkeep\n|turn|9\n|\n|t:|1786284631\n|switch|p2a: Chansey|Chansey|100/100\n|move|p1a: Snorlax|Reflect|p1a: Snorlax\n|-start|p1a: Snorlax|Reflect\n|\n|upkeep\n|turn|10\n|\n|t:|1786284634\n|switch|p1a: Chansey|Chansey|75/100 par\n|move|p2a: Chansey|Thunder Wave|p1a: Chansey\n|-fail|p1a: Chansey|par\n|\n|upkeep\n|turn|11\n|\n|t:|1786284643\n|switch|p2a: Snorlax|Snorlax|100/100 par\n|switch|p1a: Snorlax|Snorlax|81/100\n|\n|upkeep\n|turn|12\n|\n|t:|1786284646\n|switch|p2a: Chansey|Chansey|100/100\n|move|p1a: Snorlax|Body Slam|p2a: Chansey\n|-damage|p2a: Chansey|57/100\n|\n|upkeep\n|turn|13\n|\n|t:|1786284649\n|move|p2a: Chansey|Soft-Boiled|p2a: Chansey\n|-heal|p2a: Chansey|100/100\n|move|p1a: Snorlax|Earthquake|p2a: Chansey\n|-damage|p2a: Chansey|66/100\n|\n|upkeep\n|turn|14\n|\n|t:|1786284652\n|switch|p1a: Chansey|Chansey|75/100 par\n|move|p2a: Chansey|Soft-Boiled|p2a: Chansey\n|-heal|p2a: Chansey|100/100\n|\n|upkeep\n|turn|15\n|\n|t:|1786284660\n|switch|p2a: Snorlax|Snorlax|100/100 par\n|switch|p1a: Snorlax|Snorlax|81/100\n|\n|upkeep\n|turn|16\n|\n|t:|1786284664\n|switch|p2a: Chansey|Chansey|100/100\n|move|p1a: Snorlax|Body Slam|p2a: Chansey\n|-crit|p2a: Chansey\n|-damage|p2a: Chansey|14/100\n|\n|upkeep\n|turn|17\n|\n|t:|1786284666\n|move|p2a: Chansey|Soft-Boiled|p2a: Chansey\n|-heal|p2a: Chansey|64/100\n|move|p1a: Snorlax|Body Slam|p2a: Chansey\n|-crit|p2a: Chansey\n|-damage|p2a: Chansey|0 fnt\n|faint|p2a: Chansey\n|\n|t:|1786284672\n|switch|p2a: Exeggutor|Exeggutor|100/100\n|turn|18\n|\n|t:|1786284677\n|switch|p1a: Chansey|Chansey|75/100 par\n|move|p2a: Exeggutor|Psychic|p1a: Chansey\n|-damage|p1a: Chansey|57/100 par\n|-unboost|p1a: Chansey|spa|1\n|-unboost|p1a: Chansey|spd|1\n|\n|upkeep\n|turn|19\n|\n|t:|1786284681\n|move|p2a: Exeggutor|Psychic|p1a: Chansey\n|-damage|p1a: Chansey|32/100 par\n|-unboost|p1a: Chansey|spa|1\n|-unboost|p1a: Chansey|spd|1\n|cant|p1a: Chansey|par\n|\n|upkeep\n|turn|20\n|\n|t:|1786284686\n|switch|p2a: Snorlax|Snorlax|100/100 par\n|switch|p1a: Starmie|Starmie|100/100\n|\n|upkeep\n|turn|21\n|\n|t:|1786284691\n|move|p1a: Starmie|Psychic|p2a: Snorlax\n|-damage|p2a: Snorlax|73/100 par\n|-unboost|p2a: Snorlax|spa|1\n|-unboost|p2a: Snorlax|spd|1\n|move|p2a: Snorlax|Body Slam|p1a: Starmie\n|-damage|p1a: Starmie|66/100\n|\n|upkeep\n|turn|22\n|\n|t:|1786284696\n|move|p1a: Starmie|Psychic|p2a: Snorlax\n|-damage|p2a: Snorlax|33/100 par\n|cant|p2a: Snorlax|par\n|\n|upkeep\n|turn|23\n|\n|t:|1786284702\n|switch|p2a: Starmie|Starmie|100/100\n|move|p1a: Starmie|Psychic|p2a: Starmie\n|-resisted|p2a: Starmie\n|-damage|p2a: Starmie|85/100\n|-unboost|p2a: Starmie|spa|1\n|-unboost|p2a: Starmie|spd|1\n|\n|upkeep\n|turn|24\n|\n|t:|1786284708\n|switch|p1a: Chansey|Chansey|32/100 par\n|move|p2a: Starmie|Thunder Wave|p1a: Chansey\n|-fail|p1a: Chansey|par\n|\n|upkeep\n|turn|25\n|\n|t:|1786284710\n|switch|p2a: Snorlax|Snorlax|33/100 par\n|cant|p1a: Chansey|par\n|\n|upkeep\n|turn|26\n|\n|t:|1786284715\n|move|p1a: Chansey|Soft-Boiled|p1a: Chansey\n|-heal|p1a: Chansey|82/100 par\n|cant|p2a: Snorlax|par\n|\n|upkeep\n|turn|27\n|\n|t:|1786284717\n|switch|p1a: Snorlax|Snorlax|81/100\n|move|p2a: Snorlax|Rest|p2a: Snorlax\n|-status|p2a: Snorlax|slp|[from] move: Rest\n|-heal|p2a: Snorlax|100/100 slp|[silent]\n|\n|upkeep\n|turn|28\n|\n|t:|1786284720\n|move|p1a: Snorlax|Body Slam|p2a: Snorlax\n|-damage|p2a: Snorlax|74/100 slp\n|cant|p2a: Snorlax|slp\n|\n|upkeep\n|turn|29\n|\n|t:|1786284721\n|move|p1a: Snorlax|Body Slam|p2a: Snorlax\n|-damage|p2a: Snorlax|48/100 slp\n|-curestatus|p2a: Snorlax|slp|[msg]\n|\n|upkeep\n|turn|30\n|\n|t:|1786284725\n|move|p1a: Snorlax|Body Slam|p2a: Snorlax\n|-damage|p2a: Snorlax|20/100\n|move|p2a: Snorlax|Self-Destruct|p1a: Snorlax\n|-damage|p1a: Snorlax|0 fnt\n|faint|p1a: Snorlax\n|faint|p2a: Snorlax\n|inactive|Kaz has 270 seconds left.\n|\n|t:|1786284762\n|switch|p2a: Tauros|Tauros|100/100\n|switch|p1a: Chansey|Chansey|82/100 par\n|turn|31\n|inactive|Kaz has 270 seconds left.\n|\n|t:|1786284786\n|move|p2a: Tauros|Body Slam|p1a: Chansey\n|-crit|p1a: Chansey\n|-damage|p1a: Chansey|5/100 par\n|move|p1a: Chansey|Thunder Wave|p2a: Tauros\n|-status|p2a: Tauros|par\n|\n|upkeep\n|turn|32\n|\n|t:|1786284790\n|move|p2a: Tauros|Earthquake|p1a: Chansey\n|-damage|p1a: Chansey|0 fnt\n|faint|p1a: Chansey\n|\n|t:|1786284794\n|switch|p1a: Tauros|Tauros|100/100\n|turn|33\n|\n|t:|1786284807\n|move|p1a: Tauros|Body Slam|p2a: Tauros\n|-damage|p2a: Tauros|72/100 par\n|cant|p2a: Tauros|par\n|\n|upkeep\n|turn|34\n|\n|t:|1786284814\n|move|p1a: Tauros|Body Slam|p2a: Tauros\n|-damage|p2a: Tauros|41/100 par\n|move|p2a: Tauros|Body Slam|p1a: Tauros\n|-damage|p1a: Tauros|72/100\n|\n|upkeep\n|turn|35\n|\n|t:|1786284827\n|move|p1a: Tauros|Hyper Beam|p2a: Tauros\n|-damage|p2a: Tauros|0 fnt\n|faint|p2a: Tauros\n|\n|t:|1786284830\n|switch|p2a: Starmie|Starmie|85/100\n|turn|36\n|\n|t:|1786284838\n|move|p2a: Starmie|Thunder Wave|p1a: Tauros\n|-status|p1a: Tauros|par\n|move|p1a: Tauros|Body Slam|p2a: Starmie\n|-damage|p2a: Starmie|49/100\n|\n|upkeep\n|turn|37\n|\n|t:|1786284842\n|move|p2a: Starmie|Recover|p2a: Starmie\n|-heal|p2a: Starmie|99/100\n|cant|p1a: Tauros|par\n|\n|upkeep\n|turn|38\n|\n|t:|1786284845\n|move|p2a: Starmie|Surf|p1a: Tauros\n|-damage|p1a: Tauros|35/100 par\n|move|p1a: Tauros|Body Slam|p2a: Starmie\n|-damage|p2a: Starmie|62/100\n|\n|upkeep\n|turn|39\n|\n|t:|1786284855\n|move|p2a: Starmie|Surf|p1a: Tauros\n|-crit|p1a: Tauros\n|-damage|p1a: Tauros|0 fnt\n|faint|p1a: Tauros\n|\n|t:|1786284856\n|switch|p1a: Zapdos|Zapdos|100/100\n|turn|40\n|\n|t:|1786284868\n|switch|p2a: Gengar|Gengar|100/100 slp\n|move|p1a: Zapdos|Thunderbolt|p2a: Gengar\n|-damage|p2a: Gengar|66/100 slp\n|\n|upkeep\n|turn|41\n|\n|t:|1786284877\n|cant|p2a: Gengar|slp\n|move|p1a: Zapdos|Drill Peck|p2a: Gengar\n|-damage|p2a: Gengar|28/100 slp\n|\n|upkeep\n|turn|42\n|\n|t:|1786284881\n|-curestatus|p2a: Gengar|slp|[msg]\n|move|p1a: Zapdos|Drill Peck|p2a: Gengar\n|-damage|p2a: Gengar|0 fnt\n|faint|p2a: Gengar\n|\n|t:|1786284884\n|switch|p2a: Exeggutor|Exeggutor|100/100\n|turn|43\n|\n|t:|1786284887\n|switch|p1a: Starmie|Starmie|66/100\n|move|p2a: Exeggutor|Stun Spore|p1a: Starmie\n|-status|p1a: Starmie|par\n|\n|upkeep\n|turn|44\n|\n|t:|1786284890\n|switch|p2a: Starmie|Starmie|62/100\n|move|p1a: Starmie|Thunder Wave|p2a: Starmie\n|-status|p2a: Starmie|par\n|\n|upkeep\n|turn|45\n|\n|t:|1786284895\n|switch|p1a: Zapdos|Zapdos|100/100\n|move|p2a: Starmie|Surf|p1a: Zapdos\n|-crit|p1a: Zapdos\n|-damage|p1a: Zapdos|53/100\n|\n|upkeep\n|turn|46\n|\n|t:|1786284902\n|switch|p2a: Exeggutor|Exeggutor|100/100\n|move|p1a: Zapdos|Drill Peck|p2a: Exeggutor\n|-supereffective|p2a: Exeggutor\n|-damage|p2a: Exeggutor|49/100\n|\n|upkeep\n|turn|47\n|\n|t:|1786284923\n|switch|p1a: Starmie|Starmie|66/100 par\n|move|p2a: Exeggutor|Stun Spore|p1a: Starmie\n|-fail|p1a: Starmie|par\n|\n|upkeep\n|turn|48\n|\n|t:|1786284929\n|move|p2a: Exeggutor|Psychic|p1a: Starmie\n|-crit|p1a: Starmie\n|-resisted|p1a: Starmie\n|-damage|p1a: Starmie|28/100 par\n|-unboost|p1a: Starmie|spa|1\n|-unboost|p1a: Starmie|spd|1\n|move|p1a: Starmie|Psychic|p2a: Exeggutor\n|-resisted|p2a: Exeggutor\n|-damage|p2a: Exeggutor|41/100\n|\n|upkeep\n|turn|49\n|\n|t:|1786284936\n|switch|p2a: Starmie|Starmie|62/100 par\n|switch|p1a: Gengar|Gengar|100/100 slp\n|\n|upkeep\n|turn|50\n|\n|t:|1786284943\n|switch|p1a: Zapdos|Zapdos|53/100\n|move|p2a: Starmie|Recover|p2a: Starmie\n|-heal|p2a: Starmie|100/100 par\n|\n|upkeep\n|turn|51\n|\n|t:|1786284946\n|move|p1a: Zapdos|Thunderbolt|p2a: Starmie\n|-supereffective|p2a: Starmie\n|-damage|p2a: Starmie|14/100 par\n|move|p2a: Starmie|Thunder Wave|p1a: Zapdos\n|-status|p1a: Zapdos|par\n|\n|upkeep\n|turn|52\n|\n|t:|1786284952\n|move|p2a: Starmie|Recover|p2a: Starmie\n|-heal|p2a: Starmie|64/100 par\n|move|p1a: Zapdos|Agility|p1a: Zapdos\n|-boost|p1a: Zapdos|spe|2\n|\n|upkeep\n|turn|53\n|\n|t:|1786284956\n|switch|p2a: Exeggutor|Exeggutor|41/100\n|move|p1a: Zapdos|Thunderbolt|p2a: Exeggutor\n|-resisted|p2a: Exeggutor\n|-damage|p2a: Exeggutor|27/100\n|\n|upkeep\n|turn|54\n|\n|t:|1786284960\n|cant|p1a: Zapdos|par\n|move|p2a: Exeggutor|Explosion|p1a: Zapdos\n|-crit|p1a: Zapdos\n|-damage|p1a: Zapdos|0 fnt\n|faint|p1a: Zapdos\n|faint|p2a: Exeggutor\n|\n|t:|1786284965\n|switch|p2a: Starmie|Starmie|64/100 par\n|switch|p1a: Starmie|Starmie|28/100 par\n|turn|55\n|\n|t:|1786284968\n|move|p1a: Starmie|Psychic|p2a: Starmie\n|-resisted|p2a: Starmie\n|-damage|p2a: Starmie|49/100 par\n|-unboost|p2a: Starmie|spa|1\n|-unboost|p2a: Starmie|spd|1\n|move|p2a: Starmie|Thunderbolt|p1a: Starmie\n|-supereffective|p1a: Starmie\n|-damage|p1a: Starmie|0 fnt\n|faint|p1a: Starmie\n|\n|t:|1786284970\n|switch|p1a: Gengar|Gengar|100/100 slp\n|turn|56\n|\n|t:|1786284972\n|cant|p1a: Gengar|slp\n|move|p2a: Starmie|Surf|p1a: Gengar\n|-damage|p1a: Gengar|82/100 slp\n|\n|upkeep\n|turn|57\n|\n|t:|1786284975\n|-curestatus|p1a: Gengar|slp|[msg]\n|move|p2a: Starmie|Surf|p1a: Gengar\n|-damage|p1a: Gengar|61/100\n|\n|upkeep\n|turn|58\n|\n|t:|1786284977\n|move|p1a: Gengar|Thunderbolt|p2a: Starmie\n|-supereffective|p2a: Starmie\n|-damage|p2a: Starmie|0 fnt\n|faint|p2a: Starmie\n|\n|win|Amaranth\n|c|☆Amaranth|ggs\n|c|☆Kaz|gg\n|c|☆Amaranth|i got lucky\n","uploadtime":1786284977,"views":"103","formatid":"gen1ou","rating":null,"private":0,"password":null}