{"id":"smogtours-gen1ou-911807","format":"[Gen 1] OU","players":["Girls See Ghosts","Serpi n_n"],"log":"|inactive|Battle timer is ON: inactive players will automatically lose when time's up.\n|t:|1771791358\n|gametype|singles\n|player|p1|Girls See Ghosts|#splxviisharks|\n|player|p2|Serpi n_n|#splxviibigs2|\n|gen|1\n|tier|[Gen 1] OU\n|rule|Desync Clause Mod: Desyncs changed to move failure.\n|rule|Sleep Clause Mod: Limit one foe put to sleep\n|rule|Freeze Clause Mod: Limit one foe frozen\n|rule|Species Clause: Limit one of each Pokémon\n|rule|OHKO Clause: OHKO moves are banned\n|rule|Evasion Moves Clause: Evasion moves are banned\n|rule|Endless Battle Clause: Forcing endless battles is banned\n|rule|HP Percentage Mod: HP is shown in percentages\n|\n|t:|1771791358\n|teamsize|p1|6\n|teamsize|p2|6\n|start\n|switch|p1a: Jynx|Jynx|100/100\n|switch|p2a: Gengar|Gengar|100/100\n|turn|1\n|c|☆Serpi n_n|hf\n|c|☆Girls See Ghosts|u2\n|\n|t:|1771791379\n|move|p2a: Gengar|Hypnosis|p1a: Jynx\n|-status|p1a: Jynx|slp|[from] move: Hypnosis\n|cant|p1a: Jynx|slp\n|\n|upkeep\n|turn|2\n|rated|Smogon Premier League\n|\n|t:|1771791390\n|move|p2a: Gengar|Night Shade|p1a: Jynx\n|-damage|p1a: Jynx|70/100 slp\n|cant|p1a: Jynx|slp\n|\n|upkeep\n|turn|3\n|\n|t:|1771791392\n|switch|p1a: Alakazam|Alakazam|100/100\n|move|p2a: Gengar|Night Shade|p1a: Alakazam\n|-damage|p1a: Alakazam|69/100\n|\n|upkeep\n|turn|4\n|\n|t:|1771791420\n|switch|p2a: Exeggutor|Exeggutor|100/100\n|move|p1a: Alakazam|Psychic|p2a: Exeggutor\n|-resisted|p2a: Exeggutor\n|-damage|p2a: Exeggutor|86/100\n|-unboost|p2a: Exeggutor|spa|1\n|-unboost|p2a: Exeggutor|spd|1\n|\n|upkeep\n|turn|5\n|\n|t:|1771791430\n|move|p1a: Alakazam|Thunder Wave|p2a: Exeggutor\n|-status|p2a: Exeggutor|par\n|move|p2a: Exeggutor|Stun Spore|p1a: Alakazam\n|-status|p1a: Alakazam|par\n|\n|upkeep\n|turn|6\n|inactive|Serpi n_n has 270 seconds left.\n|\n|t:|1771791466\n|switch|p2a: Rhydon|Rhydon|100/100\n|move|p1a: Alakazam|Recover|p1a: Alakazam\n|-heal|p1a: Alakazam|100/100 par\n|\n|upkeep\n|turn|7\n|\n|t:|1771791474\n|switch|p1a: Cloyster|Cloyster|100/100\n|move|p2a: Rhydon|Earthquake|p1a: Cloyster\n|-damage|p1a: Cloyster|68/100\n|\n|upkeep\n|turn|8\n|\n|t:|1771791489\n|switch|p2a: Cloyster|Cloyster|100/100\n|move|p1a: Cloyster|Blizzard|p2a: Cloyster\n|-resisted|p2a: Cloyster\n|-damage|p2a: Cloyster|88/100\n|\n|upkeep\n|turn|9\n|\n|t:|1771791496\n|move|p1a: Cloyster|Clamp|p2a: Cloyster\n|-resisted|p2a: Cloyster\n|-damage|p2a: Cloyster|81/100\n|cant|p2a: Cloyster|partiallytrapped\n|\n|upkeep\n|turn|10\n|inactive|Serpi n_n has 270 seconds left.\n|\n|t:|1771791515\n|switch|p2a: Gengar|Gengar|100/100\n|move|p1a: Cloyster|Clamp|p2a: Gengar\n|-damage|p2a: Gengar|90/100\n|\n|upkeep\n|turn|11\n|inactive|Serpi n_n has 240 seconds left.\n|inactive|Girls See Ghosts has 270 seconds left.\n|\n|t:|1771791574\n|switch|p2a: Cloyster|Cloyster|81/100\n|switch|p1a: Alakazam|Alakazam|100/100 par\n|\n|upkeep\n|turn|12\n|inactive|Serpi n_n has 210 seconds left.\n|inactive|Serpi n_n has 180 seconds left.\n|\n|t:|1771791620\n|switch|p2a: Exeggutor|Exeggutor|86/100 par\n|move|p1a: Alakazam|Psychic|p2a: Exeggutor\n|-resisted|p2a: Exeggutor\n|-damage|p2a: Exeggutor|72/100 par\n|\n|upkeep\n|turn|13\n|inactive|Girls See Ghosts has 270 seconds left.\n|inactive|Serpi n_n has 180 seconds left.\n|\n|t:|1771791638\n|switch|p1a: Jynx|Jynx|70/100 slp\n|move|p2a: Exeggutor|Psychic|p1a: Jynx\n|-resisted|p1a: Jynx\n|-damage|p1a: Jynx|51/100 slp\n|\n|upkeep\n|turn|14\n|inactive|Girls See Ghosts has 270 seconds left.\n|inactive|Serpi n_n has 180 seconds left.\n|inactive|Serpi n_n has 150 seconds left.\n|\n|t:|1771791695\n|switch|p1a: Alakazam|Alakazam|100/100 par\n|move|p2a: Exeggutor|Stun Spore|p1a: Alakazam\n|-fail|p1a: Alakazam|par\n|\n|upkeep\n|turn|15\n|\n|t:|1771791709\n|move|p1a: Alakazam|Psychic|p2a: Exeggutor\n|-crit|p2a: Exeggutor\n|-resisted|p2a: Exeggutor\n|-damage|p2a: Exeggutor|44/100 par\n|move|p2a: Exeggutor|Psychic|p1a: Alakazam\n|-resisted|p1a: Alakazam\n|-damage|p1a: Alakazam|84/100 par\n|-unboost|p1a: Alakazam|spa|1\n|-unboost|p1a: Alakazam|spd|1\n|\n|upkeep\n|turn|16\n|inactive|Girls See Ghosts has 270 seconds left.\n|inactive|Girls See Ghosts has 240 seconds left.\n|\n|t:|1771791747\n|move|p2a: Exeggutor|Explosion|p1a: Alakazam\n|-damage|p1a: Alakazam|0 fnt\n|faint|p1a: Alakazam\n|faint|p2a: Exeggutor\n|inactive|Girls See Ghosts has 240 seconds left.\n|inactive|Serpi n_n has 120 seconds left.\n|\n|t:|1771791785\n|switch|p1a: Snorlax|Snorlax|100/100\n|switch|p2a: Cloyster|Cloyster|81/100\n|turn|17\n|\n|t:|1771791800\n|switch|p1a: Cloyster|Cloyster|68/100\n|move|p2a: Cloyster|Clamp|p1a: Cloyster\n|-resisted|p1a: Cloyster\n|-damage|p1a: Cloyster|62/100\n|\n|upkeep\n|turn|18\n|inactive|Girls See Ghosts has 240 seconds left.\n|\n|t:|1771791813\n|switch|p1a: Jynx|Jynx|51/100 slp\n|move|p2a: Cloyster|Clamp|p1a: Jynx|[miss]\n|-miss|p2a: Cloyster\n|\n|upkeep\n|turn|19\n|\n|t:|1771791825\n|cant|p1a: Jynx|slp\n|move|p2a: Cloyster|Clamp|p1a: Jynx\n|-damage|p1a: Jynx|40/100 slp\n|\n|upkeep\n|turn|20\n|inactive|Serpi n_n has 90 seconds left.\n|\n|t:|1771791841\n|switch|p2a: Tauros|Tauros|100/100\n|cant|p1a: Jynx|slp\n|\n|upkeep\n|turn|21\n|\n|t:|1771791848\n|switch|p1a: Snorlax|Snorlax|100/100\n|move|p2a: Tauros|Body Slam|p1a: Snorlax\n|-damage|p1a: Snorlax|74/100\n|\n|upkeep\n|turn|22\n|inactive|Serpi n_n has 90 seconds left.\n|inactive|Serpi n_n has 60 seconds left.\n|\n|t:|1771791926\n|switch|p2a: Rhydon|Rhydon|100/100\n|move|p1a: Snorlax|Counter|p2a: Rhydon\n|-damage|p2a: Rhydon|34/100\n|\n|upkeep\n|turn|23\n|inactive|Girls See Ghosts has 270 seconds left.\n|inactive|Serpi n_n has 30 seconds left.\n|inactive|Serpi n_n has 20 seconds left.\n|inactive|Serpi n_n has 15 seconds left.\n|\n|t:|1771791959\n|switch|p2a: Cloyster|Cloyster|81/100\n|move|p1a: Snorlax|Earthquake|p2a: Cloyster\n|-damage|p2a: Cloyster|64/100\n|\n|upkeep\n|turn|24\n|inactive|Serpi n_n has 25 seconds left this turn.\n|inactive|Serpi n_n has 20 seconds left.\n|inactive|Serpi n_n has 15 seconds left.\n|\n|t:|1771791973\n|switch|p1a: Cloyster|Cloyster|62/100\n|move|p2a: Cloyster|Clamp|p1a: Cloyster\n|-resisted|p1a: Cloyster\n|-damage|p1a: Cloyster|55/100\n|\n|upkeep\n|turn|25\n|inactive|Serpi n_n has 25 seconds left this turn.\n|inactive|Serpi n_n has 20 seconds left.\n|\n|t:|1771791981\n|switch|p1a: Jynx|Jynx|40/100 slp\n|move|p2a: Cloyster|Clamp|p1a: Jynx\n|-damage|p1a: Jynx|28/100 slp\n|\n|upkeep\n|turn|26\n|inactive|Serpi n_n has 30 seconds left this turn.\n|\n|t:|1771791989\n|switch|p2a: Tauros|Tauros|100/100\n|cant|p1a: Jynx|slp\n|\n|upkeep\n|turn|27\n|\n|t:|1771792001\n|switch|p1a: Snorlax|Snorlax|74/100\n|move|p2a: Tauros|Body Slam|p1a: Snorlax\n|-damage|p1a: Snorlax|48/100\n|\n|upkeep\n|turn|28\n|inactive|Serpi n_n has 30 seconds left.\n|\n|t:|1771792026\n|switch|p2a: Gengar|Gengar|90/100\n|move|p1a: Snorlax|Self-Destruct|p2a: Gengar\n|-immune|p2a: Gengar\n|faint|p1a: Snorlax\n|\n|t:|1771792030\n|switch|p1a: Tauros|Tauros|100/100\n|turn|29\n|inactive|Serpi n_n has 30 seconds left.\n|inactive|Serpi n_n has 20 seconds left.\n|inactive|Serpi n_n has 15 seconds left.\n|inactive|Serpi n_n has 10 seconds left.\n|\n|t:|1771792061\n|move|p2a: Gengar|Psychic|p1a: Tauros\n|-damage|p1a: Tauros|70/100\n|move|p1a: Tauros|Earthquake|p2a: Gengar\n|-crit|p2a: Gengar\n|-supereffective|p2a: Gengar\n|-damage|p2a: Gengar|0 fnt\n|faint|p2a: Gengar\n|inactive|Serpi n_n has 15 seconds left this turn.\n|inactive|Serpi n_n has 10 seconds left.\n|\n|t:|1771792067\n|switch|p2a: Slowbro|Slowbro|100/100\n|turn|30\n|inactive|Serpi n_n has 20 seconds left this turn.\n|inactive|Serpi n_n has 15 seconds left.\n|\n|t:|1771792081\n|switch|p1a: Jynx|Jynx|28/100 slp\n|move|p2a: Slowbro|Thunder Wave|p1a: Jynx\n|-fail|p1a: Jynx\n|\n|upkeep\n|turn|31\n|inactive|Serpi n_n has 25 seconds left this turn.\n|inactive|Serpi n_n has 20 seconds left.\n|\n|t:|1771792088\n|-curestatus|p1a: Jynx|slp|[msg]\n|move|p2a: Slowbro|Surf|p1a: Jynx\n|-damage|p1a: Jynx|0 fnt\n|faint|p1a: Jynx\n|\n|t:|1771792112\n|switch|p1a: Zapdos|Zapdos|100/100\n|turn|32\n|inactive|Serpi n_n has 30 seconds left.\n|inactive|Serpi n_n has 20 seconds left.\n|inactive|Serpi n_n has 15 seconds left.\n|inactive|Girls See Ghosts has 270 seconds left.\n|inactive|Serpi n_n has 10 seconds left.\n|\n|t:|1771792150\n|switch|p2a: Rhydon|Rhydon|34/100\n|move|p1a: Zapdos|Drill Peck|p2a: Rhydon\n|-resisted|p2a: Rhydon\n|-damage|p2a: Rhydon|25/100\n|\n|upkeep\n|turn|33\n|inactive|Serpi n_n has 20 seconds left this turn.\n|inactive|Serpi n_n has 15 seconds left.\n|inactive|Serpi n_n has 10 seconds left.\n|\n|t:|1771792164\n|switch|p1a: Cloyster|Cloyster|55/100\n|move|p2a: Rhydon|Rest|p2a: Rhydon\n|-status|p2a: Rhydon|slp|[from] move: Rest\n|-heal|p2a: Rhydon|100/100 slp|[silent]\n|\n|upkeep\n|turn|34\n|inactive|Serpi n_n has 20 seconds left this turn.\n|inactive|Girls See Ghosts has 270 seconds left.\n|inactive|Serpi n_n has 15 seconds left.\n|inactive|Serpi n_n has 10 seconds left.\n|inactive|Serpi n_n has 5 seconds left.\n|\n|t:|1771792180\n|switch|p2a: Cloyster|Cloyster|64/100\n|move|p1a: Cloyster|Clamp|p2a: Cloyster\n|-resisted|p2a: Cloyster\n|-damage|p2a: Cloyster|57/100\n|\n|upkeep\n|turn|35\n|inactive|Serpi n_n has 15 seconds left this turn.\n|inactive|Serpi n_n has 10 seconds left.\n|inactive|Serpi n_n has 5 seconds left.\n|\n|t:|1771792191\n|switch|p2a: Tauros|Tauros|100/100\n|move|p1a: Cloyster|Clamp|p2a: Tauros\n|-damage|p2a: Tauros|88/100\n|\n|upkeep\n|turn|36\n|inactive|Serpi n_n has 15 seconds left this turn.\n|inactive|Serpi n_n has 10 seconds left.\n|\n|t:|1771792198\n|switch|p2a: Slowbro|Slowbro|100/100\n|move|p1a: Cloyster|Clamp|p2a: Slowbro|[miss]\n|-miss|p1a: Cloyster\n|\n|upkeep\n|turn|37\n|inactive|Serpi n_n has 20 seconds left this turn.\n|inactive|Serpi n_n has 15 seconds left.\n|\n|t:|1771792208\n|move|p1a: Cloyster|Clamp|p2a: Slowbro|[miss]\n|-miss|p1a: Cloyster\n|move|p2a: Slowbro|Thunder Wave|p1a: Cloyster\n|-status|p1a: Cloyster|par\n|\n|upkeep\n|turn|38\n|inactive|Serpi n_n has 25 seconds left this turn.\n|inactive|Serpi n_n has 20 seconds left.\n|\n|t:|1771792218\n|switch|p2a: Cloyster|Cloyster|57/100\n|cant|p1a: Cloyster|par\n|\n|upkeep\n|turn|39\n|inactive|Serpi n_n has 30 seconds left this turn.\n|\n|t:|1771792223\n|move|p2a: Cloyster|Clamp|p1a: Cloyster\n|-resisted|p1a: Cloyster\n|-damage|p1a: Cloyster|48/100 par\n|cant|p1a: Cloyster|partiallytrapped\n|\n|upkeep\n|turn|40\n|\n|t:|1771792229\n|switch|p1a: Zapdos|Zapdos|100/100\n|move|p2a: Cloyster|Clamp|p1a: Zapdos\n|-damage|p1a: Zapdos|92/100\n|\n|upkeep\n|turn|41\n|\n|t:|1771792236\n|switch|p1a: Cloyster|Cloyster|48/100 par\n|move|p2a: Cloyster|Clamp|p1a: Cloyster\n|-resisted|p1a: Cloyster\n|-damage|p1a: Cloyster|42/100 par\n|\n|upkeep\n|turn|42\n|\n|t:|1771792243\n|switch|p1a: Zapdos|Zapdos|92/100\n|move|p2a: Cloyster|Clamp|p1a: Zapdos|[miss]\n|-miss|p2a: Cloyster\n|\n|upkeep\n|turn|43\n|\n|t:|1771792262\n|switch|p1a: Cloyster|Cloyster|42/100 par\n|move|p2a: Cloyster|Explosion|p1a: Cloyster\n|-crit|p1a: Cloyster\n|-damage|p1a: Cloyster|0 fnt\n|faint|p1a: Cloyster\n|faint|p2a: Cloyster\n|inactive|Serpi n_n has 30 seconds left.\n|\n|t:|1771792279\n|switch|p2a: Rhydon|Rhydon|100/100 slp\n|switch|p1a: Zapdos|Zapdos|92/100\n|turn|44\n|\n|t:|1771792289\n|switch|p1a: Tauros|Tauros|70/100\n|switch|p2a: Slowbro|Slowbro|100/100\n|\n|upkeep\n|turn|45\n|\n|t:|1771792294\n|switch|p1a: Zapdos|Zapdos|92/100\n|move|p2a: Slowbro|Thunder Wave|p1a: Zapdos\n|-status|p1a: Zapdos|par\n|\n|upkeep\n|turn|46\n|\n|t:|1771792301\n|switch|p2a: Rhydon|Rhydon|100/100 slp\n|move|p1a: Zapdos|Thunderbolt|p2a: Rhydon\n|-immune|p2a: Rhydon\n|\n|upkeep\n|turn|47\n|\n|t:|1771792305\n|switch|p1a: Tauros|Tauros|70/100\n|cant|p2a: Rhydon|slp\n|\n|upkeep\n|turn|48\n|inactive|Serpi n_n has 60 seconds left.\n|\n|t:|1771792321\n|switch|p2a: Slowbro|Slowbro|100/100\n|move|p1a: Tauros|Body Slam|p2a: Slowbro\n|-damage|p2a: Slowbro|78/100\n|\n|upkeep\n|turn|49\n|inactive|Serpi n_n has 60 seconds left.\n|\n|t:|1771792340\n|switch|p1a: Zapdos|Zapdos|92/100 par\n|move|p2a: Slowbro|Amnesia|p2a: Slowbro\n|-boost|p2a: Slowbro|spa|2\n|-boost|p2a: Slowbro|spd|2\n|\n|upkeep\n|turn|50\n|inactive|Serpi n_n has 60 seconds left.\n|inactive|Serpi n_n has 30 seconds left.\n|\n|t:|1771792375\n|switch|p2a: Rhydon|Rhydon|100/100 slp\n|move|p1a: Zapdos|Thunderbolt|p2a: Rhydon\n|-immune|p2a: Rhydon\n|\n|upkeep\n|turn|51\n|inactive|Serpi n_n has 30 seconds left.\n|\n|t:|1771792393\n|switch|p1a: Tauros|Tauros|70/100\n|-curestatus|p2a: Rhydon|slp|[msg]\n|\n|upkeep\n|turn|52\n|inactive|Serpi n_n has 30 seconds left.\n|\n|t:|1771792407\n|move|p1a: Tauros|Body Slam|p2a: Rhydon\n|-resisted|p2a: Rhydon\n|-damage|p2a: Rhydon|91/100\n|move|p2a: Rhydon|Earthquake|p1a: Tauros\n|-damage|p1a: Tauros|26/100\n|\n|upkeep\n|turn|53\n|inactive|Serpi n_n has 30 seconds left.\n|\n|t:|1771792415\n|switch|p2a: Slowbro|Slowbro|78/100\n|move|p1a: Tauros|Body Slam|p2a: Slowbro\n|-damage|p2a: Slowbro|52/100\n|\n|upkeep\n|turn|54\n|\n|t:|1771792422\n|move|p1a: Tauros|Hyper Beam|p2a: Slowbro\n|-crit|p2a: Slowbro\n|-damage|p2a: Slowbro|0 fnt\n|faint|p2a: Slowbro\n|\n|t:|1771792424\n|switch|p2a: Tauros|Tauros|88/100\n|turn|55\n|\n|t:|1771792431\n|switch|p1a: Zapdos|Zapdos|92/100 par\n|move|p2a: Tauros|Body Slam|p1a: Zapdos\n|-damage|p1a: Zapdos|63/100 par\n|\n|upkeep\n|turn|56\n|inactive|Serpi n_n has 60 seconds left.\n|\n|t:|1771792441\n|move|p2a: Tauros|Body Slam|p1a: Zapdos\n|-damage|p1a: Zapdos|34/100 par\n|move|p1a: Zapdos|Thunder Wave|p2a: Tauros\n|-status|p2a: Tauros|par\n|\n|upkeep\n|turn|57\n|inactive|Serpi n_n has 60 seconds left.\n|\n|t:|1771792463\n|switch|p1a: Tauros|Tauros|26/100\n|move|p2a: Tauros|Body Slam|p1a: Tauros\n|-damage|p1a: Tauros|0 fnt\n|faint|p1a: Tauros\n|c|☆Girls See Ghosts|gg\n|c|☆Serpi n_n|ggs\n|\n|t:|1771792470\n|switch|p1a: Zapdos|Zapdos|34/100 par\n|turn|58\n|\n|t:|1771792472\n|cant|p2a: Tauros|par\n|move|p1a: Zapdos|Thunderbolt|p2a: Tauros\n|-damage|p2a: Tauros|38/100 par\n|\n|upkeep\n|turn|59\n|\n|t:|1771792474\n|move|p2a: Tauros|Hyper Beam|p1a: Zapdos\n|-damage|p1a: Zapdos|0 fnt\n|faint|p1a: Zapdos\n|\n|win|Serpi n_n\n|player|p2|\n","uploadtime":1771792474,"views":"1082","formatid":"gen1ou","rating":null,"private":0,"password":null}