{"id":"smogtours-gen1ou-960617","format":"[Gen 1] OU","players":["violet river","TheStupe"],"log":"|inactive|Battle timer is ON: inactive players will automatically lose when time's up.\n|t:|1785547294\n|gametype|singles\n|player|p1|violet river|#advplvi|\n|player|p2|TheStupe|psychicf-gen4|\n|gen|1\n|tier|[Gen 1] OU\n|rule|Desync Clause Mod: Desyncs resolve to link battle behavior from the acting player's perspective.\n|rule|HP Percentage Mod: HP is shown in percentages\n|rule|Endless Battle Clause: Forcing endless battles is banned\n|rule|Sleep Clause Mod: Limit one foe put to sleep\n|rule|Freeze Clause Mod: Limit one foe frozen\n|rule|Species Clause: Limit one of each Pokémon\n|rule|OHKO Clause: OHKO moves are banned\n|rule|Evasion Moves Clause: Evasion moves are banned\n|\n|t:|1785547294\n|teamsize|p1|6\n|teamsize|p2|6\n|start\n|switch|p1a: Tauros|Tauros|100/100\n|switch|p2a: Alakazam|Alakazam|100/100\n|turn|1\n|c|☆violet river|hf\n|\n|t:|1785547308\n|move|p2a: Alakazam|Thunder Wave|p1a: Tauros\n|-status|p1a: Tauros|par\n|move|p1a: Tauros|Body Slam|p2a: Alakazam\n|-damage|p2a: Alakazam|48/100\n|\n|upkeep\n|turn|2\n|c|☆TheStupe|u2\n|\n|t:|1785547336\n|switch|p2a: Snorlax|Snorlax|100/100\n|move|p1a: Tauros|Body Slam|p2a: Snorlax\n|-damage|p2a: Snorlax|76/100\n|\n|upkeep\n|turn|3\n|\n|t:|1785547341\n|switch|p1a: Chansey|Chansey|100/100\n|move|p2a: Snorlax|Body Slam|p1a: Chansey\n|-damage|p1a: Chansey|57/100\n|\n|upkeep\n|turn|4\n|\n|t:|1785547356\n|move|p1a: Chansey|Soft-Boiled|p1a: Chansey\n|-heal|p1a: Chansey|100/100\n|move|p2a: Snorlax|Earthquake|p1a: Chansey\n|-damage|p1a: Chansey|70/100\n|\n|upkeep\n|turn|5\n|\n|t:|1785547361\n|move|p1a: Chansey|Soft-Boiled|p1a: Chansey\n|-heal|p1a: Chansey|100/100\n|move|p2a: Snorlax|Body Slam|p1a: Chansey\n|-damage|p1a: Chansey|61/100\n|\n|upkeep\n|turn|6\n|\n|t:|1785547365\n|move|p1a: Chansey|Soft-Boiled|p1a: Chansey\n|-heal|p1a: Chansey|100/100\n|move|p2a: Snorlax|Earthquake|p1a: Chansey\n|-damage|p1a: Chansey|66/100\n|\n|upkeep\n|turn|7\n|\n|t:|1785547368\n|move|p1a: Chansey|Soft-Boiled|p1a: Chansey\n|-heal|p1a: Chansey|100/100\n|move|p2a: Snorlax|Earthquake|p1a: Chansey\n|-damage|p1a: Chansey|70/100\n|\n|upkeep\n|turn|8\n|\n|t:|1785547375\n|move|p1a: Chansey|Soft-Boiled|p1a: Chansey\n|-heal|p1a: Chansey|100/100\n|move|p2a: Snorlax|Body Slam|p1a: Chansey\n|-damage|p1a: Chansey|62/100\n|\n|upkeep\n|turn|9\n|\n|t:|1785547386\n|move|p1a: Chansey|Thunder Wave|p2a: Snorlax\n|-status|p2a: Snorlax|par\n|move|p2a: Snorlax|Body Slam|p1a: Chansey\n|-damage|p1a: Chansey|24/100\n|\n|upkeep\n|turn|10\n|\n|t:|1785547391\n|move|p1a: Chansey|Soft-Boiled|p1a: Chansey\n|-heal|p1a: Chansey|74/100\n|move|p2a: Snorlax|Body Slam|p1a: Chansey\n|-damage|p1a: Chansey|30/100\n|\n|upkeep\n|turn|11\n|\n|t:|1785547397\n|move|p1a: Chansey|Soft-Boiled|p1a: Chansey\n|-heal|p1a: Chansey|80/100\n|move|p2a: Snorlax|Body Slam|p1a: Chansey\n|-damage|p1a: Chansey|41/100\n|\n|upkeep\n|turn|12\n|\n|t:|1785547407\n|move|p1a: Chansey|Soft-Boiled|p1a: Chansey\n|-heal|p1a: Chansey|91/100\n|move|p2a: Snorlax|Body Slam|p1a: Chansey\n|-damage|p1a: Chansey|52/100\n|\n|upkeep\n|turn|13\n|\n|t:|1785547412\n|move|p1a: Chansey|Soft-Boiled|p1a: Chansey\n|-heal|p1a: Chansey|100/100\n|move|p2a: Snorlax|Body Slam|p1a: Chansey\n|-damage|p1a: Chansey|62/100\n|\n|upkeep\n|turn|14\n|\n|t:|1785547414\n|move|p1a: Chansey|Soft-Boiled|p1a: Chansey\n|-heal|p1a: Chansey|100/100\n|move|p2a: Snorlax|Earthquake|p1a: Chansey\n|-damage|p1a: Chansey|70/100\n|\n|upkeep\n|turn|15\n|\n|t:|1785547417\n|switch|p1a: Cloyster|Cloyster|100/100\n|move|p2a: Snorlax|Earthquake|p1a: Cloyster\n|-damage|p1a: Cloyster|83/100\n|\n|upkeep\n|turn|16\n|\n|t:|1785547420\n|switch|p2a: Starmie|Starmie|100/100\n|move|p1a: Cloyster|Ice Beam|p2a: Starmie\n|-resisted|p2a: Starmie\n|-damage|p2a: Starmie|85/100\n|\n|upkeep\n|turn|17\n|\n|t:|1785547427\n|switch|p1a: Chansey|Chansey|70/100\n|move|p2a: Starmie|Blizzard|p1a: Chansey\n|-crit|p1a: Chansey\n|-damage|p1a: Chansey|46/100\n|\n|upkeep\n|turn|18\n|\n|t:|1785547445\n|switch|p2a: Exeggutor|Exeggutor|100/100\n|move|p1a: Chansey|Ice Beam|p2a: Exeggutor\n|-supereffective|p2a: Exeggutor\n|-damage|p2a: Exeggutor|64/100\n|\n|upkeep\n|turn|19\n|\n|t:|1785547457\n|move|p2a: Exeggutor|Sleep Powder|p1a: Chansey\n|-status|p1a: Chansey|slp|[from] move: Sleep Powder\n|cant|p1a: Chansey|slp\n|\n|upkeep\n|turn|20\n|\n|t:|1785547462\n|switch|p1a: Exeggutor|Exeggutor|100/100\n|move|p2a: Exeggutor|Psychic|p1a: Exeggutor\n|-resisted|p1a: Exeggutor\n|-damage|p1a: Exeggutor|87/100\n|\n|upkeep\n|turn|21\n|\n|t:|1785547472\n|move|p1a: Exeggutor|Sleep Powder|p2a: Exeggutor\n|-status|p2a: Exeggutor|slp|[from] move: Sleep Powder\n|cant|p2a: Exeggutor|slp\n|\n|upkeep\n|turn|22\n|\n|t:|1785547474\n|move|p1a: Exeggutor|Stun Spore|p2a: Exeggutor\n|-fail|p2a: Exeggutor\n|cant|p2a: Exeggutor|slp\n|\n|upkeep\n|turn|23\n|\n|t:|1785547476\n|move|p1a: Exeggutor|Stun Spore|p2a: Exeggutor\n|-fail|p2a: Exeggutor\n|-curestatus|p2a: Exeggutor|slp|[msg]\n|\n|upkeep\n|turn|24\n|\n|t:|1785547481\n|move|p2a: Exeggutor|Explosion|p1a: Exeggutor\n|-damage|p1a: Exeggutor|11/100\n|faint|p2a: Exeggutor\n|\n|t:|1785547489\n|switch|p2a: Tauros|Tauros|100/100\n|turn|25\n|\n|t:|1785547495\n|switch|p1a: Chansey|Chansey|46/100 slp\n|move|p2a: Tauros|Body Slam|p1a: Chansey|[miss]\n|-miss|p2a: Tauros\n|-hint|In Gen 1, moves with 100% accuracy can still miss 1/256 of the time.\n|\n|upkeep\n|turn|26\n|\n|t:|1785547498\n|move|p2a: Tauros|Body Slam|p1a: Chansey\n|-damage|p1a: Chansey|5/100 slp\n|cant|p1a: Chansey|slp\n|\n|upkeep\n|turn|27\n|\n|t:|1785547499\n|move|p2a: Tauros|Body Slam|p1a: Chansey\n|-damage|p1a: Chansey|0 fnt\n|faint|p1a: Chansey\n|\n|t:|1785547501\n|switch|p1a: Starmie|Starmie|100/100\n|turn|28\n|\n|t:|1785547514\n|switch|p2a: Chansey|Chansey|100/100\n|move|p1a: Starmie|Surf|p2a: Chansey\n|-damage|p2a: Chansey|86/100\n|\n|upkeep\n|turn|29\n|inactive|TheStupe has 270 seconds left.\n|\n|t:|1785547550\n|switch|p1a: Tauros|Tauros|100/100 par\n|move|p2a: Chansey|Thunder Wave|p1a: Tauros\n|-fail|p1a: Tauros|par\n|\n|upkeep\n|turn|30\n|\n|t:|1785547554\n|switch|p2a: Snorlax|Snorlax|76/100 par\n|move|p1a: Tauros|Body Slam|p2a: Snorlax\n|-damage|p2a: Snorlax|53/100 par\n|\n|upkeep\n|turn|31\n|\n|t:|1785547567\n|switch|p1a: Rhydon|Rhydon|100/100\n|cant|p2a: Snorlax|par\n|\n|upkeep\n|turn|32\n|inactive|TheStupe has 270 seconds left.\n|\n|t:|1785547610\n|move|p1a: Rhydon|Earthquake|p2a: Snorlax\n|-damage|p2a: Snorlax|17/100 par\n|move|p2a: Snorlax|Earthquake|p1a: Rhydon\n|-supereffective|p1a: Rhydon\n|-damage|p1a: Rhydon|65/100\n|\n|upkeep\n|turn|33\n|\n|t:|1785547621\n|move|p1a: Rhydon|Body Slam|p2a: Snorlax\n|-damage|p2a: Snorlax|0 fnt\n|faint|p2a: Snorlax\n|\n|t:|1785547625\n|switch|p2a: Alakazam|Alakazam|48/100\n|turn|34\n|\n|t:|1785547630\n|move|p2a: Alakazam|Psychic|p1a: Rhydon\n|-damage|p1a: Rhydon|19/100\n|move|p1a: Rhydon|Earthquake|p2a: Alakazam\n|-damage|p2a: Alakazam|0 fnt\n|faint|p2a: Alakazam\n|\n|t:|1785547636\n|switch|p2a: Chansey|Chansey|86/100\n|turn|35\n|\n|t:|1785547639\n|move|p2a: Chansey|Ice Beam|p1a: Rhydon\n|-supereffective|p1a: Rhydon\n|-damage|p1a: Rhydon|0 fnt\n|faint|p1a: Rhydon\n|\n|t:|1785547640\n|switch|p1a: Exeggutor|Exeggutor|11/100\n|turn|36\n|\n|t:|1785547646\n|move|p1a: Exeggutor|Sleep Powder|p2a: Chansey|[miss]\n|-miss|p1a: Exeggutor\n|move|p2a: Chansey|Ice Beam|p1a: Exeggutor\n|-supereffective|p1a: Exeggutor\n|-damage|p1a: Exeggutor|0 fnt\n|faint|p1a: Exeggutor\n|\n|t:|1785547655\n|switch|p1a: Starmie|Starmie|100/100\n|turn|37\n|\n|t:|1785547660\n|move|p1a: Starmie|Thunder Wave|p2a: Chansey\n|-status|p2a: Chansey|par\n|cant|p2a: Chansey|par\n|\n|upkeep\n|turn|38\n|\n|t:|1785547665\n|move|p1a: Starmie|Thunder Wave|p2a: Chansey\n|-fail|p2a: Chansey|par\n|move|p2a: Chansey|Thunderbolt|p1a: Starmie\n|-supereffective|p1a: Starmie\n|-damage|p1a: Starmie|51/100\n|\n|upkeep\n|turn|39\n|\n|t:|1785547669\n|move|p1a: Starmie|Recover|p1a: Starmie\n|-heal|p1a: Starmie|100/100\n|cant|p2a: Chansey|par\n|\n|upkeep\n|turn|40\n|\n|t:|1785547671\n|switch|p1a: Tauros|Tauros|100/100 par\n|cant|p2a: Chansey|par\n|\n|upkeep\n|turn|41\n|\n|t:|1785547675\n|switch|p2a: Tauros|Tauros|100/100\n|cant|p1a: Tauros|par\n|\n|upkeep\n|turn|42\n|\n|t:|1785547679\n|move|p2a: Tauros|Body Slam|p1a: Tauros\n|-damage|p1a: Tauros|72/100 par\n|move|p1a: Tauros|Body Slam|p2a: Tauros\n|-damage|p2a: Tauros|73/100\n|\n|upkeep\n|turn|43\n|\n|t:|1785547682\n|switch|p1a: Cloyster|Cloyster|83/100\n|move|p2a: Tauros|Body Slam|p1a: Cloyster\n|-damage|p1a: Cloyster|62/100\n|\n|upkeep\n|turn|44\n|\n|t:|1785547691\n|switch|p2a: Chansey|Chansey|86/100 par\n|move|p1a: Cloyster|Clamp|p2a: Chansey\n|-crit|p2a: Chansey\n|-damage|p2a: Chansey|75/100 par\n|\n|upkeep\n|turn|45\n|\n|t:|1785547698\n|switch|p2a: Starmie|Starmie|85/100\n|move|p1a: Cloyster|Clamp|p2a: Starmie|[miss]\n|-miss|p1a: Cloyster\n|\n|upkeep\n|turn|46\n|\n|t:|1785547709\n|move|p2a: Starmie|Recover|p2a: Starmie\n|-heal|p2a: Starmie|100/100\n|move|p1a: Cloyster|Explosion|p2a: Starmie\n|-damage|p2a: Starmie|9/100\n|faint|p1a: Cloyster\n|\n|t:|1785547711\n|switch|p1a: Starmie|Starmie|100/100\n|turn|47\n|\n|t:|1785547717\n|switch|p2a: Chansey|Chansey|75/100 par\n|switch|p1a: Tauros|Tauros|72/100 par\n|\n|upkeep\n|turn|48\n|\n|t:|1785547734\n|switch|p2a: Starmie|Starmie|9/100\n|move|p1a: Tauros|Body Slam|p2a: Starmie\n|-damage|p2a: Starmie|0 fnt\n|faint|p2a: Starmie\n|\n|t:|1785547735\n|switch|p2a: Tauros|Tauros|73/100\n|turn|49\n|\n|t:|1785547739\n|switch|p1a: Starmie|Starmie|100/100\n|move|p2a: Tauros|Body Slam|p1a: Starmie\n|-crit|p1a: Starmie\n|-damage|p1a: Starmie|35/100\n|-status|p1a: Starmie|par\n|\n|upkeep\n|turn|50\n|c|☆violet river|sigh\n|c|☆violet river|idk man\n|c|☆violet river|think i outplayed p hard\n|c|☆violet river|gl next\n|c|☆TheStupe|Yeah I played like shit this game 3\n|\n|t:|1785547765\n|move|p2a: Tauros|Hyper Beam|p1a: Starmie\n|-damage|p1a: Starmie|0 fnt\n|faint|p1a: Starmie\n|c|☆violet river|guess i shld just\n|c|☆violet river|boom the egg\n|c|☆violet river|and not be greedy\n|\n|t:|1785547772\n|switch|p1a: Tauros|Tauros|72/100 par\n|turn|51\n|\n|t:|1785547779\n|move|p2a: Tauros|Body Slam|p1a: Tauros\n|-damage|p1a: Tauros|41/100 par\n|move|p1a: Tauros|Hyper Beam|p2a: Tauros\n|-crit|p2a: Tauros\n|-damage|p2a: Tauros|0 fnt\n|faint|p2a: Tauros\n|\n|t:|1785547781\n|switch|p2a: Chansey|Chansey|75/100 par\n|turn|52\n|c|☆violet river|ok\n|c|☆violet river|god is good\n|\n|t:|1785547785\n|move|p1a: Tauros|Body Slam|p2a: Chansey\n|-damage|p2a: Chansey|37/100 par\n|move|p2a: Chansey|Soft-Boiled|p2a: Chansey\n|-heal|p2a: Chansey|87/100 par\n|\n|upkeep\n|turn|53\n|\n|t:|1785547794\n|move|p1a: Tauros|Body Slam|p2a: Chansey\n|-damage|p2a: Chansey|49/100 par\n|move|p2a: Chansey|Ice Beam|p1a: Tauros\n|-damage|p1a: Tauros|14/100 par\n|\n|upkeep\n|turn|54\n|\n|t:|1785547796\n|move|p1a: Tauros|Hyper Beam|p2a: Chansey\n|-damage|p2a: Chansey|0 fnt\n|faint|p2a: Chansey\n|\n|win|violet river\n|c|☆TheStupe|ggs\n|c|☆violet river|xd\n|c|☆violet river|ggs\n","uploadtime":1785547796,"views":"84","formatid":"gen1ou","rating":null,"private":0,"password":null}