{"id":"smogtours-gen1ou-945398","format":"[Gen 1] OU","players":["sky","stunner047"],"log":"|inactive|Battle timer is ON: inactive players will automatically lose when time's up.\n|t:|1781199367\n|gametype|singles\n|player|p1|sky|#scl1islanders|\n|player|p2|stunner047|#rbypliiidingdangdewgongs|\n|gen|1\n|tier|[Gen 1] OU\n|rule|Desync Clause Mod: Desyncs changed to move failure.\n|rule|HP Percentage Mod: HP is shown in percentages\n|rule|Endless Battle Clause: Forcing endless battles is banned\n|rule|Sleep Clause Mod: Limit one foe put to sleep\n|rule|Freeze Clause Mod: Limit one foe frozen\n|rule|Species Clause: Limit one of each Pokémon\n|rule|OHKO Clause: OHKO moves are banned\n|rule|Evasion Moves Clause: Evasion moves are banned\n|\n|t:|1781199367\n|teamsize|p1|6\n|teamsize|p2|6\n|start\n|switch|p1a: Jynx|Jynx|100/100\n|switch|p2a: Starmie|Starmie|100/100\n|turn|1\n|c|☆stunner047|gl hf\n|c|☆sky|hf\n|\n|t:|1781199377\n|move|p2a: Starmie|Thunder Wave|p1a: Jynx\n|-status|p1a: Jynx|par\n|move|p1a: Jynx|Blizzard|p2a: Starmie\n|-resisted|p2a: Starmie\n|-damage|p2a: Starmie|78/100\n|\n|upkeep\n|turn|2\n|\n|t:|1781199380\n|move|p2a: Starmie|Psychic|p1a: Jynx\n|-resisted|p1a: Jynx\n|-damage|p1a: Jynx|83/100 par\n|move|p1a: Jynx|Lovely Kiss|p2a: Starmie\n|-status|p2a: Starmie|slp|[from] move: Lovely Kiss\n|\n|upkeep\n|turn|3\n|\n|t:|1781199383\n|switch|p2a: Chansey|Chansey|100/100\n|move|p1a: Jynx|Blizzard|p2a: Chansey\n|-damage|p2a: Chansey|80/100\n|\n|upkeep\n|turn|4\n|\n|t:|1781199385\n|move|p2a: Chansey|Seismic Toss|p1a: Jynx\n|-damage|p1a: Jynx|53/100 par\n|move|p1a: Jynx|Blizzard|p2a: Chansey\n|-damage|p2a: Chansey|60/100\n|\n|upkeep\n|turn|5\n|\n|t:|1781199395\n|move|p2a: Chansey|Seismic Toss|p1a: Jynx\n|-damage|p1a: Jynx|23/100 par\n|move|p1a: Jynx|Rest|p1a: Jynx\n|-status|p1a: Jynx|slp|[from] move: Rest\n|-heal|p1a: Jynx|100/100 slp|[silent]\n|\n|upkeep\n|turn|6\n|\n|t:|1781199405\n|move|p2a: Chansey|Soft-Boiled|p2a: Chansey\n|-heal|p2a: Chansey|100/100\n|cant|p1a: Jynx|slp\n|\n|upkeep\n|turn|7\n|\n|t:|1781199413\n|switch|p2a: Exeggutor|Exeggutor|100/100\n|switch|p1a: Exeggutor|Exeggutor|100/100\n|\n|upkeep\n|turn|8\n|\n|t:|1781199418\n|switch|p1a: Jynx|Jynx|100/100 slp\n|move|p2a: Exeggutor|Sleep Powder|p1a: Jynx\n|-fail|p1a: Jynx|slp\n|\n|upkeep\n|turn|9\n|\n|t:|1781199421\n|-curestatus|p1a: Jynx|slp|[msg]\n|move|p2a: Exeggutor|Sleep Powder|p1a: Jynx\n|-status|p1a: Jynx|slp|[from] move: Sleep Powder\n|\n|upkeep\n|turn|10\n|\n|t:|1781199424\n|cant|p1a: Jynx|slp\n|move|p2a: Exeggutor|Psychic|p1a: Jynx\n|-resisted|p1a: Jynx\n|-damage|p1a: Jynx|80/100 slp\n|\n|upkeep\n|turn|11\n|\n|t:|1781199426\n|switch|p2a: Tauros|Tauros|100/100\n|cant|p1a: Jynx|slp\n|\n|upkeep\n|turn|12\n|\n|t:|1781199430\n|switch|p1a: Snorlax|Snorlax|100/100\n|move|p2a: Tauros|Body Slam|p1a: Snorlax\n|-crit|p1a: Snorlax\n|-damage|p1a: Snorlax|56/100\n|\n|upkeep\n|turn|13\n|\n|t:|1781199434\n|switch|p2a: Chansey|Chansey|100/100\n|move|p1a: Snorlax|Reflect|p1a: Snorlax\n|-start|p1a: Snorlax|Reflect\n|\n|upkeep\n|turn|14\n|\n|t:|1781199437\n|move|p1a: Snorlax|Body Slam|p2a: Chansey\n|-damage|p2a: Chansey|59/100\n|move|p2a: Chansey|Counter|p1a: Snorlax\n|-damage|p1a: Snorlax|0 fnt\n|faint|p1a: Snorlax\n|\n|t:|1781199445\n|switch|p1a: Tauros|Tauros|100/100\n|turn|15\n|\n|t:|1781199450\n|switch|p2a: Snorlax|Snorlax|100/100\n|move|p1a: Tauros|Body Slam|p2a: Snorlax\n|-damage|p2a: Snorlax|77/100\n|\n|upkeep\n|turn|16\n|\n|t:|1781199452\n|move|p1a: Tauros|Body Slam|p2a: Snorlax\n|-damage|p2a: Snorlax|52/100\n|move|p2a: Snorlax|Body Slam|p1a: Tauros\n|-damage|p1a: Tauros|68/100\n|\n|upkeep\n|turn|17\n|\n|t:|1781199456\n|move|p1a: Tauros|Body Slam|p2a: Snorlax\n|-damage|p2a: Snorlax|30/100\n|move|p2a: Snorlax|Body Slam|p1a: Tauros\n|-damage|p1a: Tauros|34/100\n|\n|upkeep\n|turn|18\n|\n|t:|1781199460\n|switch|p2a: Exeggutor|Exeggutor|100/100\n|move|p1a: Tauros|Hyper Beam|p2a: Exeggutor|[miss]\n|-miss|p1a: Tauros\n|\n|upkeep\n|turn|19\n|\n|t:|1781199469\n|switch|p1a: Exeggutor|Exeggutor|100/100\n|move|p2a: Exeggutor|Psychic|p1a: Exeggutor\n|-resisted|p1a: Exeggutor\n|-damage|p1a: Exeggutor|88/100\n|\n|upkeep\n|turn|20\n|\n|t:|1781199476\n|switch|p2a: Chansey|Chansey|59/100\n|move|p1a: Exeggutor|Stun Spore|p2a: Chansey\n|-status|p2a: Chansey|par\n|\n|upkeep\n|turn|21\n|\n|t:|1781199485\n|move|p1a: Exeggutor|Psychic|p2a: Chansey\n|-crit|p2a: Chansey\n|-damage|p2a: Chansey|25/100 par\n|move|p2a: Chansey|Thunder Wave|p1a: Exeggutor\n|-status|p1a: Exeggutor|par\n|\n|upkeep\n|turn|22\n|\n|t:|1781199489\n|move|p1a: Exeggutor|Psychic|p2a: Chansey\n|-damage|p2a: Chansey|10/100 par\n|move|p2a: Chansey|Soft-Boiled|p2a: Chansey\n|-heal|p2a: Chansey|60/100 par\n|\n|upkeep\n|turn|23\n|\n|t:|1781199491\n|cant|p1a: Exeggutor|par\n|move|p2a: Chansey|Soft-Boiled|p2a: Chansey\n|-heal|p2a: Chansey|100/100 par\n|\n|upkeep\n|turn|24\n|\n|t:|1781199493\n|switch|p2a: Starmie|Starmie|78/100 slp\n|cant|p1a: Exeggutor|par\n|\n|upkeep\n|turn|25\n|\n|t:|1781199498\n|switch|p2a: Alakazam|Alakazam|100/100\n|switch|p1a: Tauros|Tauros|34/100\n|\n|upkeep\n|turn|26\n|\n|t:|1781199502\n|switch|p1a: Chansey|Chansey|100/100\n|move|p2a: Alakazam|Psychic|p1a: Chansey\n|-damage|p1a: Chansey|83/100\n|-unboost|p1a: Chansey|spa|1\n|-unboost|p1a: Chansey|spd|1\n|\n|upkeep\n|turn|27\n|\n|t:|1781199506\n|switch|p2a: Chansey|Chansey|100/100 par\n|move|p1a: Chansey|Ice Beam|p2a: Chansey\n|-damage|p2a: Chansey|93/100 par\n|\n|upkeep\n|turn|28\n|\n|t:|1781199510\n|move|p1a: Chansey|Seismic Toss|p2a: Chansey\n|-damage|p2a: Chansey|79/100 par\n|cant|p2a: Chansey|par\n|\n|upkeep\n|turn|29\n|\n|t:|1781199513\n|move|p1a: Chansey|Seismic Toss|p2a: Chansey\n|-damage|p2a: Chansey|65/100 par\n|move|p2a: Chansey|Thunder Wave|p1a: Chansey\n|-status|p1a: Chansey|par\n|\n|upkeep\n|turn|30\n|\n|t:|1781199515\n|cant|p1a: Chansey|par\n|move|p2a: Chansey|Soft-Boiled|p2a: Chansey\n|-heal|p2a: Chansey|100/100 par\n|\n|upkeep\n|turn|31\n|\n|t:|1781199518\n|switch|p2a: Snorlax|Snorlax|30/100\n|cant|p1a: Chansey|par\n|\n|upkeep\n|turn|32\n|\n|t:|1781199523\n|switch|p1a: Exeggutor|Exeggutor|88/100 par\n|move|p2a: Snorlax|Body Slam|p1a: Exeggutor\n|-damage|p1a: Exeggutor|59/100 par\n|\n|upkeep\n|turn|33\n|\n|t:|1781199528\n|move|p2a: Snorlax|Body Slam|p1a: Exeggutor\n|-damage|p1a: Exeggutor|27/100 par\n|cant|p1a: Exeggutor|par\n|\n|upkeep\n|turn|34\n|inactive|sky has 270 seconds left.\n|\n|t:|1781199558\n|move|p2a: Snorlax|Body Slam|p1a: Exeggutor\n|-damage|p1a: Exeggutor|0 fnt\n|faint|p1a: Exeggutor\n|inactive|sky has 270 seconds left.\n|\n|t:|1781199570\n|switch|p1a: Tauros|Tauros|34/100\n|turn|35\n|\n|t:|1781199574\n|move|p1a: Tauros|Blizzard|p2a: Snorlax\n|-crit|p2a: Snorlax\n|-damage|p2a: Snorlax|0 fnt\n|faint|p2a: Snorlax\n|\n|t:|1781199577\n|switch|p2a: Alakazam|Alakazam|100/100\n|turn|36\n|\n|t:|1781199580\n|switch|p1a: Chansey|Chansey|83/100 par\n|move|p2a: Alakazam|Psychic|p1a: Chansey\n|-damage|p1a: Chansey|66/100 par\n|-unboost|p1a: Chansey|spa|1\n|-unboost|p1a: Chansey|spd|1\n|\n|upkeep\n|turn|37\n|\n|t:|1781199586\n|move|p2a: Alakazam|Psychic|p1a: Chansey\n|-damage|p1a: Chansey|37/100 par\n|-unboost|p1a: Chansey|spa|1\n|-unboost|p1a: Chansey|spd|1\n|move|p1a: Chansey|Thunder Wave|p2a: Alakazam\n|-status|p2a: Alakazam|par\n|\n|upkeep\n|turn|38\n|\n|t:|1781199590\n|move|p2a: Alakazam|Psychic|p1a: Chansey\n|-crit|p1a: Chansey\n|-damage|p1a: Chansey|1/100 par\n|move|p1a: Chansey|Soft-Boiled|p1a: Chansey\n|-heal|p1a: Chansey|51/100 par\n|\n|upkeep\n|turn|39\n|\n|t:|1781199595\n|switch|p1a: Jynx|Jynx|80/100 slp\n|move|p2a: Alakazam|Psychic|p1a: Jynx\n|-resisted|p1a: Jynx\n|-damage|p1a: Jynx|58/100 slp\n|\n|upkeep\n|turn|40\n|\n|t:|1781199600\n|switch|p1a: Tauros|Tauros|34/100\n|switch|p2a: Tauros|Tauros|100/100\n|\n|upkeep\n|turn|41\n|\n|t:|1781199611\n|move|p1a: Tauros|Body Slam|p2a: Tauros\n|-damage|p2a: Tauros|72/100\n|move|p2a: Tauros|Hyper Beam|p1a: Tauros\n|-damage|p1a: Tauros|0 fnt\n|faint|p1a: Tauros\n|\n|t:|1781199622\n|switch|p1a: Zapdos|Zapdos|100/100\n|turn|42\n|\n|t:|1781199652\n|switch|p2a: Starmie|Starmie|78/100 slp\n|move|p1a: Zapdos|Agility|p1a: Zapdos\n|-boost|p1a: Zapdos|spe|2\n|\n|upkeep\n|turn|43\n|\n|t:|1781199657\n|move|p1a: Zapdos|Thunderbolt|p2a: Starmie\n|-supereffective|p2a: Starmie\n|-damage|p2a: Starmie|1/100 slp\n|cant|p2a: Starmie|slp\n|\n|upkeep\n|turn|44\n|inactive|sky has 270 seconds left.\n|\n|t:|1781199688\n|move|p1a: Zapdos|Agility|p1a: Zapdos\n|-boost|p1a: Zapdos|spe|2\n|cant|p2a: Starmie|slp\n|\n|upkeep\n|turn|45\n|inactive|sky has 270 seconds left.\n|\n|t:|1781199700\n|move|p1a: Zapdos|Thunderbolt|p2a: Starmie\n|-supereffective|p2a: Starmie\n|-damage|p2a: Starmie|0 fnt\n|faint|p2a: Starmie\n|\n|t:|1781199705\n|switch|p2a: Alakazam|Alakazam|100/100 par\n|turn|46\n|\n|t:|1781199708\n|move|p1a: Zapdos|Drill Peck|p2a: Alakazam\n|-damage|p2a: Alakazam|60/100 par\n|move|p2a: Alakazam|Thunder Wave|p1a: Zapdos\n|-status|p1a: Zapdos|par\n|\n|upkeep\n|turn|47\n|\n|t:|1781199711\n|move|p1a: Zapdos|Drill Peck|p2a: Alakazam\n|-crit|p2a: Alakazam\n|-damage|p2a: Alakazam|0 fnt\n|faint|p2a: Alakazam\n|\n|t:|1781199715\n|switch|p2a: Exeggutor|Exeggutor|100/100\n|turn|48\n|inactive|sky has 270 seconds left.\n|\n|t:|1781199757\n|move|p1a: Zapdos|Drill Peck|p2a: Exeggutor\n|-supereffective|p2a: Exeggutor\n|-damage|p2a: Exeggutor|53/100\n|move|p2a: Exeggutor|Psychic|p1a: Zapdos\n|-damage|p1a: Zapdos|74/100 par\n|\n|upkeep\n|turn|49\n|\n|t:|1781199762\n|cant|p1a: Zapdos|par\n|move|p2a: Exeggutor|Explosion|p1a: Zapdos\n|-damage|p1a: Zapdos|0 fnt\n|faint|p1a: Zapdos\n|faint|p2a: Exeggutor\n|\n|t:|1781199771\n|switch|p2a: Tauros|Tauros|72/100\n|switch|p1a: Chansey|Chansey|51/100 par\n|turn|50\n|\n|t:|1781199775\n|move|p2a: Tauros|Hyper Beam|p1a: Chansey\n|-crit|p1a: Chansey\n|-damage|p1a: Chansey|0 fnt\n|faint|p1a: Chansey\n|\n|t:|1781199777\n|switch|p1a: Jynx|Jynx|58/100 slp\n|turn|51\n|\n|t:|1781199779\n|move|p2a: Tauros|Body Slam|p1a: Jynx\n|-damage|p1a: Jynx|1/100 slp\n|cant|p1a: Jynx|slp\n|\n|upkeep\n|turn|52\n|\n|t:|1781199780\n|move|p2a: Tauros|Body Slam|p1a: Jynx\n|-damage|p1a: Jynx|0 fnt\n|faint|p1a: Jynx\n|\n|win|stunner047\n|c|☆stunner047|gg\n|c|☆sky|gg\n","uploadtime":1781199780,"views":"78","formatid":"gen1ou","rating":null,"private":0,"password":null}