{"id":"smogtours-gen1ou-946327","format":"[Gen 1] OU","players":["Dridri457","RoboKyII"],"log":"|inactive|Battle timer is ON: inactive players will automatically lose when time's up.\n|t:|1781384721\n|gametype|singles\n|player|p1|Dridri457|#dridri457|\n|player|p2|RoboKyII|rosa-pokestar3|\n|gen|1\n|tier|[Gen 1] OU\n|rule|Desync Clause Mod: Desyncs changed to move failure.\n|rule|HP Percentage Mod: HP is shown in percentages\n|rule|Endless Battle Clause: Forcing endless battles is banned\n|rule|Sleep Clause Mod: Limit one foe put to sleep\n|rule|Freeze Clause Mod: Limit one foe frozen\n|rule|Species Clause: Limit one of each Pokémon\n|rule|OHKO Clause: OHKO moves are banned\n|rule|Evasion Moves Clause: Evasion moves are banned\n|\n|t:|1781384721\n|teamsize|p1|6\n|teamsize|p2|6\n|start\n|switch|p1a: Starmie|Starmie|100/100\n|switch|p2a: Jynx|Jynx|100/100\n|turn|1\n|c|☆RoboKyII|glhf\n|c|☆Dridri457|u2\n|\n|t:|1781384741\n|move|p1a: Starmie|Thunder Wave|p2a: Jynx\n|-status|p2a: Jynx|par\n|move|p2a: Jynx|Lovely Kiss|p1a: Starmie\n|-status|p1a: Starmie|slp|[from] move: Lovely Kiss\n|\n|upkeep\n|turn|2\n|\n|t:|1781384757\n|cant|p1a: Starmie|slp\n|cant|p2a: Jynx|par\n|\n|upkeep\n|turn|3\n|\n|t:|1781384768\n|-curestatus|p1a: Starmie|slp|[msg]\n|move|p2a: Jynx|Blizzard|p1a: Starmie\n|-resisted|p1a: Starmie\n|-damage|p1a: Starmie|79/100\n|\n|upkeep\n|turn|4\n|\n|t:|1781384775\n|move|p1a: Starmie|Surf|p2a: Jynx\n|-damage|p2a: Jynx|68/100 par\n|move|p2a: Jynx|Lovely Kiss|p1a: Starmie\n|-status|p1a: Starmie|slp|[from] move: Lovely Kiss\n|\n|upkeep\n|turn|5\n|\n|t:|1781384788\n|cant|p1a: Starmie|slp\n|move|p2a: Jynx|Blizzard|p1a: Starmie\n|-resisted|p1a: Starmie\n|-damage|p1a: Starmie|57/100 slp\n|\n|upkeep\n|turn|6\n|\n|t:|1781384795\n|switch|p1a: Chansey|Chansey|100/100\n|switch|p2a: Tauros|Tauros|100/100\n|\n|upkeep\n|turn|7\n|\n|t:|1781384821\n|switch|p2a: Chansey|Chansey|100/100\n|move|p1a: Chansey|Thunder Wave|p2a: Chansey\n|-status|p2a: Chansey|par\n|\n|upkeep\n|turn|8\n|inactive|RoboKyII has 270 seconds left.\n|\n|t:|1781384847\n|move|p1a: Chansey|Seismic Toss|p2a: Chansey\n|-damage|p2a: Chansey|86/100 par\n|move|p2a: Chansey|Ice Beam|p1a: Chansey\n|-damage|p1a: Chansey|90/100\n|-status|p1a: Chansey|frz\n|\n|upkeep\n|turn|9\n|inactive|RoboKyII has 270 seconds left.\n|\n|t:|1781384864\n|switch|p1a: Starmie|Starmie|57/100 slp\n|cant|p2a: Chansey|par\n|\n|upkeep\n|turn|10\n|\n|t:|1781384870\n|switch|p1a: Snorlax|Snorlax|100/100\n|move|p2a: Chansey|Thunder Wave|p1a: Snorlax\n|-status|p1a: Snorlax|par\n|\n|upkeep\n|turn|11\n|inactive|RoboKyII has 270 seconds left.\n|\n|t:|1781384889\n|switch|p2a: Snorlax|Snorlax|100/100\n|move|p1a: Snorlax|Body Slam|p2a: Snorlax\n|-damage|p2a: Snorlax|76/100\n|\n|upkeep\n|turn|12\n|inactive|RoboKyII has 270 seconds left.\n|\n|t:|1781384898\n|move|p2a: Snorlax|Body Slam|p1a: Snorlax\n|-damage|p1a: Snorlax|76/100 par\n|cant|p1a: Snorlax|par\n|\n|upkeep\n|turn|13\n|\n|t:|1781384905\n|move|p2a: Snorlax|Reflect|p2a: Snorlax\n|-start|p2a: Snorlax|Reflect\n|move|p1a: Snorlax|Reflect|p1a: Snorlax\n|-start|p1a: Snorlax|Reflect\n|\n|upkeep\n|turn|14\n|\n|t:|1781384911\n|move|p2a: Snorlax|Body Slam|p1a: Snorlax\n|-damage|p1a: Snorlax|63/100 par\n|move|p1a: Snorlax|Ice Beam|p2a: Snorlax\n|-damage|p2a: Snorlax|61/100\n|\n|upkeep\n|turn|15\n|\n|t:|1781384920\n|move|p2a: Snorlax|Rest|p2a: Snorlax\n|-status|p2a: Snorlax|slp|[from] move: Rest\n|-heal|p2a: Snorlax|100/100 slp|[silent]\n|move|p1a: Snorlax|Ice Beam|p2a: Snorlax\n|-damage|p2a: Snorlax|86/100 slp\n|\n|upkeep\n|turn|16\n|\n|t:|1781384927\n|cant|p2a: Snorlax|slp\n|move|p1a: Snorlax|Rest|p1a: Snorlax\n|-status|p1a: Snorlax|slp|[from] move: Rest\n|-heal|p1a: Snorlax|100/100 slp|[silent]\n|\n|upkeep\n|turn|17\n|\n|t:|1781384933\n|-curestatus|p2a: Snorlax|slp|[msg]\n|cant|p1a: Snorlax|slp\n|\n|upkeep\n|turn|18\n|\n|t:|1781384939\n|move|p2a: Snorlax|Body Slam|p1a: Snorlax\n|-damage|p1a: Snorlax|87/100 slp\n|-curestatus|p1a: Snorlax|slp|[msg]\n|\n|upkeep\n|turn|19\n|\n|t:|1781384946\n|move|p2a: Snorlax|Body Slam|p1a: Snorlax\n|-damage|p1a: Snorlax|73/100\n|move|p1a: Snorlax|Body Slam|p2a: Snorlax\n|-damage|p2a: Snorlax|73/100\n|\n|upkeep\n|turn|20\n|\n|t:|1781384952\n|switch|p2a: Starmie|Starmie|100/100\n|move|p1a: Snorlax|Ice Beam|p2a: Starmie\n|-resisted|p2a: Starmie\n|-damage|p2a: Starmie|91/100\n|\n|upkeep\n|turn|21\n|\n|t:|1781384969\n|move|p2a: Starmie|Thunder Wave|p1a: Snorlax\n|-status|p1a: Snorlax|par\n|cant|p1a: Snorlax|par\n|\n|upkeep\n|turn|22\n|\n|t:|1781384978\n|switch|p1a: Exeggutor|Exeggutor|100/100\n|move|p2a: Starmie|Surf|p1a: Exeggutor\n|-resisted|p1a: Exeggutor\n|-damage|p1a: Exeggutor|89/100\n|\n|upkeep\n|turn|23\n|\n|t:|1781384994\n|switch|p2a: Jynx|Jynx|68/100 par\n|switch|p1a: Rhydon|Rhydon|100/100\n|\n|upkeep\n|turn|24\n|c|☆RoboKyII|nice\n|inactive|Dridri457 has 270 seconds left.\n|\n|t:|1781385025\n|move|p1a: Rhydon|Body Slam|p2a: Jynx\n|-damage|p2a: Jynx|26/100 par\n|cant|p2a: Jynx|par\n|\n|upkeep\n|turn|25\n|c|☆RoboKyII|noooo\n|inactive|RoboKyII has 270 seconds left.\n|inactive|RoboKyII has 240 seconds left.\n|inactive|Dridri457 has 270 seconds left.\n|\n|t:|1781385093\n|move|p1a: Rhydon|Body Slam|p2a: Jynx\n|-damage|p2a: Jynx|0 fnt\n|faint|p2a: Jynx\n|\n|t:|1781385096\n|switch|p2a: Starmie|Starmie|91/100\n|turn|26\n|inactive|Dridri457 has 270 seconds left.\n|inactive|RoboKyII has 240 seconds left.\n|\n|t:|1781385103\n|switch|p1a: Exeggutor|Exeggutor|89/100\n|move|p2a: Starmie|Thunder Wave|p1a: Exeggutor\n|-status|p1a: Exeggutor|par\n|\n|upkeep\n|turn|27\n|\n|t:|1781385112\n|switch|p2a: Chansey|Chansey|86/100 par\n|move|p1a: Exeggutor|Sleep Powder|p2a: Chansey\n|-fail|p2a: Chansey\n|\n|upkeep\n|turn|28\n|\n|t:|1781385122\n|switch|p1a: Snorlax|Snorlax|73/100 par\n|move|p2a: Chansey|Ice Beam|p1a: Snorlax\n|-damage|p1a: Snorlax|53/100 par\n|\n|upkeep\n|turn|29\n|\n|t:|1781385141\n|switch|p2a: Snorlax|Snorlax|73/100\n|move|p1a: Snorlax|Body Slam|p2a: Snorlax\n|-damage|p2a: Snorlax|47/100\n|\n|upkeep\n|turn|30\n|\n|t:|1781385160\n|move|p2a: Snorlax|Reflect|p2a: Snorlax\n|-start|p2a: Snorlax|Reflect\n|move|p1a: Snorlax|Reflect|p1a: Snorlax\n|-start|p1a: Snorlax|Reflect\n|\n|upkeep\n|turn|31\n|\n|t:|1781385167\n|move|p2a: Snorlax|Body Slam|p1a: Snorlax\n|-damage|p1a: Snorlax|39/100 par\n|move|p1a: Snorlax|Rest|p1a: Snorlax\n|-status|p1a: Snorlax|slp|[from] move: Rest\n|-heal|p1a: Snorlax|100/100 slp|[silent]\n|\n|upkeep\n|turn|32\n|\n|t:|1781385174\n|move|p2a: Snorlax|Rest|p2a: Snorlax\n|-status|p2a: Snorlax|slp|[from] move: Rest\n|-heal|p2a: Snorlax|100/100 slp|[silent]\n|cant|p1a: Snorlax|slp\n|\n|upkeep\n|turn|33\n|\n|t:|1781385179\n|cant|p2a: Snorlax|slp\n|-curestatus|p1a: Snorlax|slp|[msg]\n|\n|upkeep\n|turn|34\n|\n|t:|1781385185\n|-curestatus|p2a: Snorlax|slp|[msg]\n|move|p1a: Snorlax|Ice Beam|p2a: Snorlax\n|-damage|p2a: Snorlax|85/100\n|\n|upkeep\n|turn|35\n|inactive|RoboKyII has 270 seconds left.\n|\n|t:|1781385192\n|move|p2a: Snorlax|Body Slam|p1a: Snorlax\n|-damage|p1a: Snorlax|87/100\n|move|p1a: Snorlax|Ice Beam|p2a: Snorlax\n|-damage|p2a: Snorlax|70/100\n|\n|upkeep\n|turn|36\n|\n|t:|1781385199\n|move|p2a: Snorlax|Body Slam|p1a: Snorlax\n|-damage|p1a: Snorlax|74/100\n|move|p1a: Snorlax|Ice Beam|p2a: Snorlax\n|-damage|p2a: Snorlax|57/100\n|\n|upkeep\n|turn|37\n|\n|t:|1781385205\n|move|p2a: Snorlax|Rest|p2a: Snorlax\n|-status|p2a: Snorlax|slp|[from] move: Rest\n|-heal|p2a: Snorlax|100/100 slp|[silent]\n|move|p1a: Snorlax|Ice Beam|p2a: Snorlax\n|-damage|p2a: Snorlax|86/100 slp\n|\n|upkeep\n|turn|38\n|\n|t:|1781385210\n|cant|p2a: Snorlax|slp\n|move|p1a: Snorlax|Body Slam|p2a: Snorlax\n|-damage|p2a: Snorlax|72/100 slp\n|\n|upkeep\n|turn|39\n|\n|t:|1781385217\n|-curestatus|p2a: Snorlax|slp|[msg]\n|move|p1a: Snorlax|Ice Beam|p2a: Snorlax\n|-damage|p2a: Snorlax|58/100\n|-status|p2a: Snorlax|frz\n|\n|upkeep\n|turn|40\n|inactive|Dridri457 has 270 seconds left.\n|inactive|Dridri457 has 240 seconds left.\n|inactive|Dridri457 has 210 seconds left.\n|inactive|RoboKyII has 270 seconds left.\n|\n|t:|1781385311\n|cant|p2a: Snorlax|frz\n|move|p1a: Snorlax|Body Slam|p2a: Snorlax\n|-damage|p2a: Snorlax|44/100 frz\n|\n|upkeep\n|turn|41\n|\n|t:|1781385318\n|cant|p2a: Snorlax|frz\n|move|p1a: Snorlax|Body Slam|p2a: Snorlax\n|-damage|p2a: Snorlax|30/100 frz\n|\n|upkeep\n|turn|42\n|\n|t:|1781385324\n|cant|p2a: Snorlax|frz\n|move|p1a: Snorlax|Body Slam|p2a: Snorlax\n|-damage|p2a: Snorlax|17/100 frz\n|\n|upkeep\n|turn|43\n|\n|t:|1781385330\n|cant|p2a: Snorlax|frz\n|move|p1a: Snorlax|Body Slam|p2a: Snorlax\n|-damage|p2a: Snorlax|3/100 frz\n|\n|upkeep\n|turn|44\n|\n|t:|1781385336\n|cant|p2a: Snorlax|frz\n|move|p1a: Snorlax|Body Slam|p2a: Snorlax\n|-damage|p2a: Snorlax|0 fnt\n|faint|p2a: Snorlax\n|\n|t:|1781385337\n|switch|p2a: Starmie|Starmie|91/100\n|turn|45\n|inactive|Dridri457 has 240 seconds left.\n|\n|t:|1781385360\n|move|p2a: Starmie|Surf|p1a: Snorlax\n|-crit|p1a: Snorlax\n|-damage|p1a: Snorlax|17/100\n|move|p1a: Snorlax|Body Slam|p2a: Starmie\n|-damage|p2a: Starmie|57/100\n|\n|upkeep\n|turn|46\n|\n|t:|1781385378\n|switch|p2a: Tauros|Tauros|100/100\n|switch|p1a: Exeggutor|Exeggutor|89/100 par\n|\n|upkeep\n|turn|47\n|\n|t:|1781385391\n|switch|p1a: Snorlax|Snorlax|17/100\n|move|p2a: Tauros|Blizzard|p1a: Snorlax\n|-damage|p1a: Snorlax|0 fnt\n|faint|p1a: Snorlax\n|\n|t:|1781385402\n|switch|p1a: Tauros|Tauros|100/100\n|turn|48\n|\n|t:|1781385409\n|move|p2a: Tauros|Body Slam|p1a: Tauros\n|-damage|p1a: Tauros|72/100\n|move|p1a: Tauros|Body Slam|p2a: Tauros\n|-damage|p2a: Tauros|72/100\n|\n|upkeep\n|turn|49\n|\n|t:|1781385416\n|move|p1a: Tauros|Body Slam|p2a: Tauros\n|-damage|p2a: Tauros|43/100\n|move|p2a: Tauros|Body Slam|p1a: Tauros\n|-damage|p1a: Tauros|44/100\n|\n|upkeep\n|turn|50\n|\n|t:|1781385433\n|switch|p2a: Rhydon|Rhydon|100/100\n|switch|p1a: Rhydon|Rhydon|100/100\n|\n|upkeep\n|turn|51\n|inactive|Dridri457 has 270 seconds left.\n|\n|t:|1781385462\n|move|p1a: Rhydon|Earthquake|p2a: Rhydon\n|-supereffective|p2a: Rhydon\n|-damage|p2a: Rhydon|36/100\n|move|p2a: Rhydon|Earthquake|p1a: Rhydon\n|-supereffective|p1a: Rhydon\n|-damage|p1a: Rhydon|35/100\n|\n|upkeep\n|turn|52\n|\n|t:|1781385471\n|switch|p1a: Exeggutor|Exeggutor|89/100 par\n|move|p2a: Rhydon|Earthquake|p1a: Exeggutor\n|-resisted|p1a: Exeggutor\n|-damage|p1a: Exeggutor|69/100 par\n|\n|upkeep\n|turn|53\n|inactive|RoboKyII has 270 seconds left.\n|inactive|Dridri457 has 240 seconds left.\n|inactive|RoboKyII has 240 seconds left.\n|\n|t:|1781385545\n|switch|p2a: Chansey|Chansey|86/100 par\n|cant|p1a: Exeggutor|par\n|\n|upkeep\n|turn|54\n|\n|t:|1781385566\n|cant|p1a: Exeggutor|par\n|move|p2a: Chansey|Thunder Wave|p1a: Exeggutor\n|-fail|p1a: Exeggutor|par\n|\n|upkeep\n|turn|55\n|\n|t:|1781385575\n|move|p1a: Exeggutor|Psychic|p2a: Chansey\n|-damage|p2a: Chansey|69/100 par\n|move|p2a: Chansey|Ice Beam|p1a: Exeggutor\n|-supereffective|p1a: Exeggutor\n|-damage|p1a: Exeggutor|37/100 par\n|\n|upkeep\n|turn|56\n|\n|t:|1781385585\n|cant|p1a: Exeggutor|par\n|cant|p2a: Chansey|par\n|\n|upkeep\n|turn|57\n|inactive|Dridri457 has 240 seconds left.\n|\n|t:|1781385592\n|move|p1a: Exeggutor|Explosion|p2a: Chansey\n|-damage|p2a: Chansey|0 fnt\n|faint|p2a: Chansey\n|faint|p1a: Exeggutor\n|inactive|Dridri457 has 240 seconds left.\n|\n|t:|1781385603\n|switch|p1a: Tauros|Tauros|44/100\n|switch|p2a: Starmie|Starmie|57/100\n|turn|58\n|inactive|Dridri457 has 240 seconds left.\n|inactive|RoboKyII has 240 seconds left.\n|\n|t:|1781385612\n|move|p2a: Starmie|Thunder Wave|p1a: Tauros\n|-status|p1a: Tauros|par\n|move|p1a: Tauros|Hyper Beam|p2a: Starmie\n|-damage|p2a: Starmie|0 fnt\n|faint|p2a: Starmie\n|inactive|RoboKyII has 240 seconds left.\n|\n|t:|1781385620\n|switch|p2a: Rhydon|Rhydon|36/100\n|turn|59\n|\n|t:|1781385631\n|move|p2a: Rhydon|Substitute|p2a: Rhydon\n|-start|p2a: Rhydon|Substitute\n|-damage|p2a: Rhydon|11/100\n|cant|p1a: Tauros|par\n|\n|upkeep\n|turn|60\n|\n|t:|1781385638\n|switch|p1a: Chansey|Chansey|90/100 frz\n|move|p2a: Rhydon|Earthquake|p1a: Chansey\n|-damage|p1a: Chansey|32/100 frz\n|\n|upkeep\n|turn|61\n|\n|t:|1781385645\n|cant|p1a: Chansey|frz\n|move|p2a: Rhydon|Earthquake|p1a: Chansey\n|-damage|p1a: Chansey|0 fnt\n|faint|p1a: Chansey\n|\n|t:|1781385648\n|switch|p1a: Starmie|Starmie|57/100 slp\n|turn|62\n|\n|t:|1781385655\n|cant|p1a: Starmie|slp\n|move|p2a: Rhydon|Earthquake|p1a: Starmie\n|-damage|p1a: Starmie|7/100 slp\n|\n|upkeep\n|turn|63\n|inactive|RoboKyII has 270 seconds left.\n|\n|t:|1781385662\n|cant|p1a: Starmie|slp\n|move|p2a: Rhydon|Body Slam|p1a: Starmie\n|-damage|p1a: Starmie|0 fnt\n|faint|p1a: Starmie\n|\n|t:|1781385667\n|switch|p1a: Tauros|Tauros|44/100 par\n|turn|64\n|\n|t:|1781385673\n|move|p2a: Rhydon|Earthquake|p1a: Tauros\n|-damage|p1a: Tauros|5/100 par\n|cant|p1a: Tauros|par\n|\n|upkeep\n|turn|65\n|c|☆RoboKyII|gg\n|c|☆Dridri457|gg\n|\n|t:|1781385683\n|move|p2a: Rhydon|Earthquake|p1a: Tauros\n|-damage|p1a: Tauros|0 fnt\n|faint|p1a: Tauros\n|\n|t:|1781385685\n|switch|p1a: Rhydon|Rhydon|35/100\n|turn|66\n|\n|t:|1781385692\n|move|p2a: Rhydon|Earthquake|p1a: Rhydon\n|-crit|p1a: Rhydon\n|-supereffective|p1a: Rhydon\n|-damage|p1a: Rhydon|0 fnt\n|faint|p1a: Rhydon\n|\n|win|RoboKyII\n","uploadtime":1781385692,"views":"71","formatid":"gen1ou","rating":null,"private":0,"password":null}