{"id":"smogtours-gen1ou-902458","format":"[Gen 1] OU","players":["Serpi n_n","sadisticnarwhal"],"log":"|inactive|Battle timer is ON: inactive players will automatically lose when time's up.\n|t:|1769357078\n|gametype|singles\n|player|p1|Serpi n_n|#splxviibigs2|\n|player|p2|sadisticnarwhal|#splxviiruiners2|\n|gen|1\n|tier|[Gen 1] OU\n|rule|Desync Clause Mod: Desyncs changed to move failure.\n|rule|Sleep Clause Mod: Limit one foe put to sleep\n|rule|Freeze Clause Mod: Limit one foe frozen\n|rule|Species Clause: Limit one of each Pokémon\n|rule|OHKO Clause: OHKO moves are banned\n|rule|Evasion Moves Clause: Evasion moves are banned\n|rule|Endless Battle Clause: Forcing endless battles is banned\n|rule|HP Percentage Mod: HP is shown in percentages\n|\n|t:|1769357078\n|teamsize|p1|6\n|teamsize|p2|6\n|start\n|switch|p1a: Starmie|Starmie|100/100\n|switch|p2a: Alakazam|Alakazam|100/100\n|turn|1\n|c|☆sadisticnarwhal|hf\n|c|☆Serpi n_n|u2\n|inactive|Serpi n_n has 270 seconds left.\n|inactive|sadisticnarwhal has 270 seconds left.\n|rated|Smogon Premier League\n|inactive|Serpi n_n has 240 seconds left.\n|inactive|sadisticnarwhal has 240 seconds left.\n|inactive|sadisticnarwhal has 210 seconds left.\n|\n|t:|1769357175\n|move|p2a: Alakazam|Seismic Toss|p1a: Starmie\n|-damage|p1a: Starmie|70/100\n|move|p1a: Starmie|Blizzard|p2a: Alakazam\n|-crit|p2a: Alakazam\n|-damage|p2a: Alakazam|54/100\n|\n|upkeep\n|turn|2\n|\n|t:|1769357188\n|move|p2a: Alakazam|Recover|p2a: Alakazam\n|-heal|p2a: Alakazam|100/100\n|move|p1a: Starmie|Blizzard|p2a: Alakazam\n|-damage|p2a: Alakazam|77/100\n|\n|upkeep\n|turn|3\n|\n|t:|1769357213\n|move|p2a: Alakazam|Psychic|p1a: Starmie\n|-resisted|p1a: Starmie\n|-damage|p1a: Starmie|48/100\n|move|p1a: Starmie|Blizzard|p2a: Alakazam\n|-crit|p2a: Alakazam\n|-damage|p2a: Alakazam|33/100\n|\n|upkeep\n|turn|4\n|inactive|Serpi n_n has 270 seconds left.\n|\n|t:|1769357229\n|move|p2a: Alakazam|Recover|p2a: Alakazam\n|-heal|p2a: Alakazam|83/100\n|move|p1a: Starmie|Blizzard|p2a: Alakazam\n|-damage|p2a: Alakazam|61/100\n|\n|upkeep\n|turn|5\n|\n|t:|1769357236\n|move|p2a: Alakazam|Recover|p2a: Alakazam\n|-heal|p2a: Alakazam|100/100\n|move|p1a: Starmie|Recover|p1a: Starmie\n|-heal|p1a: Starmie|98/100\n|\n|upkeep\n|turn|6\n|\n|t:|1769357243\n|move|p2a: Alakazam|Psychic|p1a: Starmie\n|-resisted|p1a: Starmie\n|-damage|p1a: Starmie|78/100\n|move|p1a: Starmie|Blizzard|p2a: Alakazam\n|-damage|p2a: Alakazam|77/100\n|\n|upkeep\n|turn|7\n|\n|t:|1769357257\n|move|p2a: Alakazam|Psychic|p1a: Starmie\n|-crit|p1a: Starmie\n|-resisted|p1a: Starmie\n|-damage|p1a: Starmie|37/100\n|-unboost|p1a: Starmie|spa|1\n|-unboost|p1a: Starmie|spd|1\n|move|p1a: Starmie|Blizzard|p2a: Alakazam\n|-damage|p2a: Alakazam|61/100\n|\n|upkeep\n|turn|8\n|\n|t:|1769357265\n|move|p2a: Alakazam|Psychic|p1a: Starmie\n|-resisted|p1a: Starmie\n|-damage|p1a: Starmie|6/100\n|move|p1a: Starmie|Recover|p1a: Starmie\n|-heal|p1a: Starmie|56/100\n|\n|upkeep\n|turn|9\n|\n|t:|1769357276\n|switch|p2a: Exeggutor|Exeggutor|100/100\n|move|p1a: Starmie|Recover|p1a: Starmie\n|-heal|p1a: Starmie|100/100\n|\n|upkeep\n|turn|10\n|\n|t:|1769357283\n|switch|p2a: Alakazam|Alakazam|61/100\n|move|p1a: Starmie|Blizzard|p2a: Alakazam\n|-damage|p2a: Alakazam|45/100\n|-status|p2a: Alakazam|frz\n|\n|upkeep\n|turn|11\n|\n|t:|1769357293\n|switch|p2a: Exeggutor|Exeggutor|100/100\n|switch|p1a: Lapras|Lapras|100/100\n|\n|upkeep\n|turn|12\n|inactive|Serpi n_n has 270 seconds left.\n|inactive|Serpi n_n has 240 seconds left.\n|\n|t:|1769357366\n|move|p1a: Lapras|Blizzard|p2a: Exeggutor|[miss]\n|-miss|p1a: Lapras\n|move|p2a: Exeggutor|Sleep Powder|p1a: Lapras\n|-status|p1a: Lapras|slp|[from] move: Sleep Powder\n|\n|upkeep\n|turn|13\n|\n|t:|1769357382\n|cant|p1a: Lapras|slp\n|move|p2a: Exeggutor|Psychic|p1a: Lapras\n|-damage|p1a: Lapras|72/100 slp\n|\n|upkeep\n|turn|14\n|\n|t:|1769357390\n|switch|p1a: Exeggutor|Exeggutor|100/100\n|move|p2a: Exeggutor|Psychic|p1a: Exeggutor\n|-resisted|p1a: Exeggutor\n|-damage|p1a: Exeggutor|87/100\n|-unboost|p1a: Exeggutor|spa|1\n|-unboost|p1a: Exeggutor|spd|1\n|\n|upkeep\n|turn|15\n|\n|t:|1769357396\n|move|p2a: Exeggutor|Stun Spore|p1a: Exeggutor\n|-status|p1a: Exeggutor|par\n|move|p1a: Exeggutor|Sleep Powder|p2a: Exeggutor\n|-status|p2a: Exeggutor|slp|[from] move: Sleep Powder\n|\n|upkeep\n|turn|16\n|inactive|Serpi n_n has 240 seconds left.\n|\n|t:|1769357428\n|switch|p2a: Chansey|Chansey|100/100\n|switch|p1a: Tauros|Tauros|100/100\n|\n|upkeep\n|turn|17\n|\n|t:|1769357442\n|switch|p1a: Lapras|Lapras|72/100 slp\n|move|p2a: Chansey|Thunder Wave|p1a: Lapras\n|-fail|p1a: Lapras\n|\n|upkeep\n|turn|18\n|\n|t:|1769357453\n|-curestatus|p1a: Lapras|slp|[msg]\n|move|p2a: Chansey|Ice Beam|p1a: Lapras\n|-crit|p1a: Lapras\n|-resisted|p1a: Lapras\n|-damage|p1a: Lapras|64/100\n|\n|upkeep\n|turn|19\n|inactive|Serpi n_n has 210 seconds left.\n|\n|t:|1769357490\n|switch|p1a: Exeggutor|Exeggutor|87/100 par\n|move|p2a: Chansey|Thunder Wave|p1a: Exeggutor\n|-fail|p1a: Exeggutor|par\n|\n|upkeep\n|turn|20\n|\n|t:|1769357513\n|switch|p1a: Alakazam|Alakazam|100/100\n|move|p2a: Chansey|Ice Beam|p1a: Alakazam\n|-damage|p1a: Alakazam|81/100\n|\n|upkeep\n|turn|21\n|\n|t:|1769357526\n|move|p1a: Alakazam|Thunder Wave|p2a: Chansey\n|-status|p2a: Chansey|par\n|move|p2a: Chansey|Ice Beam|p1a: Alakazam\n|-damage|p1a: Alakazam|60/100\n|\n|upkeep\n|turn|22\n|inactive|Serpi n_n has 180 seconds left.\n|\n|t:|1769357572\n|move|p1a: Alakazam|Psychic|p2a: Chansey\n|-crit|p2a: Chansey\n|-damage|p2a: Chansey|67/100 par\n|move|p2a: Chansey|Ice Beam|p1a: Alakazam\n|-damage|p1a: Alakazam|39/100\n|\n|upkeep\n|turn|23\n|\n|t:|1769357581\n|move|p1a: Alakazam|Recover|p1a: Alakazam\n|-heal|p1a: Alakazam|89/100\n|move|p2a: Chansey|Soft-Boiled|p2a: Chansey\n|-heal|p2a: Chansey|100/100 par\n|\n|upkeep\n|turn|24\n|\n|t:|1769357587\n|move|p1a: Alakazam|Psychic|p2a: Chansey\n|-crit|p2a: Chansey\n|-damage|p2a: Chansey|64/100 par\n|move|p2a: Chansey|Thunder Wave|p1a: Alakazam\n|-status|p1a: Alakazam|par\n|\n|upkeep\n|turn|25\n|inactive|Serpi n_n has 180 seconds left.\n|\n|t:|1769357606\n|switch|p1a: Snorlax|Snorlax|100/100\n|switch|p2a: Snorlax|Snorlax|100/100\n|\n|upkeep\n|turn|26\n|inactive|Serpi n_n has 180 seconds left.\n|\n|t:|1769357618\n|move|p2a: Snorlax|Body Slam|p1a: Snorlax\n|-damage|p1a: Snorlax|73/100\n|move|p1a: Snorlax|Body Slam|p2a: Snorlax\n|-damage|p2a: Snorlax|74/100\n|\n|upkeep\n|turn|27\n|inactive|Serpi n_n has 180 seconds left.\n|\n|t:|1769357639\n|move|p2a: Snorlax|Reflect|p2a: Snorlax\n|-start|p2a: Snorlax|Reflect\n|move|p1a: Snorlax|Reflect|p1a: Snorlax\n|-start|p1a: Snorlax|Reflect\n|\n|upkeep\n|turn|28\n|\n|t:|1769357643\n|move|p1a: Snorlax|Body Slam|p2a: Snorlax\n|-damage|p2a: Snorlax|60/100\n|move|p2a: Snorlax|Body Slam|p1a: Snorlax\n|-damage|p1a: Snorlax|59/100\n|\n|upkeep\n|turn|29\n|inactive|Serpi n_n has 180 seconds left.\n|\n|t:|1769357659\n|move|p1a: Snorlax|Rest|p1a: Snorlax\n|-status|p1a: Snorlax|slp|[from] move: Rest\n|-heal|p1a: Snorlax|100/100 slp|[silent]\n|move|p2a: Snorlax|Rest|p2a: Snorlax\n|-status|p2a: Snorlax|slp|[from] move: Rest\n|-heal|p2a: Snorlax|100/100 slp|[silent]\n|\n|upkeep\n|turn|30\n|\n|t:|1769357660\n|cant|p1a: Snorlax|slp\n|cant|p2a: Snorlax|slp\n|\n|upkeep\n|turn|31\n|\n|t:|1769357661\n|-curestatus|p1a: Snorlax|slp|[msg]\n|-curestatus|p2a: Snorlax|slp|[msg]\n|\n|upkeep\n|turn|32\n|\n|t:|1769357662\n|move|p1a: Snorlax|Body Slam|p2a: Snorlax\n|-damage|p2a: Snorlax|87/100\n|move|p2a: Snorlax|Body Slam|p1a: Snorlax\n|-damage|p1a: Snorlax|87/100\n|\n|upkeep\n|turn|33\n|\n|t:|1769357664\n|move|p1a: Snorlax|Body Slam|p2a: Snorlax\n|-damage|p2a: Snorlax|73/100\n|move|p2a: Snorlax|Body Slam|p1a: Snorlax\n|-damage|p1a: Snorlax|73/100\n|\n|upkeep\n|turn|34\n|\n|t:|1769357667\n|move|p1a: Snorlax|Body Slam|p2a: Snorlax\n|-damage|p2a: Snorlax|60/100\n|move|p2a: Snorlax|Body Slam|p1a: Snorlax\n|-damage|p1a: Snorlax|59/100\n|\n|upkeep\n|turn|35\n|\n|t:|1769357684\n|move|p2a: Snorlax|Body Slam|p1a: Snorlax\n|-damage|p1a: Snorlax|45/100\n|move|p1a: Snorlax|Rest|p1a: Snorlax\n|-status|p1a: Snorlax|slp|[from] move: Rest\n|-heal|p1a: Snorlax|100/100 slp|[silent]\n|\n|upkeep\n|turn|36\n|\n|t:|1769357689\n|cant|p1a: Snorlax|slp\n|move|p2a: Snorlax|Body Slam|p1a: Snorlax\n|-damage|p1a: Snorlax|88/100 slp\n|\n|upkeep\n|turn|37\n|\n|t:|1769357691\n|move|p2a: Snorlax|Body Slam|p1a: Snorlax\n|-damage|p1a: Snorlax|76/100 slp\n|-curestatus|p1a: Snorlax|slp|[msg]\n|\n|upkeep\n|turn|38\n|\n|t:|1769357693\n|move|p2a: Snorlax|Body Slam|p1a: Snorlax\n|-damage|p1a: Snorlax|63/100\n|move|p1a: Snorlax|Body Slam|p2a: Snorlax|[miss]\n|-miss|p1a: Snorlax\n|-hint|In Gen 1, moves with 100% accuracy can still miss 1/256 of the time.\n|\n|upkeep\n|turn|39\n|\n|t:|1769357700\n|switch|p2a: Starmie|Starmie|100/100\n|move|p1a: Snorlax|Rest|p1a: Snorlax\n|-status|p1a: Snorlax|slp|[from] move: Rest\n|-heal|p1a: Snorlax|100/100 slp|[silent]\n|\n|upkeep\n|turn|40\n|\n|t:|1769357713\n|move|p2a: Starmie|Surf|p1a: Snorlax\n|-damage|p1a: Snorlax|74/100 slp\n|cant|p1a: Snorlax|slp\n|\n|upkeep\n|turn|41\n|inactive|Serpi n_n has 240 seconds left.\n|\n|t:|1769357744\n|switch|p1a: Exeggutor|Exeggutor|87/100 par\n|move|p2a: Starmie|Surf|p1a: Exeggutor\n|-resisted|p1a: Exeggutor\n|-damage|p1a: Exeggutor|75/100 par\n|\n|upkeep\n|turn|42\n|\n|t:|1769357751\n|switch|p2a: Chansey|Chansey|64/100 par\n|move|p1a: Exeggutor|Psychic|p2a: Chansey\n|-damage|p2a: Chansey|46/100 par\n|\n|upkeep\n|turn|43\n|inactive|Serpi n_n has 240 seconds left.\n|\n|t:|1769357764\n|switch|p1a: Snorlax|Snorlax|74/100 slp\n|move|p2a: Chansey|Soft-Boiled|p2a: Chansey\n|-heal|p2a: Chansey|96/100 par\n|\n|upkeep\n|turn|44\n|\n|t:|1769357771\n|-curestatus|p1a: Snorlax|slp|[msg]\n|cant|p2a: Chansey|par\n|\n|upkeep\n|turn|45\n|inactive|Serpi n_n has 240 seconds left.\n|\n|t:|1769357796\n|switch|p1a: Alakazam|Alakazam|89/100 par\n|move|p2a: Chansey|Thunder Wave|p1a: Alakazam\n|-fail|p1a: Alakazam|par\n|\n|upkeep\n|turn|46\n|\n|t:|1769357805\n|move|p1a: Alakazam|Psychic|p2a: Chansey\n|-damage|p2a: Chansey|79/100 par\n|-unboost|p2a: Chansey|spa|1\n|-unboost|p2a: Chansey|spd|1\n|move|p2a: Chansey|Ice Beam|p1a: Alakazam\n|-crit|p1a: Alakazam\n|-damage|p1a: Alakazam|53/100 par\n|\n|upkeep\n|turn|47\n|inactive|Serpi n_n has 240 seconds left.\n|inactive|Serpi n_n has 210 seconds left.\n|inactive|Serpi n_n has 180 seconds left.\n|inactive|Serpi n_n has 150 seconds left.\n|\n|t:|1769357901\n|switch|p2a: Snorlax|Snorlax|60/100\n|move|p1a: Alakazam|Psychic|p2a: Snorlax\n|-damage|p2a: Snorlax|27/100\n|\n|upkeep\n|turn|48\n|inactive|Serpi n_n has 150 seconds left.\n|\n|t:|1769357928\n|switch|p1a: Snorlax|Snorlax|74/100\n|move|p2a: Snorlax|Body Slam|p1a: Snorlax\n|-damage|p1a: Snorlax|45/100\n|\n|upkeep\n|turn|49\n|inactive|sadisticnarwhal has 270 seconds left.\n|inactive|sadisticnarwhal has 240 seconds left.\n|inactive|sadisticnarwhal has 210 seconds left.\n|inactive|sadisticnarwhal has 180 seconds left.\n|\n|t:|1769358065\n|move|p1a: Snorlax|Body Slam|p2a: Snorlax\n|-crit|p2a: Snorlax\n|-damage|p2a: Snorlax|0 fnt\n|faint|p2a: Snorlax\n|\n|t:|1769358068\n|switch|p2a: Tauros|Tauros|100/100\n|turn|50\n|inactive|Serpi n_n has 120 seconds left.\n|inactive|sadisticnarwhal has 150 seconds left.\n|inactive|Serpi n_n has 90 seconds left.\n|\n|t:|1769358146\n|switch|p1a: Starmie|Starmie|100/100\n|move|p2a: Tauros|Body Slam|p1a: Starmie\n|-damage|p1a: Starmie|64/100\n|\n|upkeep\n|turn|51\n|inactive|sadisticnarwhal has 150 seconds left.\n|inactive|Serpi n_n has 60 seconds left.\n|inactive|Serpi n_n has 30 seconds left.\n|\n|t:|1769358194\n|switch|p2a: Chansey|Chansey|79/100 par\n|move|p1a: Starmie|Recover|p1a: Starmie\n|-heal|p1a: Starmie|100/100\n|\n|upkeep\n|turn|52\n|inactive|Serpi n_n has 30 seconds left.\n|\n|t:|1769358215\n|switch|p1a: Snorlax|Snorlax|45/100\n|move|p2a: Chansey|Ice Beam|p1a: Snorlax\n|-damage|p1a: Snorlax|25/100\n|\n|upkeep\n|turn|53\n|inactive|Serpi n_n has 30 seconds left.\n|inactive|Serpi n_n has 20 seconds left.\n|\n|t:|1769358232\n|switch|p2a: Alakazam|Alakazam|45/100 frz\n|move|p1a: Snorlax|Self-Destruct|p2a: Alakazam\n|-damage|p2a: Alakazam|0 fnt\n|faint|p2a: Alakazam\n|faint|p1a: Snorlax\n|inactive|Serpi n_n has 25 seconds left this turn.\n|inactive|Serpi n_n has 20 seconds left.\n|inactive|Serpi n_n has 15 seconds left.\n|inactive|sadisticnarwhal has 120 seconds left.\n|\n|t:|1769358255\n|switch|p2a: Chansey|Chansey|79/100 par\n|switch|p1a: Exeggutor|Exeggutor|75/100 par\n|turn|54\n|inactive|Serpi n_n has 25 seconds left this turn.\n|inactive|Serpi n_n has 20 seconds left.\n|\n|t:|1769358271\n|switch|p1a: Alakazam|Alakazam|53/100 par\n|switch|p2a: Tauros|Tauros|100/100\n|\n|upkeep\n|turn|55\n|inactive|Serpi n_n has 30 seconds left this turn.\n|\n|t:|1769358279\n|switch|p1a: Starmie|Starmie|100/100\n|move|p2a: Tauros|Body Slam|p1a: Starmie\n|-damage|p1a: Starmie|66/100\n|\n|upkeep\n|turn|56\n|inactive|Serpi n_n has 30 seconds left.\n|\n|t:|1769358287\n|switch|p2a: Chansey|Chansey|79/100 par\n|move|p1a: Starmie|Recover|p1a: Starmie\n|-heal|p1a: Starmie|100/100\n|\n|upkeep\n|turn|57\n|inactive|sadisticnarwhal has 120 seconds left.\n|\n|t:|1769358299\n|switch|p1a: Alakazam|Alakazam|53/100 par\n|move|p2a: Chansey|Thunder Wave|p1a: Alakazam\n|-fail|p1a: Alakazam|par\n|\n|upkeep\n|turn|58\n|inactive|sadisticnarwhal has 120 seconds left.\n|\n|t:|1769358320\n|switch|p2a: Tauros|Tauros|100/100\n|cant|p1a: Alakazam|par\n|\n|upkeep\n|turn|59\n|\n|t:|1769358326\n|switch|p1a: Starmie|Starmie|100/100\n|move|p2a: Tauros|Body Slam|p1a: Starmie\n|-damage|p1a: Starmie|68/100\n|-status|p1a: Starmie|par\n|\n|upkeep\n|turn|60\n|inactive|sadisticnarwhal has 120 seconds left.\n|inactive|sadisticnarwhal has 90 seconds left.\n|\n|t:|1769358384\n|switch|p2a: Chansey|Chansey|79/100 par\n|cant|p1a: Starmie|par\n|\n|upkeep\n|turn|61\n|\n|t:|1769358408\n|switch|p1a: Exeggutor|Exeggutor|75/100 par\n|move|p2a: Chansey|Thunderbolt|p1a: Exeggutor\n|-resisted|p1a: Exeggutor\n|-damage|p1a: Exeggutor|67/100 par\n|\n|upkeep\n|turn|62\n|inactive|Serpi n_n has 30 seconds left.\n|inactive|Serpi n_n has 20 seconds left.\n|\n|t:|1769358434\n|move|p1a: Exeggutor|Explosion|p2a: Chansey\n|-damage|p2a: Chansey|0 fnt\n|faint|p2a: Chansey\n|faint|p1a: Exeggutor\n|inactive|Serpi n_n has 25 seconds left this turn.\n|inactive|Serpi n_n has 20 seconds left.\n|inactive|Serpi n_n has 15 seconds left.\n|inactive|Serpi n_n has 10 seconds left.\n|inactive|sadisticnarwhal has 60 seconds left.\n|inactive|Serpi n_n has 5 seconds left.\n|\n|t:|1769358480\n|switch|p1a: Lapras|Lapras|64/100\n|switch|p2a: Tauros|Tauros|100/100\n|turn|63\n|inactive|Serpi n_n has 15 seconds left this turn.\n|inactive|Serpi n_n has 10 seconds left.\n|inactive|Serpi n_n has 5 seconds left.\n|\n|t:|1769358490\n|move|p2a: Tauros|Body Slam|p1a: Lapras\n|-damage|p1a: Lapras|40/100\n|move|p1a: Lapras|Body Slam|p2a: Tauros\n|-damage|p2a: Tauros|82/100\n|\n|upkeep\n|turn|64\n|inactive|Serpi n_n has 15 seconds left this turn.\n|inactive|Serpi n_n has 10 seconds left.\n|inactive|sadisticnarwhal has 60 seconds left.\n|inactive|Serpi n_n has 5 seconds left.\n|\n|t:|1769358504\n|move|p2a: Tauros|Hyper Beam|p1a: Lapras\n|-damage|p1a: Lapras|0 fnt\n|faint|p1a: Lapras\n|inactive|Serpi n_n has 10 seconds left this turn.\n|\n|t:|1769358506\n|switch|p1a: Starmie|Starmie|68/100 par\n|turn|65\n|inactive|Serpi n_n has 20 seconds left this turn.\n|inactive|sadisticnarwhal has 60 seconds left.\n|\n|t:|1769358536\n|move|p2a: Tauros|Body Slam|p1a: Starmie\n|-damage|p1a: Starmie|34/100 par\n|move|p1a: Starmie|Thunder Wave|p2a: Tauros\n|-status|p2a: Tauros|par\n|\n|upkeep\n|turn|66\n|inactive|Serpi n_n has 30 seconds left this turn.\n|inactive|Serpi n_n has 20 seconds left.\n|inactive|Serpi n_n has 15 seconds left.\n|\n|t:|1769358552\n|cant|p1a: Starmie|par\n|move|p2a: Tauros|Body Slam|p1a: Starmie\n|-damage|p1a: Starmie|0 fnt\n|faint|p1a: Starmie\n|inactive|Serpi n_n has 20 seconds left this turn.\n|inactive|Serpi n_n has 15 seconds left.\n|\n|t:|1769358560\n|switch|p1a: Tauros|Tauros|100/100\n|turn|67\n|inactive|Serpi n_n has 25 seconds left this turn.\n|\n|t:|1769358565\n|move|p1a: Tauros|Body Slam|p2a: Tauros\n|-damage|p2a: Tauros|55/100 par\n|move|p2a: Tauros|Body Slam|p1a: Tauros\n|-damage|p1a: Tauros|74/100\n|\n|upkeep\n|turn|68\n|\n|t:|1769358570\n|move|p1a: Tauros|Body Slam|p2a: Tauros\n|-damage|p2a: Tauros|28/100 par\n|cant|p2a: Tauros|par\n|\n|upkeep\n|turn|69\n|\n|t:|1769358582\n|move|p1a: Tauros|Body Slam|p2a: Tauros\n|-damage|p2a: Tauros|0 fnt\n|faint|p2a: Tauros\n|\n|t:|1769358584\n|switch|p2a: Starmie|Starmie|100/100\n|turn|70\n|\n|t:|1769358591\n|move|p2a: Starmie|Surf|p1a: Tauros\n|-damage|p1a: Tauros|34/100\n|move|p1a: Tauros|Body Slam|p2a: Starmie\n|-damage|p2a: Starmie|68/100\n|-status|p2a: Starmie|par\n|\n|upkeep\n|turn|71\n|inactive|Serpi n_n has 60 seconds left.\n|inactive|sadisticnarwhal has 90 seconds left.\n|\n|t:|1769358615\n|switch|p1a: Alakazam|Alakazam|53/100 par\n|cant|p2a: Starmie|par\n|\n|upkeep\n|turn|72\n|\n|t:|1769358621\n|move|p1a: Alakazam|Recover|p1a: Alakazam\n|-heal|p1a: Alakazam|100/100 par\n|move|p2a: Starmie|Recover|p2a: Starmie\n|-heal|p2a: Starmie|100/100 par\n|\n|upkeep\n|turn|73\n|\n|t:|1769358625\n|move|p1a: Alakazam|Psychic|p2a: Starmie\n|-resisted|p2a: Starmie\n|-damage|p2a: Starmie|81/100 par\n|-unboost|p2a: Starmie|spa|1\n|-unboost|p2a: Starmie|spd|1\n|cant|p2a: Starmie|par\n|\n|upkeep\n|turn|74\n|\n|t:|1769358634\n|switch|p2a: Exeggutor|Exeggutor|100/100 slp\n|move|p1a: Alakazam|Seismic Toss|p2a: Exeggutor\n|-damage|p2a: Exeggutor|75/100 slp\n|\n|upkeep\n|turn|75\n|\n|t:|1769358652\n|switch|p2a: Starmie|Starmie|81/100 par\n|switch|p1a: Tauros|Tauros|34/100\n|\n|upkeep\n|turn|76\n|\n|t:|1769358655\n|switch|p1a: Alakazam|Alakazam|100/100 par\n|cant|p2a: Starmie|par\n|\n|upkeep\n|turn|77\n|\n|t:|1769358659\n|cant|p1a: Alakazam|par\n|move|p2a: Starmie|Recover|p2a: Starmie\n|-heal|p2a: Starmie|100/100 par\n|\n|upkeep\n|turn|78\n|\n|t:|1769358661\n|move|p1a: Alakazam|Psychic|p2a: Starmie\n|-resisted|p2a: Starmie\n|-damage|p2a: Starmie|79/100 par\n|-unboost|p2a: Starmie|spa|1\n|-unboost|p2a: Starmie|spd|1\n|move|p2a: Starmie|Surf|p1a: Alakazam\n|-damage|p1a: Alakazam|80/100 par\n|\n|upkeep\n|turn|79\n|\n|t:|1769358674\n|cant|p1a: Alakazam|par\n|move|p2a: Starmie|Recover|p2a: Starmie\n|-heal|p2a: Starmie|100/100 par\n|\n|upkeep\n|turn|80\n|\n|t:|1769358680\n|switch|p2a: Exeggutor|Exeggutor|75/100 slp\n|move|p1a: Alakazam|Seismic Toss|p2a: Exeggutor\n|-damage|p2a: Exeggutor|50/100 slp\n|\n|upkeep\n|turn|81\n|\n|t:|1769358688\n|switch|p2a: Starmie|Starmie|100/100 par\n|move|p1a: Alakazam|Seismic Toss|p2a: Starmie\n|-damage|p2a: Starmie|70/100 par\n|\n|upkeep\n|turn|82\n|\n|t:|1769358691\n|move|p1a: Alakazam|Psychic|p2a: Starmie\n|-resisted|p2a: Starmie\n|-damage|p2a: Starmie|50/100 par\n|move|p2a: Starmie|Recover|p2a: Starmie\n|-heal|p2a: Starmie|99/100 par\n|\n|upkeep\n|turn|83\n|\n|t:|1769358694\n|move|p1a: Alakazam|Psychic|p2a: Starmie\n|-crit|p2a: Starmie\n|-resisted|p2a: Starmie\n|-damage|p2a: Starmie|63/100 par\n|cant|p2a: Starmie|par\n|\n|upkeep\n|turn|84\n|\n|t:|1769358697\n|move|p1a: Alakazam|Psychic|p2a: Starmie\n|-resisted|p2a: Starmie\n|-damage|p2a: Starmie|43/100 par\n|move|p2a: Starmie|Recover|p2a: Starmie\n|-heal|p2a: Starmie|93/100 par\n|\n|upkeep\n|turn|85\n|\n|t:|1769358701\n|cant|p1a: Alakazam|par\n|cant|p2a: Starmie|par\n|\n|upkeep\n|turn|86\n|\n|t:|1769358703\n|cant|p1a: Alakazam|par\n|move|p2a: Starmie|Surf|p1a: Alakazam\n|-damage|p1a: Alakazam|51/100 par\n|\n|upkeep\n|turn|87\n|\n|t:|1769358706\n|move|p1a: Alakazam|Recover|p1a: Alakazam\n|-heal|p1a: Alakazam|100/100 par\n|move|p2a: Starmie|Surf|p1a: Alakazam\n|-damage|p1a: Alakazam|72/100 par\n|\n|upkeep\n|turn|88\n|\n|t:|1769358709\n|move|p1a: Alakazam|Psychic|p2a: Starmie\n|-crit|p2a: Starmie\n|-resisted|p2a: Starmie\n|-damage|p2a: Starmie|54/100 par\n|move|p2a: Starmie|Surf|p1a: Alakazam\n|-damage|p1a: Alakazam|41/100 par\n|\n|upkeep\n|turn|89\n|\n|t:|1769358713\n|cant|p1a: Alakazam|par\n|move|p2a: Starmie|Recover|p2a: Starmie\n|-heal|p2a: Starmie|100/100 par\n|\n|upkeep\n|turn|90\n|\n|t:|1769358715\n|move|p1a: Alakazam|Recover|p1a: Alakazam\n|-heal|p1a: Alakazam|91/100 par\n|move|p2a: Starmie|Surf|p1a: Alakazam\n|-damage|p1a: Alakazam|61/100 par\n|\n|upkeep\n|turn|91\n|\n|t:|1769358718\n|move|p1a: Alakazam|Recover|p1a: Alakazam\n|-heal|p1a: Alakazam|100/100 par\n|move|p2a: Starmie|Surf|p1a: Alakazam\n|-crit|p1a: Alakazam\n|-damage|p1a: Alakazam|41/100 par\n|\n|upkeep\n|turn|92\n|\n|t:|1769358721\n|move|p1a: Alakazam|Recover|p1a: Alakazam\n|-heal|p1a: Alakazam|91/100 par\n|cant|p2a: Starmie|par\n|\n|upkeep\n|turn|93\n|\n|t:|1769358724\n|move|p1a: Alakazam|Psychic|p2a: Starmie\n|-resisted|p2a: Starmie\n|-damage|p2a: Starmie|81/100 par\n|move|p2a: Starmie|Surf|p1a: Alakazam\n|-damage|p1a: Alakazam|60/100 par\n|\n|upkeep\n|turn|94\n|\n|t:|1769358727\n|cant|p1a: Alakazam|par\n|move|p2a: Starmie|Surf|p1a: Alakazam\n|-damage|p1a: Alakazam|29/100 par\n|\n|upkeep\n|turn|95\n|\n|t:|1769358735\n|move|p1a: Alakazam|Seismic Toss|p2a: Starmie\n|-damage|p2a: Starmie|50/100 par\n|move|p2a: Starmie|Surf|p1a: Alakazam\n|-damage|p1a: Alakazam|2/100 par\n|\n|upkeep\n|turn|96\n|\n|t:|1769358743\n|move|p1a: Alakazam|Recover|p1a: Alakazam\n|-heal|p1a: Alakazam|52/100 par\n|cant|p2a: Starmie|par\n|\n|upkeep\n|turn|97\n|\n|t:|1769358749\n|move|p1a: Alakazam|Recover|p1a: Alakazam\n|-heal|p1a: Alakazam|100/100 par\n|move|p2a: Starmie|Recover|p2a: Starmie\n|-heal|p2a: Starmie|99/100 par\n|\n|upkeep\n|turn|98\n|\n|t:|1769358751\n|move|p1a: Alakazam|Psychic|p2a: Starmie\n|-resisted|p2a: Starmie\n|-damage|p2a: Starmie|79/100 par\n|move|p2a: Starmie|Thunderbolt|p1a: Alakazam\n|-crit|p1a: Alakazam\n|-damage|p1a: Alakazam|66/100 par\n|\n|upkeep\n|turn|99\n|\n|t:|1769358758\n|cant|p1a: Alakazam|par\n|move|p2a: Starmie|Surf|p1a: Alakazam\n|-damage|p1a: Alakazam|37/100 par\n|\n|upkeep\n|turn|100\n|\n|t:|1769358765\n|move|p1a: Alakazam|Recover|p1a: Alakazam\n|-heal|p1a: Alakazam|87/100 par\n|move|p2a: Starmie|Recover|p2a: Starmie\n|-heal|p2a: Starmie|100/100 par\n|\n|upkeep\n|turn|101\n|\n|t:|1769358768\n|cant|p1a: Alakazam|par\n|move|p2a: Starmie|Thunderbolt|p1a: Alakazam\n|-damage|p1a: Alakazam|68/100 par\n|\n|upkeep\n|turn|102\n|\n|t:|1769358773\n|move|p1a: Alakazam|Recover|p1a: Alakazam\n|-heal|p1a: Alakazam|100/100 par\n|move|p2a: Starmie|Surf|p1a: Alakazam\n|-damage|p1a: Alakazam|73/100 par\n|\n|upkeep\n|turn|103\n|\n|t:|1769358777\n|move|p1a: Alakazam|Psychic|p2a: Starmie\n|-resisted|p2a: Starmie\n|-damage|p2a: Starmie|81/100 par\n|cant|p2a: Starmie|par\n|\n|upkeep\n|turn|104\n|\n|t:|1769358780\n|move|p1a: Alakazam|Recover|p1a: Alakazam\n|-heal|p1a: Alakazam|100/100 par\n|move|p2a: Starmie|Recover|p2a: Starmie\n|-heal|p2a: Starmie|100/100 par\n|\n|upkeep\n|turn|105\n|\n|t:|1769358785\n|move|p1a: Alakazam|Seismic Toss|p2a: Starmie\n|-damage|p2a: Starmie|70/100 par\n|move|p2a: Starmie|Thunderbolt|p1a: Alakazam\n|-crit|p1a: Alakazam\n|-damage|p1a: Alakazam|64/100 par\n|\n|upkeep\n|turn|106\n|\n|t:|1769358790\n|move|p1a: Alakazam|Recover|p1a: Alakazam\n|-heal|p1a: Alakazam|100/100 par\n|move|p2a: Starmie|Surf|p1a: Alakazam\n|-crit|p1a: Alakazam\n|-damage|p1a: Alakazam|44/100 par\n|\n|upkeep\n|turn|107\n|\n|t:|1769358795\n|move|p1a: Alakazam|Recover|p1a: Alakazam\n|-heal|p1a: Alakazam|94/100 par\n|move|p2a: Starmie|Surf|p1a: Alakazam\n|-damage|p1a: Alakazam|66/100 par\n|\n|upkeep\n|turn|108\n|\n|t:|1769358805\n|move|p1a: Alakazam|Psychic|p2a: Starmie\n|-resisted|p2a: Starmie\n|-damage|p2a: Starmie|48/100 par\n|move|p2a: Starmie|Thunderbolt|p1a: Alakazam\n|-damage|p1a: Alakazam|48/100 par\n|\n|upkeep\n|turn|109\n|\n|t:|1769358813\n|cant|p1a: Alakazam|par\n|move|p2a: Starmie|Recover|p2a: Starmie\n|-heal|p2a: Starmie|98/100 par\n|\n|upkeep\n|turn|110\n|\n|t:|1769358815\n|move|p1a: Alakazam|Recover|p1a: Alakazam\n|-heal|p1a: Alakazam|98/100 par\n|move|p2a: Starmie|Surf|p1a: Alakazam\n|-damage|p1a: Alakazam|70/100 par\n|\n|upkeep\n|turn|111\n|\n|t:|1769358819\n|move|p1a: Alakazam|Psychic|p2a: Starmie\n|-resisted|p2a: Starmie\n|-damage|p2a: Starmie|79/100 par\n|cant|p2a: Starmie|par\n|\n|upkeep\n|turn|112\n|\n|t:|1769358822\n|move|p1a: Alakazam|Recover|p1a: Alakazam\n|-heal|p1a: Alakazam|100/100 par\n|cant|p2a: Starmie|par\n|\n|upkeep\n|turn|113\n|\n|t:|1769358832\n|move|p1a: Alakazam|Seismic Toss|p2a: Starmie\n|-damage|p2a: Starmie|48/100 par\n|move|p2a: Starmie|Recover|p2a: Starmie\n|-heal|p2a: Starmie|97/100 par\n|\n|upkeep\n|turn|114\n|\n|t:|1769358837\n|move|p1a: Alakazam|Psychic|p2a: Starmie\n|-resisted|p2a: Starmie\n|-damage|p2a: Starmie|78/100 par\n|-unboost|p2a: Starmie|spa|1\n|-unboost|p2a: Starmie|spd|1\n|move|p2a: Starmie|Thunderbolt|p1a: Alakazam\n|-damage|p1a: Alakazam|86/100 par\n|\n|upkeep\n|turn|115\n|\n|t:|1769358845\n|move|p1a: Alakazam|Seismic Toss|p2a: Starmie\n|-damage|p2a: Starmie|47/100 par\n|move|p2a: Starmie|Recover|p2a: Starmie\n|-heal|p2a: Starmie|96/100 par\n|\n|upkeep\n|turn|116\n|\n|t:|1769358851\n|move|p1a: Alakazam|Seismic Toss|p2a: Starmie\n|-damage|p2a: Starmie|66/100 par\n|move|p2a: Starmie|Recover|p2a: Starmie\n|-heal|p2a: Starmie|100/100 par\n|\n|upkeep\n|turn|117\n|\n|t:|1769358857\n|switch|p2a: Exeggutor|Exeggutor|50/100 slp\n|move|p1a: Alakazam|Seismic Toss|p2a: Exeggutor\n|-damage|p2a: Exeggutor|24/100 slp\n|\n|upkeep\n|turn|118\n|\n|t:|1769358863\n|switch|p2a: Starmie|Starmie|100/100 par\n|cant|p1a: Alakazam|par\n|\n|upkeep\n|turn|119\n|\n|t:|1769358867\n|cant|p1a: Alakazam|par\n|move|p2a: Starmie|Thunderbolt|p1a: Alakazam\n|-crit|p1a: Alakazam\n|-damage|p1a: Alakazam|49/100 par\n|\n|upkeep\n|turn|120\n|\n|t:|1769358870\n|move|p1a: Alakazam|Recover|p1a: Alakazam\n|-heal|p1a: Alakazam|99/100 par\n|move|p2a: Starmie|Surf|p1a: Alakazam\n|-damage|p1a: Alakazam|70/100 par\n|\n|upkeep\n|turn|121\n|\n|t:|1769358876\n|move|p1a: Alakazam|Seismic Toss|p2a: Starmie\n|-damage|p2a: Starmie|70/100 par\n|move|p2a: Starmie|Thunderbolt|p1a: Alakazam\n|-damage|p1a: Alakazam|51/100 par\n|\n|upkeep\n|turn|122\n|\n|t:|1769358881\n|move|p1a: Alakazam|Recover|p1a: Alakazam\n|-heal|p1a: Alakazam|100/100 par\n|move|p2a: Starmie|Surf|p1a: Alakazam\n|-damage|p1a: Alakazam|73/100 par\n|\n|upkeep\n|turn|123\n|\n|t:|1769358894\n|cant|p1a: Alakazam|par\n|move|p2a: Starmie|Recover|p2a: Starmie\n|-heal|p2a: Starmie|100/100 par\n|\n|upkeep\n|turn|124\n|\n|t:|1769358901\n|cant|p1a: Alakazam|par\n|move|p2a: Starmie|Thunderbolt|p1a: Alakazam\n|-damage|p1a: Alakazam|54/100 par\n|\n|upkeep\n|turn|125\n|\n|t:|1769358903\n|move|p1a: Alakazam|Recover|p1a: Alakazam\n|-heal|p1a: Alakazam|100/100 par\n|move|p2a: Starmie|Surf|p1a: Alakazam\n|-damage|p1a: Alakazam|72/100 par\n|\n|upkeep\n|turn|126\n|\n|t:|1769358906\n|cant|p1a: Alakazam|par\n|cant|p2a: Starmie|par\n|\n|upkeep\n|turn|127\n|\n|t:|1769358909\n|move|p1a: Alakazam|Seismic Toss|p2a: Starmie\n|-damage|p2a: Starmie|70/100 par\n|cant|p2a: Starmie|par\n|\n|upkeep\n|turn|128\n|\n|t:|1769358917\n|cant|p1a: Alakazam|par\n|move|p2a: Starmie|Recover|p2a: Starmie\n|-heal|p2a: Starmie|100/100 par\n|\n|upkeep\n|turn|129\n|\n|t:|1769358919\n|move|p1a: Alakazam|Seismic Toss|p2a: Starmie\n|-damage|p2a: Starmie|70/100 par\n|move|p2a: Starmie|Thunderbolt|p1a: Alakazam\n|-damage|p1a: Alakazam|54/100 par\n|\n|upkeep\n|turn|130\n|\n|t:|1769358922\n|move|p1a: Alakazam|Recover|p1a: Alakazam\n|-heal|p1a: Alakazam|100/100 par\n|move|p2a: Starmie|Surf|p1a: Alakazam\n|-crit|p1a: Alakazam\n|-damage|p1a: Alakazam|45/100 par\n|\n|upkeep\n|turn|131\n|\n|t:|1769358928\n|move|p1a: Alakazam|Recover|p1a: Alakazam\n|-heal|p1a: Alakazam|95/100 par\n|move|p2a: Starmie|Surf|p1a: Alakazam\n|-damage|p1a: Alakazam|66/100 par\n|\n|upkeep\n|turn|132\n|\n|t:|1769358931\n|move|p1a: Alakazam|Recover|p1a: Alakazam\n|-heal|p1a: Alakazam|100/100 par\n|cant|p2a: Starmie|par\n|\n|upkeep\n|turn|133\n|\n|t:|1769358951\n|move|p1a: Alakazam|Thunder Wave|p2a: Starmie\n|-fail|p2a: Starmie|par\n|move|p2a: Starmie|Recover|p2a: Starmie\n|-heal|p2a: Starmie|100/100 par\n|\n|upkeep\n|turn|134\n|\n|t:|1769358957\n|move|p1a: Alakazam|Seismic Toss|p2a: Starmie\n|-damage|p2a: Starmie|70/100 par\n|move|p2a: Starmie|Thunderbolt|p1a: Alakazam\n|-damage|p1a: Alakazam|80/100 par\n|\n|upkeep\n|turn|135\n|\n|t:|1769358963\n|move|p1a: Alakazam|Thunder Wave|p2a: Starmie\n|-fail|p2a: Starmie|par\n|move|p2a: Starmie|Thunderbolt|p1a: Alakazam\n|-damage|p1a: Alakazam|60/100 par\n|\n|upkeep\n|turn|136\n|\n|t:|1769358965\n|move|p1a: Alakazam|Recover|p1a: Alakazam\n|-heal|p1a: Alakazam|100/100 par\n|cant|p2a: Starmie|par\n|\n|upkeep\n|turn|137\n|\n|t:|1769358974\n|move|p1a: Alakazam|Thunder Wave|p2a: Starmie\n|-fail|p2a: Starmie|par\n|move|p2a: Starmie|Thunderbolt|p1a: Alakazam\n|-damage|p1a: Alakazam|82/100 par\n|\n|upkeep\n|turn|138\n|\n|t:|1769358979\n|move|p1a: Alakazam|Thunder Wave|p2a: Starmie\n|-fail|p2a: Starmie|par\n|move|p2a: Starmie|Thunderbolt|p1a: Alakazam\n|-damage|p1a: Alakazam|61/100 par\n|\n|upkeep\n|turn|139\n|\n|t:|1769358983\n|move|p1a: Alakazam|Recover|p1a: Alakazam\n|-heal|p1a: Alakazam|100/100 par\n|move|p2a: Starmie|Thunderbolt|p1a: Alakazam\n|-damage|p1a: Alakazam|83/100 par\n|\n|upkeep\n|turn|140\n|\n|t:|1769358986\n|move|p1a: Alakazam|Thunder Wave|p2a: Starmie\n|-fail|p2a: Starmie|par\n|move|p2a: Starmie|Thunderbolt|p1a: Alakazam\n|-damage|p1a: Alakazam|62/100 par\n|\n|upkeep\n|turn|141\n|\n|t:|1769358987\n|move|p1a: Alakazam|Recover|p1a: Alakazam\n|-heal|p1a: Alakazam|100/100 par\n|move|p2a: Starmie|Thunderbolt|p1a: Alakazam\n|-damage|p1a: Alakazam|81/100 par\n|\n|upkeep\n|turn|142\n|\n|t:|1769358989\n|move|p1a: Alakazam|Thunder Wave|p2a: Starmie\n|-fail|p2a: Starmie|par\n|cant|p2a: Starmie|par\n|\n|upkeep\n|turn|143\n|\n|t:|1769358994\n|move|p1a: Alakazam|Recover|p1a: Alakazam\n|-heal|p1a: Alakazam|100/100 par\n|move|p2a: Starmie|Thunderbolt|p1a: Alakazam\n|-crit|p1a: Alakazam\n|-damage|p1a: Alakazam|63/100 par\n|\n|upkeep\n|turn|144\n|\n|t:|1769358996\n|move|p1a: Alakazam|Recover|p1a: Alakazam\n|-heal|p1a: Alakazam|100/100 par\n|move|p2a: Starmie|Thunderbolt|p1a: Alakazam|[miss]\n|-miss|p2a: Starmie\n|-hint|In Gen 1, moves with 100% accuracy can still miss 1/256 of the time.\n|\n|upkeep\n|turn|145\n|\n|t:|1769358999\n|move|p1a: Alakazam|Thunder Wave|p2a: Starmie\n|-fail|p2a: Starmie|par\n|cant|p2a: Starmie|par\n|\n|upkeep\n|turn|146\n|\n|t:|1769359001\n|cant|p1a: Alakazam|par\n|move|p2a: Starmie|Thunderbolt|p1a: Alakazam\n|-damage|p1a: Alakazam|82/100 par\n|\n|upkeep\n|turn|147\n|\n|t:|1769359004\n|move|p1a: Alakazam|Recover|p1a: Alakazam\n|-heal|p1a: Alakazam|100/100 par\n|cant|p2a: Starmie|par\n|\n|upkeep\n|turn|148\n|\n|t:|1769359008\n|move|p1a: Alakazam|Thunder Wave|p2a: Starmie\n|-fail|p2a: Starmie|par\n|move|p2a: Starmie|Thunderbolt|p1a: Alakazam\n|-damage|p1a: Alakazam|81/100 par\n|\n|upkeep\n|turn|149\n|\n|t:|1769359011\n|move|p1a: Alakazam|Thunder Wave|p2a: Starmie\n|-fail|p2a: Starmie|par\n|move|p2a: Starmie|Thunderbolt|p1a: Alakazam\n|-crit|p1a: Alakazam\n|-damage|p1a: Alakazam|41/100 par\n|\n|upkeep\n|turn|150\n|\n|t:|1769359013\n|move|p1a: Alakazam|Recover|p1a: Alakazam\n|-heal|p1a: Alakazam|91/100 par\n|move|p2a: Starmie|Surf|p1a: Alakazam\n|-damage|p1a: Alakazam|63/100 par\n|\n|upkeep\n|turn|151\n|\n|t:|1769359025\n|cant|p1a: Alakazam|par\n|cant|p2a: Starmie|par\n|\n|upkeep\n|turn|152\n|\n|t:|1769359034\n|move|p1a: Alakazam|Recover|p1a: Alakazam\n|-heal|p1a: Alakazam|100/100 par\n|cant|p2a: Starmie|par\n|\n|upkeep\n|turn|153\n|\n|t:|1769359037\n|move|p1a: Alakazam|Thunder Wave|p2a: Starmie\n|-fail|p2a: Starmie|par\n|move|p2a: Starmie|Recover|p2a: Starmie\n|-heal|p2a: Starmie|100/100 par\n|\n|upkeep\n|turn|154\n|\n|t:|1769359039\n|move|p1a: Alakazam|Seismic Toss|p2a: Starmie\n|-damage|p2a: Starmie|70/100 par\n|move|p2a: Starmie|Thunderbolt|p1a: Alakazam\n|-damage|p1a: Alakazam|80/100 par\n|\n|upkeep\n|turn|155\n|\n|t:|1769359044\n|cant|p1a: Alakazam|par\n|move|p2a: Starmie|Thunderbolt|p1a: Alakazam\n|-crit|p1a: Alakazam\n|-damage|p1a: Alakazam|40/100 par\n|\n|upkeep\n|turn|156\n|\n|t:|1769359051\n|cant|p1a: Alakazam|par\n|move|p2a: Starmie|Surf|p1a: Alakazam\n|-crit|p1a: Alakazam\n|-damage|p1a: Alakazam|0 fnt\n|faint|p1a: Alakazam\n|\n|t:|1769359053\n|switch|p1a: Tauros|Tauros|34/100\n|turn|157\n|\n|t:|1769359063\n|move|p1a: Tauros|Body Slam|p2a: Starmie\n|-damage|p2a: Starmie|32/100 par\n|move|p2a: Starmie|Thunder Wave|p1a: Tauros\n|-status|p1a: Tauros|par\n|\n|upkeep\n|turn|158\n|\n|t:|1769359070\n|move|p2a: Starmie|Thunderbolt|p1a: Tauros\n|-damage|p1a: Tauros|8/100 par\n|move|p1a: Tauros|Body Slam|p2a: Starmie\n|-crit|p2a: Starmie\n|-damage|p2a: Starmie|0 fnt\n|faint|p2a: Starmie\n|\n|t:|1769359072\n|switch|p2a: Exeggutor|Exeggutor|24/100 slp\n|turn|159\n|\n|t:|1769359074\n|cant|p2a: Exeggutor|slp\n|cant|p1a: Tauros|par\n|\n|upkeep\n|turn|160\n|\n|t:|1769359076\n|cant|p2a: Exeggutor|slp\n|move|p1a: Tauros|Body Slam|p2a: Exeggutor\n|-crit|p2a: Exeggutor\n|-damage|p2a: Exeggutor|0 fnt\n|faint|p2a: Exeggutor\n|\n|win|Serpi n_n\n|c|☆sadisticnarwhal|gg\n|c|☆Serpi n_n|gg\n","uploadtime":1769359076,"views":"1228","formatid":"gen1ou","rating":null,"private":0,"password":null}