{"id":"smogtours-gen1ou-904597","format":"[Gen 1] OU","players":["Serpi n_n","BeeOrSomething"],"log":"|inactive|Battle timer is ON: inactive players will automatically lose when time's up.\n|t:|1769965025\n|gametype|singles\n|player|p1|Serpi n_n|#splxviibigs2|\n|player|p2|BeeOrSomething|#beeorsomething|\n|gen|1\n|tier|[Gen 1] OU\n|rule|Desync Clause Mod: Desyncs changed to move failure.\n|rule|Sleep Clause Mod: Limit one foe put to sleep\n|rule|Freeze Clause Mod: Limit one foe frozen\n|rule|Species Clause: Limit one of each Pokémon\n|rule|OHKO Clause: OHKO moves are banned\n|rule|Evasion Moves Clause: Evasion moves are banned\n|rule|Endless Battle Clause: Forcing endless battles is banned\n|rule|HP Percentage Mod: HP is shown in percentages\n|\n|t:|1769965025\n|teamsize|p1|6\n|teamsize|p2|6\n|start\n|switch|p1a: Jynx|Jynx|100/100\n|switch|p2a: Let It Ring|Alakazam|100/100\n|turn|1\n|c|☆BeeOrSomething|glhf\n|c|☆Serpi n_n|hf\n|inactive|Serpi n_n has 270 seconds left.\n|rated|Smogon Premier League\n|inactive|BeeOrSomething has 270 seconds left.\n|inactive|BeeOrSomething has 240 seconds left.\n|\n|t:|1769965100\n|move|p2a: Let It Ring|Thunder Wave|p1a: Jynx\n|-status|p1a: Jynx|par\n|move|p1a: Jynx|Lovely Kiss|p2a: Let It Ring\n|-status|p2a: Let It Ring|slp|[from] move: Lovely Kiss\n|\n|upkeep\n|turn|2\n|\n|t:|1769965110\n|cant|p2a: Let It Ring|slp\n|cant|p1a: Jynx|par\n|\n|upkeep\n|turn|3\n|\n|t:|1769965115\n|switch|p2a: Snow|Jynx|100/100\n|move|p1a: Jynx|Blizzard|p2a: Snow\n|-resisted|p2a: Snow\n|-damage|p2a: Snow|79/100\n|\n|upkeep\n|turn|4\n|\n|t:|1769965139\n|move|p2a: Snow|Psychic|p1a: Jynx\n|-resisted|p1a: Jynx\n|-damage|p1a: Jynx|84/100 par\n|move|p1a: Jynx|Body Slam|p2a: Snow\n|-damage|p2a: Snow|55/100\n|-status|p2a: Snow|par\n|\n|upkeep\n|turn|5\n|\n|t:|1769965158\n|move|p1a: Jynx|Blizzard|p2a: Snow\n|-resisted|p2a: Snow\n|-damage|p2a: Snow|34/100 par\n|move|p2a: Snow|Psychic|p1a: Jynx\n|-resisted|p1a: Jynx\n|-damage|p1a: Jynx|67/100 par\n|\n|upkeep\n|turn|6\n|\n|t:|1769965179\n|move|p1a: Jynx|Body Slam|p2a: Snow\n|-damage|p2a: Snow|12/100 par\n|move|p2a: Snow|Psychic|p1a: Jynx\n|-resisted|p1a: Jynx\n|-damage|p1a: Jynx|53/100 par\n|\n|upkeep\n|turn|7\n|\n|t:|1769965187\n|cant|p2a: Snow|par\n|move|p1a: Jynx|Blizzard|p2a: Snow\n|-resisted|p2a: Snow\n|-damage|p2a: Snow|0 fnt\n|faint|p2a: Snow\n|\n|t:|1769965191\n|switch|p2a: Resonance|Snorlax|100/100\n|turn|8\n|\n|t:|1769965205\n|switch|p1a: Snorlax|Snorlax|100/100\n|move|p2a: Resonance|Body Slam|p1a: Snorlax\n|-damage|p1a: Snorlax|75/100\n|\n|upkeep\n|turn|9\n|\n|t:|1769965211\n|move|p1a: Snorlax|Body Slam|p2a: Resonance\n|-damage|p2a: Resonance|75/100\n|move|p2a: Resonance|Body Slam|p1a: Snorlax\n|-damage|p1a: Snorlax|49/100\n|\n|upkeep\n|turn|10\n|\n|t:|1769965216\n|switch|p2a: Hand In Hand|Gengar|100/100\n|move|p1a: Snorlax|Self-Destruct|p2a: Hand In Hand\n|-immune|p2a: Hand In Hand\n|faint|p1a: Snorlax\n|\n|t:|1769965234\n|switch|p1a: Jynx|Jynx|53/100 par\n|turn|11\n|\n|t:|1769965240\n|move|p2a: Hand In Hand|Thunderbolt|p1a: Jynx\n|-damage|p1a: Jynx|23/100 par\n|move|p1a: Jynx|Blizzard|p2a: Hand In Hand\n|-damage|p2a: Hand In Hand|66/100\n|\n|upkeep\n|turn|12\n|inactive|Serpi n_n has 270 seconds left.\n|\n|t:|1769965272\n|move|p2a: Hand In Hand|Thunderbolt|p1a: Jynx\n|-crit|p1a: Jynx\n|-damage|p1a: Jynx|0 fnt\n|faint|p1a: Jynx\n|\n|t:|1769965274\n|switch|p1a: Tauros|Tauros|100/100\n|turn|13\n|inactive|Serpi n_n has 270 seconds left.\n|inactive|BeeOrSomething has 270 seconds left.\n|\n|t:|1769965330\n|switch|p2a: Let It Ring|Alakazam|100/100 slp\n|move|p1a: Tauros|Earthquake|p2a: Let It Ring\n|-damage|p2a: Let It Ring|59/100 slp\n|\n|upkeep\n|turn|14\n|\n|t:|1769965339\n|cant|p2a: Let It Ring|slp\n|move|p1a: Tauros|Body Slam|p2a: Let It Ring\n|-damage|p2a: Let It Ring|8/100 slp\n|\n|upkeep\n|turn|15\n|\n|t:|1769965344\n|-curestatus|p2a: Let It Ring|slp|[msg]\n|move|p1a: Tauros|Body Slam|p2a: Let It Ring\n|-damage|p2a: Let It Ring|0 fnt\n|faint|p2a: Let It Ring\n|\n|t:|1769965347\n|switch|p2a: Spring Wind|Exeggutor|100/100\n|turn|16\n|inactive|Serpi n_n has 270 seconds left.\n|\n|t:|1769965382\n|move|p1a: Tauros|Body Slam|p2a: Spring Wind\n|-crit|p2a: Spring Wind\n|-damage|p2a: Spring Wind|49/100\n|move|p2a: Spring Wind|Sleep Powder|p1a: Tauros\n|-status|p1a: Tauros|slp|[from] move: Sleep Powder\n|\n|upkeep\n|turn|17\n|inactive|Serpi n_n has 270 seconds left.\n|inactive|BeeOrSomething has 270 seconds left.\n|inactive|Serpi n_n has 240 seconds left.\n|\n|t:|1769965431\n|cant|p1a: Tauros|slp\n|move|p2a: Spring Wind|Psychic|p1a: Tauros\n|-damage|p1a: Tauros|59/100 slp\n|\n|upkeep\n|turn|18\n|inactive|BeeOrSomething has 270 seconds left.\n|\n|t:|1769965461\n|cant|p1a: Tauros|slp\n|move|p2a: Spring Wind|Psychic|p1a: Tauros\n|-damage|p1a: Tauros|18/100 slp\n|\n|upkeep\n|turn|19\n|\n|t:|1769965468\n|switch|p1a: Exeggutor|Exeggutor|100/100\n|move|p2a: Spring Wind|Stun Spore|p1a: Exeggutor\n|-status|p1a: Exeggutor|par\n|\n|upkeep\n|turn|20\n|\n|t:|1769965479\n|move|p2a: Spring Wind|Psychic|p1a: Exeggutor\n|-resisted|p1a: Exeggutor\n|-damage|p1a: Exeggutor|88/100 par\n|cant|p1a: Exeggutor|par\n|\n|upkeep\n|turn|21\n|\n|t:|1769965496\n|switch|p1a: Tauros|Tauros|18/100 slp\n|move|p2a: Spring Wind|Explosion|p1a: Tauros\n|-damage|p1a: Tauros|0 fnt\n|faint|p1a: Tauros\n|faint|p2a: Spring Wind\n|inactive|BeeOrSomething has 270 seconds left.\n|inactive|Serpi n_n has 210 seconds left.\n|inactive|Serpi n_n has 180 seconds left.\n|\n|t:|1769965542\n|switch|p1a: Cloyster|Cloyster|100/100\n|switch|p2a: Love's Sorrow|Tauros|100/100\n|turn|22\n|\n|t:|1769965550\n|move|p2a: Love's Sorrow|Body Slam|p1a: Cloyster\n|-damage|p1a: Cloyster|77/100\n|move|p1a: Cloyster|Blizzard|p2a: Love's Sorrow|[miss]\n|-miss|p1a: Cloyster\n|\n|upkeep\n|turn|23\n|\n|t:|1769965554\n|move|p2a: Love's Sorrow|Body Slam|p1a: Cloyster\n|-damage|p1a: Cloyster|57/100\n|move|p1a: Cloyster|Blizzard|p2a: Love's Sorrow\n|-damage|p2a: Love's Sorrow|54/100\n|\n|upkeep\n|turn|24\n|inactive|BeeOrSomething has 270 seconds left.\n|\n|t:|1769965573\n|switch|p2a: Hand In Hand|Gengar|66/100\n|move|p1a: Cloyster|Blizzard|p2a: Hand In Hand\n|-damage|p2a: Hand In Hand|32/100\n|\n|upkeep\n|turn|25\n|inactive|BeeOrSomething has 270 seconds left.\n|\n|t:|1769965589\n|switch|p2a: Love's Sorrow|Tauros|54/100\n|switch|p1a: Exeggutor|Exeggutor|88/100 par\n|\n|upkeep\n|turn|26\n|inactive|BeeOrSomething has 270 seconds left.\n|inactive|Serpi n_n has 180 seconds left.\n|inactive|BeeOrSomething has 240 seconds left.\n|\n|t:|1769965646\n|move|p2a: Love's Sorrow|Blizzard|p1a: Exeggutor\n|-crit|p1a: Exeggutor\n|-supereffective|p1a: Exeggutor\n|-damage|p1a: Exeggutor|28/100 par\n|move|p1a: Exeggutor|Sleep Powder|p2a: Love's Sorrow\n|-status|p2a: Love's Sorrow|slp|[from] move: Sleep Powder\n|\n|upkeep\n|turn|27\n|inactive|Serpi n_n has 150 seconds left.\n|\n|t:|1769965680\n|switch|p1a: Starmie|Starmie|100/100\n|-curestatus|p2a: Love's Sorrow|slp|[msg]\n|\n|upkeep\n|turn|28\n|\n|t:|1769965686\n|move|p1a: Starmie|Surf|p2a: Love's Sorrow\n|-damage|p2a: Love's Sorrow|11/100\n|move|p2a: Love's Sorrow|Body Slam|p1a: Starmie\n|-crit|p1a: Starmie\n|-damage|p1a: Starmie|40/100\n|-status|p1a: Starmie|par\n|\n|upkeep\n|turn|29\n|inactive|BeeOrSomething has 240 seconds left.\n|inactive|Serpi n_n has 150 seconds left.\n|\n|t:|1769965714\n|switch|p1a: Cloyster|Cloyster|57/100\n|move|p2a: Love's Sorrow|Hyper Beam|p1a: Cloyster\n|-damage|p1a: Cloyster|20/100\n|-mustrecharge|p2a: Love's Sorrow\n|\n|upkeep\n|turn|30\n|\n|t:|1769965719\n|cant|p2a: Love's Sorrow|recharge\n|move|p1a: Cloyster|Blizzard|p2a: Love's Sorrow\n|-damage|p2a: Love's Sorrow|0 fnt\n|faint|p2a: Love's Sorrow\n|\n|t:|1769965722\n|switch|p2a: Hand In Hand|Gengar|32/100\n|turn|31\n|\n|t:|1769965733\n|switch|p1a: Starmie|Starmie|40/100 par\n|move|p2a: Hand In Hand|Psychic|p1a: Starmie\n|-resisted|p1a: Starmie\n|-damage|p1a: Starmie|26/100 par\n|\n|upkeep\n|turn|32\n|inactive|Serpi n_n has 150 seconds left.\n|\n|t:|1769965774\n|move|p2a: Hand In Hand|Thunderbolt|p1a: Starmie\n|-supereffective|p1a: Starmie\n|-damage|p1a: Starmie|0 fnt\n|faint|p1a: Starmie\n|\n|t:|1769965777\n|switch|p1a: Exeggutor|Exeggutor|28/100 par\n|turn|33\n|inactive|BeeOrSomething has 270 seconds left.\n|inactive|Serpi n_n has 120 seconds left.\n|\n|t:|1769965803\n|move|p2a: Hand In Hand|Explosion|p1a: Exeggutor\n|-damage|p1a: Exeggutor|0 fnt\n|faint|p1a: Exeggutor\n|faint|p2a: Hand In Hand\n|\n|t:|1769965805\n|switch|p2a: Resonance|Snorlax|75/100\n|switch|p1a: Cloyster|Cloyster|20/100\n|turn|34\n|inactive|Serpi n_n has 120 seconds left.\n|\n|t:|1769965850\n|move|p1a: Cloyster|Clamp|p2a: Resonance\n|-crit|p2a: Resonance\n|-damage|p2a: Resonance|57/100\n|cant|p2a: Resonance|partiallytrapped\n|\n|upkeep\n|turn|35\n|\n|t:|1769965854\n|move|p1a: Cloyster|Clamp|p2a: Resonance|[from] Clamp\n|-damage|p2a: Resonance|38/100\n|cant|p2a: Resonance|partiallytrapped\n|\n|upkeep\n|turn|36\n|\n|t:|1769965861\n|move|p1a: Cloyster|Clamp|p2a: Resonance\n|-damage|p2a: Resonance|28/100\n|cant|p2a: Resonance|partiallytrapped\n|\n|upkeep\n|turn|37\n|\n|t:|1769965867\n|move|p1a: Cloyster|Clamp|p2a: Resonance|[from] Clamp\n|-damage|p2a: Resonance|19/100\n|cant|p2a: Resonance|partiallytrapped\n|\n|upkeep\n|turn|38\n|\n|t:|1769965868\n|move|p1a: Cloyster|Clamp|p2a: Resonance|[from] Clamp\n|-damage|p2a: Resonance|9/100\n|cant|p2a: Resonance|partiallytrapped\n|\n|upkeep\n|turn|39\n|\n|t:|1769965872\n|move|p1a: Cloyster|Blizzard|p2a: Resonance\n|-crit|p2a: Resonance\n|-damage|p2a: Resonance|0 fnt\n|faint|p2a: Resonance\n|\n|win|Serpi n_n\n|c|☆Serpi n_n|gg\n|c|☆BeeOrSomething|gg\n|player|p1|\n|player|p2|\n","uploadtime":1769965872,"views":"1112","formatid":"gen1ou","rating":null,"private":0,"password":null}