{"id":"smogtours-gen1ou-963413","format":"[Gen 1] OU","players":["violet river","Nails"],"log":"|inactive|Battle timer is ON: inactive players will automatically lose when time's up.\n|t:|1786673564\n|gametype|singles\n|player|p1|violet river|#advplvi|\n|player|p2|Nails|#scl2terrors|\n|gen|1\n|tier|[Gen 1] OU\n|rule|Desync Clause Mod: Desyncs resolve to link battle behavior from the acting player's perspective.\n|rule|HP Percentage Mod: HP is shown in percentages\n|rule|Endless Battle Clause: Forcing endless battles is banned\n|rule|Sleep Clause Mod: Limit one foe put to sleep\n|rule|Freeze Clause Mod: Limit one foe frozen\n|rule|Species Clause: Limit one of each Pokémon\n|rule|OHKO Clause: OHKO moves are banned\n|rule|Evasion Moves Clause: Evasion moves are banned\n|\n|t:|1786673564\n|teamsize|p1|6\n|teamsize|p2|6\n|start\n|switch|p1a: Gengar|Gengar|100/100\n|switch|p2a: Jynx|Jynx|100/100\n|turn|1\n|c|☆Nails|how\n|c|☆violet river|she's her.\n|inactive|Nails has 270 seconds left.\n|\n|t:|1786673611\n|move|p1a: Gengar|Hypnosis|p2a: Jynx|[miss]\n|-miss|p1a: Gengar\n|move|p2a: Jynx|Lovely Kiss|p1a: Gengar|[miss]\n|-miss|p2a: Jynx\n|\n|upkeep\n|turn|2\n|c|☆Nails|we're so real for this\n|\n|t:|1786673621\n|move|p1a: Gengar|Hypnosis|p2a: Jynx\n|-status|p2a: Jynx|slp|[from] move: Hypnosis\n|cant|p2a: Jynx|slp\n|\n|upkeep\n|turn|3\n|\n|t:|1786673628\n|switch|p2a: Chansey|Chansey|100/100\n|move|p1a: Gengar|Night Shade|p2a: Chansey\n|-damage|p2a: Chansey|86/100\n|\n|upkeep\n|turn|4\n|\n|t:|1786673634\n|move|p1a: Gengar|Explosion|p2a: Chansey\n|-crit|p2a: Chansey\n|-damage|p2a: Chansey|0 fnt\n|faint|p2a: Chansey\n|faint|p1a: Gengar\n|c|☆violet river|coolp\n|c|☆Nails|hey wait no that one's supposed to leave me at 3\n|c|☆violet river|i used the eggs ivs from last game\n|inactive|Nails has 270 seconds left.\n|c|☆Nails|oh ok\n|\n|t:|1786673672\n|switch|p1a: Chansey|Chansey|100/100\n|switch|p2a: Starmie|Starmie|100/100\n|turn|5\n|c|☆violet river|its like in nintendo cup when you run a level 50 so you can have a level 55 tauros\n|inactive|Nails has 270 seconds left.\n|c|☆Nails|that mechanic is hilarious\n|inactive|Nails has 240 seconds left.\n|\n|t:|1786673730\n|move|p2a: Starmie|Thunder Wave|p1a: Chansey\n|-status|p1a: Chansey|par\n|move|p1a: Chansey|Thunder Wave|p2a: Starmie\n|-status|p2a: Starmie|par\n|\n|upkeep\n|turn|6\n|\n|t:|1786673738\n|switch|p2a: Snorlax|Snorlax|100/100\n|move|p1a: Chansey|Seismic Toss|p2a: Snorlax\n|-damage|p2a: Snorlax|81/100\n|\n|upkeep\n|turn|7\n|\n|t:|1786673749\n|switch|p1a: Snorlax|Snorlax|100/100\n|move|p2a: Snorlax|Earthquake|p1a: Snorlax\n|-crit|p1a: Snorlax\n|-damage|p1a: Snorlax|59/100\n|\n|upkeep\n|turn|8\n|\n|t:|1786673758\n|move|p2a: Snorlax|Body Slam|p1a: Snorlax\n|-damage|p1a: Snorlax|31/100\n|move|p1a: Snorlax|Reflect|p1a: Snorlax\n|-start|p1a: Snorlax|Reflect\n|\n|upkeep\n|turn|9\n|inactive|Nails has 240 seconds left.\n|\n|t:|1786673765\n|switch|p2a: Zapdos|Zapdos|100/100\n|move|p1a: Snorlax|Rest|p1a: Snorlax\n|-status|p1a: Snorlax|slp|[from] move: Rest\n|-heal|p1a: Snorlax|100/100 slp|[silent]\n|\n|upkeep\n|turn|10\n|inactive|Nails has 240 seconds left.\n|\n|t:|1786673784\n|move|p2a: Zapdos|Drill Peck|p1a: Snorlax\n|-damage|p1a: Snorlax|89/100 slp\n|cant|p1a: Snorlax|slp\n|\n|upkeep\n|turn|11\n|\n|t:|1786673786\n|move|p2a: Zapdos|Thunderbolt|p1a: Snorlax\n|-damage|p1a: Snorlax|58/100 slp\n|-curestatus|p1a: Snorlax|slp|[msg]\n|\n|upkeep\n|turn|12\n|\n|t:|1786673789\n|move|p2a: Zapdos|Thunderbolt|p1a: Snorlax\n|-damage|p1a: Snorlax|26/100\n|move|p1a: Snorlax|Self-Destruct|p2a: Zapdos\n|-damage|p2a: Zapdos|8/100\n|faint|p1a: Snorlax\n|\n|t:|1786673791\n|switch|p1a: Tauros|Tauros|100/100\n|turn|13\n|\n|t:|1786673805\n|switch|p2a: Starmie|Starmie|100/100 par\n|move|p1a: Tauros|Body Slam|p2a: Starmie\n|-damage|p2a: Starmie|68/100 par\n|\n|upkeep\n|turn|14\n|\n|t:|1786673814\n|switch|p1a: Chansey|Chansey|100/100 par\n|move|p2a: Starmie|Thunder Wave|p1a: Chansey\n|-fail|p1a: Chansey|par\n|\n|upkeep\n|turn|15\n|inactive|Nails has 270 seconds left.\n|\n|t:|1786673820\n|move|p2a: Starmie|Psychic|p1a: Chansey\n|-damage|p1a: Chansey|87/100 par\n|move|p1a: Chansey|Seismic Toss|p2a: Starmie\n|-damage|p2a: Starmie|37/100 par\n|\n|upkeep\n|turn|16\n|\n|t:|1786673827\n|switch|p1a: Starmie|Starmie|100/100\n|move|p2a: Starmie|Recover|p2a: Starmie\n|-heal|p2a: Starmie|87/100 par\n|\n|upkeep\n|turn|17\n|\n|t:|1786673838\n|move|p1a: Starmie|Thunderbolt|p2a: Starmie\n|-supereffective|p2a: Starmie\n|-damage|p2a: Starmie|40/100 par\n|move|p2a: Starmie|Thunder Wave|p1a: Starmie\n|-status|p1a: Starmie|par\n|\n|upkeep\n|turn|18\n|\n|t:|1786673843\n|switch|p2a: Snorlax|Snorlax|81/100\n|cant|p1a: Starmie|par\n|\n|upkeep\n|turn|19\n|\n|t:|1786673848\n|move|p2a: Snorlax|Body Slam|p1a: Starmie\n|-damage|p1a: Starmie|61/100 par\n|move|p1a: Starmie|Thunder Wave|p2a: Snorlax\n|-status|p2a: Snorlax|par\n|\n|upkeep\n|turn|20\n|\n|t:|1786673863\n|move|p1a: Starmie|Blizzard|p2a: Snorlax\n|-damage|p2a: Snorlax|60/100 par\n|move|p2a: Snorlax|Body Slam|p1a: Starmie\n|-damage|p1a: Starmie|22/100 par\n|\n|upkeep\n|turn|21\n|\n|t:|1786673867\n|move|p1a: Starmie|Blizzard|p2a: Snorlax\n|-crit|p2a: Snorlax\n|-damage|p2a: Snorlax|15/100 par\n|move|p2a: Snorlax|Body Slam|p1a: Starmie\n|-damage|p1a: Starmie|0 fnt\n|faint|p1a: Starmie\n|\n|t:|1786673869\n|switch|p1a: Tauros|Tauros|100/100\n|turn|22\n|\n|t:|1786673884\n|move|p1a: Tauros|Body Slam|p2a: Snorlax\n|-damage|p2a: Snorlax|0 fnt\n|faint|p2a: Snorlax\n|\n|t:|1786673886\n|switch|p2a: Tauros|Tauros|100/100\n|turn|23\n|\n|t:|1786673889\n|move|p2a: Tauros|Body Slam|p1a: Tauros\n|-crit|p1a: Tauros\n|-damage|p1a: Tauros|47/100\n|move|p1a: Tauros|Body Slam|p2a: Tauros\n|-damage|p2a: Tauros|70/100\n|\n|upkeep\n|turn|24\n|\n|t:|1786673905\n|switch|p1a: Chansey|Chansey|87/100 par\n|move|p2a: Tauros|Hyper Beam|p1a: Chansey|[miss]\n|-miss|p2a: Tauros\n|\n|upkeep\n|turn|25\n|c|☆violet river|double rats\n|c|☆Nails|bull knows best\n|inactive|Nails has 270 seconds left.\n|\n|t:|1786673951\n|switch|p2a: Starmie|Starmie|40/100 par\n|move|p1a: Chansey|Seismic Toss|p2a: Starmie\n|-damage|p2a: Starmie|9/100 par\n|\n|upkeep\n|turn|26\n|\n|t:|1786673959\n|cant|p2a: Starmie|par\n|cant|p1a: Chansey|par\n|\n|upkeep\n|turn|27\n|\n|t:|1786673960\n|move|p2a: Starmie|Recover|p2a: Starmie\n|-heal|p2a: Starmie|58/100 par\n|move|p1a: Chansey|Seismic Toss|p2a: Starmie\n|-damage|p2a: Starmie|27/100 par\n|\n|upkeep\n|turn|28\n|\n|t:|1786673964\n|move|p2a: Starmie|Recover|p2a: Starmie\n|-heal|p2a: Starmie|77/100 par\n|cant|p1a: Chansey|par\n|\n|upkeep\n|turn|29\n|\n|t:|1786673967\n|move|p2a: Starmie|Psychic|p1a: Chansey\n|-crit|p1a: Chansey\n|-damage|p1a: Chansey|59/100 par\n|cant|p1a: Chansey|par\n|\n|upkeep\n|turn|30\n|\n|t:|1786673975\n|move|p2a: Starmie|Psychic|p1a: Chansey\n|-damage|p1a: Chansey|46/100 par\n|move|p1a: Chansey|Seismic Toss|p2a: Starmie\n|-damage|p2a: Starmie|46/100 par\n|\n|upkeep\n|turn|31\n|\n|t:|1786673979\n|cant|p2a: Starmie|par\n|cant|p1a: Chansey|par\n|\n|upkeep\n|turn|32\n|\n|t:|1786673981\n|move|p2a: Starmie|Recover|p2a: Starmie\n|-heal|p2a: Starmie|96/100 par\n|move|p1a: Chansey|Soft-Boiled|p1a: Chansey\n|-heal|p1a: Chansey|96/100 par\n|\n|upkeep\n|turn|33\n|\n|t:|1786673985\n|move|p2a: Starmie|Psychic|p1a: Chansey\n|-damage|p1a: Chansey|80/100 par\n|move|p1a: Chansey|Seismic Toss|p2a: Starmie\n|-damage|p2a: Starmie|65/100 par\n|\n|upkeep\n|turn|34\n|\n|t:|1786673988\n|move|p2a: Starmie|Recover|p2a: Starmie\n|-heal|p2a: Starmie|100/100 par\n|cant|p1a: Chansey|par\n|\n|upkeep\n|turn|35\n|\n|t:|1786673996\n|move|p2a: Starmie|Psychic|p1a: Chansey\n|-damage|p1a: Chansey|65/100 par\n|move|p1a: Chansey|Seismic Toss|p2a: Starmie\n|-damage|p2a: Starmie|70/100 par\n|\n|upkeep\n|turn|36\n|\n|t:|1786674005\n|cant|p2a: Starmie|par\n|move|p1a: Chansey|Seismic Toss|p2a: Starmie\n|-damage|p2a: Starmie|39/100 par\n|\n|upkeep\n|turn|37\n|\n|t:|1786674017\n|move|p2a: Starmie|Recover|p2a: Starmie\n|-heal|p2a: Starmie|88/100 par\n|move|p1a: Chansey|Seismic Toss|p2a: Starmie\n|-damage|p2a: Starmie|57/100 par\n|\n|upkeep\n|turn|38\n|\n|t:|1786674022\n|cant|p2a: Starmie|par\n|cant|p1a: Chansey|par\n|\n|upkeep\n|turn|39\n|\n|t:|1786674024\n|cant|p2a: Starmie|par\n|move|p1a: Chansey|Seismic Toss|p2a: Starmie\n|-damage|p2a: Starmie|27/100 par\n|\n|upkeep\n|turn|40\n|\n|t:|1786674026\n|move|p2a: Starmie|Recover|p2a: Starmie\n|-heal|p2a: Starmie|76/100 par\n|cant|p1a: Chansey|par\n|\n|upkeep\n|turn|41\n|\n|t:|1786674035\n|move|p2a: Starmie|Psychic|p1a: Chansey\n|-crit|p1a: Chansey\n|-damage|p1a: Chansey|38/100 par\n|cant|p1a: Chansey|par\n|\n|upkeep\n|turn|42\n|\n|t:|1786674044\n|switch|p2a: Tauros|Tauros|70/100\n|cant|p1a: Chansey|par\n|\n|upkeep\n|turn|43\n|\n|t:|1786674056\n|move|p2a: Tauros|Hyper Beam|p1a: Chansey|[miss]\n|-miss|p2a: Tauros\n|move|p1a: Chansey|Thunder Wave|p2a: Tauros\n|-status|p2a: Tauros|par\n|\n|upkeep\n|turn|44\n|inactive|Nails has 270 seconds left.\n|\n|t:|1786674088\n|switch|p1a: Exeggutor|Exeggutor|100/100\n|cant|p2a: Tauros|par\n|\n|upkeep\n|turn|45\n|inactive|Nails has 270 seconds left.\n|\n|t:|1786674123\n|switch|p2a: Jynx|Jynx|100/100 slp\n|move|p1a: Exeggutor|Psychic|p2a: Jynx\n|-resisted|p2a: Jynx\n|-damage|p2a: Jynx|83/100 slp\n|\n|upkeep\n|turn|46\n|\n|t:|1786674130\n|switch|p2a: Starmie|Starmie|76/100 par\n|switch|p1a: Chansey|Chansey|38/100 par\n|\n|upkeep\n|turn|47\n|inactive|Nails has 240 seconds left.\n|\n|t:|1786674157\n|switch|p2a: Tauros|Tauros|70/100 par\n|move|p1a: Chansey|Soft-Boiled|p1a: Chansey\n|-heal|p1a: Chansey|88/100 par\n|\n|upkeep\n|turn|48\n|\n|t:|1786674163\n|switch|p2a: Starmie|Starmie|76/100 par\n|move|p1a: Chansey|Seismic Toss|p2a: Starmie\n|-damage|p2a: Starmie|45/100 par\n|\n|upkeep\n|turn|49\n|\n|t:|1786674166\n|move|p2a: Starmie|Recover|p2a: Starmie\n|-heal|p2a: Starmie|95/100 par\n|cant|p1a: Chansey|par\n|\n|upkeep\n|turn|50\n|\n|t:|1786674172\n|move|p2a: Starmie|Psychic|p1a: Chansey\n|-crit|p1a: Chansey\n|-damage|p1a: Chansey|61/100 par\n|move|p1a: Chansey|Seismic Toss|p2a: Starmie\n|-damage|p2a: Starmie|64/100 par\n|\n|upkeep\n|turn|51\n|\n|t:|1786674176\n|move|p2a: Starmie|Recover|p2a: Starmie\n|-heal|p2a: Starmie|100/100 par\n|move|p1a: Chansey|Seismic Toss|p2a: Starmie\n|-damage|p2a: Starmie|70/100 par\n|\n|upkeep\n|turn|52\n|\n|t:|1786674190\n|move|p2a: Starmie|Recover|p2a: Starmie\n|-heal|p2a: Starmie|100/100 par\n|move|p1a: Chansey|Soft-Boiled|p1a: Chansey\n|-heal|p1a: Chansey|100/100 par\n|\n|upkeep\n|turn|53\n|\n|t:|1786674194\n|cant|p2a: Starmie|par\n|move|p1a: Chansey|Seismic Toss|p2a: Starmie\n|-damage|p2a: Starmie|70/100 par\n|\n|upkeep\n|turn|54\n|\n|t:|1786674197\n|cant|p2a: Starmie|par\n|move|p1a: Chansey|Seismic Toss|p2a: Starmie\n|-damage|p2a: Starmie|39/100 par\n|\n|upkeep\n|turn|55\n|\n|t:|1786674200\n|cant|p2a: Starmie|par\n|cant|p1a: Chansey|par\n|\n|upkeep\n|turn|56\n|\n|t:|1786674201\n|move|p2a: Starmie|Recover|p2a: Starmie\n|-heal|p2a: Starmie|88/100 par\n|cant|p1a: Chansey|par\n|\n|upkeep\n|turn|57\n|\n|t:|1786674204\n|move|p2a: Starmie|Psychic|p1a: Chansey\n|-damage|p1a: Chansey|86/100 par\n|cant|p1a: Chansey|par\n|\n|upkeep\n|turn|58\n|\n|t:|1786674208\n|move|p2a: Starmie|Psychic|p1a: Chansey\n|-damage|p1a: Chansey|71/100 par\n|cant|p1a: Chansey|par\n|\n|upkeep\n|turn|59\n|\n|t:|1786674218\n|switch|p2a: Jynx|Jynx|83/100 slp\n|move|p1a: Chansey|Seismic Toss|p2a: Jynx\n|-damage|p2a: Jynx|53/100 slp\n|\n|upkeep\n|turn|60\n|\n|t:|1786674226\n|switch|p2a: Starmie|Starmie|88/100 par\n|move|p1a: Chansey|Seismic Toss|p2a: Starmie\n|-damage|p2a: Starmie|57/100 par\n|\n|upkeep\n|turn|61\n|\n|t:|1786674229\n|cant|p2a: Starmie|par\n|cant|p1a: Chansey|par\n|\n|upkeep\n|turn|62\n|\n|t:|1786674232\n|move|p2a: Starmie|Recover|p2a: Starmie\n|-heal|p2a: Starmie|100/100 par\n|move|p1a: Chansey|Seismic Toss|p2a: Starmie\n|-damage|p2a: Starmie|70/100 par\n|\n|upkeep\n|turn|63\n|\n|t:|1786674236\n|move|p2a: Starmie|Recover|p2a: Starmie\n|-heal|p2a: Starmie|100/100 par\n|move|p1a: Chansey|Seismic Toss|p2a: Starmie\n|-damage|p2a: Starmie|70/100 par\n|\n|upkeep\n|turn|64\n|\n|t:|1786674239\n|cant|p2a: Starmie|par\n|move|p1a: Chansey|Soft-Boiled|p1a: Chansey\n|-heal|p1a: Chansey|100/100 par\n|\n|upkeep\n|turn|65\n|\n|t:|1786674242\n|move|p2a: Starmie|Recover|p2a: Starmie\n|-heal|p2a: Starmie|100/100 par\n|move|p1a: Chansey|Sing|p2a: Starmie\n|-fail|p2a: Starmie\n|\n|upkeep\n|turn|66\n|\n|t:|1786674249\n|move|p2a: Starmie|Psychic|p1a: Chansey\n|-damage|p1a: Chansey|87/100 par\n|move|p1a: Chansey|Thunder Wave|p2a: Starmie\n|-fail|p2a: Starmie|par\n|\n|upkeep\n|turn|67\n|c|☆violet river|we have reached the peak rby part of the game\n|c|☆Nails|ye\n|\n|t:|1786674277\n|cant|p2a: Starmie|par\n|cant|p1a: Chansey|par\n|\n|upkeep\n|turn|68\n|\n|t:|1786674279\n|move|p2a: Starmie|Thunder Wave|p1a: Chansey\n|-fail|p1a: Chansey|par\n|move|p1a: Chansey|Thunder Wave|p2a: Starmie\n|-fail|p2a: Starmie|par\n|\n|upkeep\n|turn|69\n|\n|t:|1786674281\n|move|p2a: Starmie|Thunder Wave|p1a: Chansey\n|-fail|p1a: Chansey|par\n|move|p1a: Chansey|Thunder Wave|p2a: Starmie\n|-fail|p2a: Starmie|par\n|\n|upkeep\n|turn|70\n|\n|t:|1786674282\n|move|p2a: Starmie|Thunder Wave|p1a: Chansey\n|-fail|p1a: Chansey|par\n|move|p1a: Chansey|Thunder Wave|p2a: Starmie\n|-fail|p2a: Starmie|par\n|\n|upkeep\n|turn|71\n|\n|t:|1786674284\n|move|p2a: Starmie|Thunder Wave|p1a: Chansey\n|-fail|p1a: Chansey|par\n|cant|p1a: Chansey|par\n|\n|upkeep\n|turn|72\n|\n|t:|1786674285\n|cant|p2a: Starmie|par\n|cant|p1a: Chansey|par\n|\n|upkeep\n|turn|73\n|\n|t:|1786674287\n|move|p2a: Starmie|Psychic|p1a: Chansey\n|-damage|p1a: Chansey|73/100 par\n|move|p1a: Chansey|Seismic Toss|p2a: Starmie\n|-damage|p2a: Starmie|70/100 par\n|\n|upkeep\n|turn|74\n|\n|t:|1786674289\n|cant|p2a: Starmie|par\n|cant|p1a: Chansey|par\n|\n|upkeep\n|turn|75\n|\n|t:|1786674291\n|cant|p2a: Starmie|par\n|move|p1a: Chansey|Soft-Boiled|p1a: Chansey\n|-heal|p1a: Chansey|100/100 par\n|\n|upkeep\n|turn|76\n|\n|t:|1786674293\n|move|p2a: Starmie|Recover|p2a: Starmie\n|-heal|p2a: Starmie|100/100 par\n|move|p1a: Chansey|Thunder Wave|p2a: Starmie\n|-fail|p2a: Starmie|par\n|\n|upkeep\n|turn|77\n|\n|t:|1786674295\n|move|p2a: Starmie|Psychic|p1a: Chansey\n|-damage|p1a: Chansey|85/100 par\n|cant|p1a: Chansey|par\n|\n|upkeep\n|turn|78\n|\n|t:|1786674299\n|cant|p2a: Starmie|par\n|move|p1a: Chansey|Thunder Wave|p2a: Starmie\n|-fail|p2a: Starmie|par\n|\n|upkeep\n|turn|79\n|\n|t:|1786674301\n|cant|p2a: Starmie|par\n|move|p1a: Chansey|Thunder Wave|p2a: Starmie\n|-fail|p2a: Starmie|par\n|\n|upkeep\n|turn|80\n|\n|t:|1786674303\n|switch|p2a: Jynx|Jynx|53/100 slp\n|move|p1a: Chansey|Thunder Wave|p2a: Jynx\n|-fail|p2a: Jynx\n|\n|upkeep\n|turn|81\n|\n|t:|1786674306\n|switch|p2a: Starmie|Starmie|100/100 par\n|move|p1a: Chansey|Thunder Wave|p2a: Starmie\n|-fail|p2a: Starmie|par\n|\n|upkeep\n|turn|82\n|\n|t:|1786674308\n|move|p2a: Starmie|Thunder Wave|p1a: Chansey\n|-fail|p1a: Chansey|par\n|cant|p1a: Chansey|par\n|\n|upkeep\n|turn|83\n|\n|t:|1786674310\n|switch|p2a: Jynx|Jynx|53/100 slp\n|move|p1a: Chansey|Thunder Wave|p2a: Jynx\n|-fail|p2a: Jynx\n|\n|upkeep\n|turn|84\n|\n|t:|1786674312\n|switch|p2a: Starmie|Starmie|100/100 par\n|move|p1a: Chansey|Thunder Wave|p2a: Starmie\n|-fail|p2a: Starmie|par\n|\n|upkeep\n|turn|85\n|\n|t:|1786674314\n|move|p2a: Starmie|Thunder Wave|p1a: Chansey\n|-fail|p1a: Chansey|par\n|move|p1a: Chansey|Thunder Wave|p2a: Starmie\n|-fail|p2a: Starmie|par\n|\n|upkeep\n|turn|86\n|\n|t:|1786674317\n|move|p2a: Starmie|Psychic|p1a: Chansey\n|-damage|p1a: Chansey|71/100 par\n|-unboost|p1a: Chansey|spa|1\n|-unboost|p1a: Chansey|spd|1\n|move|p1a: Chansey|Thunder Wave|p2a: Starmie\n|-fail|p2a: Starmie|par\n|\n|upkeep\n|turn|87\n|\n|t:|1786674328\n|switch|p2a: Jynx|Jynx|53/100 slp\n|move|p1a: Chansey|Seismic Toss|p2a: Jynx\n|-damage|p2a: Jynx|23/100 slp\n|\n|upkeep\n|turn|88\n|\n|t:|1786674334\n|switch|p2a: Starmie|Starmie|100/100 par\n|move|p1a: Chansey|Soft-Boiled|p1a: Chansey\n|-heal|p1a: Chansey|100/100 par\n|\n|upkeep\n|turn|89\n|\n|t:|1786674342\n|move|p2a: Starmie|Psychic|p1a: Chansey\n|-damage|p1a: Chansey|79/100 par\n|move|p1a: Chansey|Thunder Wave|p2a: Starmie\n|-fail|p2a: Starmie|par\n|\n|upkeep\n|turn|90\n|\n|t:|1786674350\n|move|p2a: Starmie|Thunder Wave|p1a: Chansey\n|-fail|p1a: Chansey|par\n|move|p1a: Chansey|Thunder Wave|p2a: Starmie\n|-fail|p2a: Starmie|par\n|\n|upkeep\n|turn|91\n|\n|t:|1786674352\n|move|p2a: Starmie|Thunder Wave|p1a: Chansey\n|-fail|p1a: Chansey|par\n|move|p1a: Chansey|Seismic Toss|p2a: Starmie\n|-damage|p2a: Starmie|70/100 par\n|\n|upkeep\n|turn|92\n|\n|t:|1786674355\n|move|p2a: Starmie|Thunder Wave|p1a: Chansey\n|-fail|p1a: Chansey|par\n|move|p1a: Chansey|Seismic Toss|p2a: Starmie\n|-damage|p2a: Starmie|39/100 par\n|\n|upkeep\n|turn|93\n|\n|t:|1786674363\n|move|p2a: Starmie|Thunder Wave|p1a: Chansey\n|-fail|p1a: Chansey|par\n|cant|p1a: Chansey|par\n|\n|upkeep\n|turn|94\n|\n|t:|1786674367\n|move|p2a: Starmie|Recover|p2a: Starmie\n|-heal|p2a: Starmie|88/100 par\n|move|p1a: Chansey|Seismic Toss|p2a: Starmie\n|-damage|p2a: Starmie|57/100 par\n|\n|upkeep\n|turn|95\n|\n|t:|1786674373\n|cant|p2a: Starmie|par\n|move|p1a: Chansey|Thunder Wave|p2a: Starmie\n|-fail|p2a: Starmie|par\n|\n|upkeep\n|turn|96\n|\n|t:|1786674375\n|move|p2a: Starmie|Recover|p2a: Starmie\n|-heal|p2a: Starmie|100/100 par\n|cant|p1a: Chansey|par\n|\n|upkeep\n|turn|97\n|\n|t:|1786674380\n|move|p2a: Starmie|Thunder Wave|p1a: Chansey\n|-fail|p1a: Chansey|par\n|move|p1a: Chansey|Soft-Boiled|p1a: Chansey\n|-heal|p1a: Chansey|100/100 par\n|\n|upkeep\n|turn|98\n|\n|t:|1786674385\n|switch|p2a: Jynx|Jynx|23/100 slp\n|move|p1a: Chansey|Thunder Wave|p2a: Jynx\n|-fail|p2a: Jynx\n|\n|upkeep\n|turn|99\n|\n|t:|1786674390\n|cant|p2a: Jynx|slp\n|move|p1a: Chansey|Thunder Wave|p2a: Jynx\n|-fail|p2a: Jynx\n|\n|upkeep\n|turn|100\n|\n|t:|1786674392\n|switch|p2a: Starmie|Starmie|100/100 par\n|move|p1a: Chansey|Sing|p2a: Starmie|[miss]\n|-miss|p1a: Chansey\n|\n|upkeep\n|turn|101\n|\n|t:|1786674398\n|move|p2a: Starmie|Thunder Wave|p1a: Chansey\n|-fail|p1a: Chansey|par\n|move|p1a: Chansey|Sing|p2a: Starmie\n|-fail|p2a: Starmie\n|\n|upkeep\n|turn|102\n|\n|t:|1786674400\n|move|p2a: Starmie|Thunder Wave|p1a: Chansey\n|-fail|p1a: Chansey|par\n|cant|p1a: Chansey|par\n|\n|upkeep\n|turn|103\n|\n|t:|1786674403\n|cant|p2a: Starmie|par\n|move|p1a: Chansey|Sing|p2a: Starmie|[miss]\n|-miss|p1a: Chansey\n|\n|upkeep\n|turn|104\n|\n|t:|1786674405\n|switch|p2a: Jynx|Jynx|23/100 slp\n|move|p1a: Chansey|Sing|p2a: Jynx\n|-fail|p2a: Jynx|slp\n|\n|upkeep\n|turn|105\n|\n|t:|1786674407\n|switch|p2a: Starmie|Starmie|100/100 par\n|move|p1a: Chansey|Sing|p2a: Starmie|[miss]\n|-miss|p1a: Chansey\n|\n|upkeep\n|turn|106\n|\n|t:|1786674410\n|move|p2a: Starmie|Thunder Wave|p1a: Chansey\n|-fail|p1a: Chansey|par\n|cant|p1a: Chansey|par\n|\n|upkeep\n|turn|107\n|\n|t:|1786674413\n|move|p2a: Starmie|Thunder Wave|p1a: Chansey\n|-fail|p1a: Chansey|par\n|move|p1a: Chansey|Seismic Toss|p2a: Starmie\n|-damage|p2a: Starmie|70/100 par\n|\n|upkeep\n|turn|108\n|\n|t:|1786674417\n|move|p2a: Starmie|Recover|p2a: Starmie\n|-heal|p2a: Starmie|100/100 par\n|move|p1a: Chansey|Sing|p2a: Starmie\n|-fail|p2a: Starmie\n|\n|upkeep\n|turn|109\n|\n|t:|1786674420\n|cant|p2a: Starmie|par\n|move|p1a: Chansey|Sing|p2a: Starmie\n|-fail|p2a: Starmie\n|\n|upkeep\n|turn|110\n|\n|t:|1786674422\n|switch|p2a: Jynx|Jynx|23/100 slp\n|move|p1a: Chansey|Sing|p2a: Jynx\n|-fail|p2a: Jynx|slp\n|\n|upkeep\n|turn|111\n|\n|t:|1786674425\n|switch|p2a: Starmie|Starmie|100/100 par\n|cant|p1a: Chansey|par\n|\n|upkeep\n|turn|112\n|\n|t:|1786674432\n|cant|p2a: Starmie|par\n|move|p1a: Chansey|Sing|p2a: Starmie|[miss]\n|-miss|p1a: Chansey\n|\n|upkeep\n|turn|113\n|\n|t:|1786674435\n|cant|p2a: Starmie|par\n|move|p1a: Chansey|Thunder Wave|p2a: Starmie\n|-fail|p2a: Starmie|par\n|\n|upkeep\n|turn|114\n|\n|t:|1786674436\n|move|p2a: Starmie|Thunder Wave|p1a: Chansey\n|-fail|p1a: Chansey|par\n|move|p1a: Chansey|Thunder Wave|p2a: Starmie\n|-fail|p2a: Starmie|par\n|\n|upkeep\n|turn|115\n|\n|t:|1786674438\n|switch|p2a: Jynx|Jynx|23/100 slp\n|cant|p1a: Chansey|par\n|\n|upkeep\n|turn|116\n|\n|t:|1786674442\n|cant|p2a: Jynx|slp\n|cant|p1a: Chansey|par\n|\n|upkeep\n|turn|117\n|\n|t:|1786674445\n|switch|p2a: Starmie|Starmie|100/100 par\n|move|p1a: Chansey|Thunder Wave|p2a: Starmie\n|-fail|p2a: Starmie|par\n|\n|upkeep\n|turn|118\n|\n|t:|1786674449\n|switch|p2a: Jynx|Jynx|23/100 slp\n|cant|p1a: Chansey|par\n|\n|upkeep\n|turn|119\n|\n|t:|1786674451\n|switch|p2a: Starmie|Starmie|100/100 par\n|move|p1a: Chansey|Sing|p2a: Starmie\n|-fail|p2a: Starmie\n|\n|upkeep\n|turn|120\n|\n|t:|1786674454\n|move|p2a: Starmie|Thunder Wave|p1a: Chansey\n|-fail|p1a: Chansey|par\n|move|p1a: Chansey|Thunder Wave|p2a: Starmie\n|-fail|p2a: Starmie|par\n|\n|upkeep\n|turn|121\n|\n|t:|1786674456\n|move|p2a: Starmie|Thunder Wave|p1a: Chansey\n|-fail|p1a: Chansey|par\n|move|p1a: Chansey|Thunder Wave|p2a: Starmie\n|-fail|p2a: Starmie|par\n|\n|upkeep\n|turn|122\n|\n|t:|1786674458\n|switch|p2a: Jynx|Jynx|23/100 slp\n|move|p1a: Chansey|Thunder Wave|p2a: Jynx\n|-fail|p2a: Jynx\n|\n|upkeep\n|turn|123\n|\n|t:|1786674460\n|-curestatus|p2a: Jynx|slp|[msg]\n|cant|p1a: Chansey|par\n|\n|upkeep\n|turn|124\n|inactive|Nails has 270 seconds left.\n|\n|t:|1786674504\n|switch|p2a: Starmie|Starmie|100/100 par\n|move|p1a: Chansey|Sing|p2a: Starmie\n|-fail|p2a: Starmie\n|\n|upkeep\n|turn|125\n|\n|t:|1786674526\n|move|p2a: Starmie|Recover|p2a: Starmie\n|-fail|p2a: Starmie\n|move|p1a: Chansey|Sing|p2a: Starmie\n|-fail|p2a: Starmie\n|\n|upkeep\n|turn|126\n|\n|t:|1786674532\n|move|p2a: Starmie|Psychic|p1a: Chansey\n|-crit|p1a: Chansey\n|-damage|p1a: Chansey|71/100 par\n|move|p1a: Chansey|Sing|p2a: Starmie\n|-fail|p2a: Starmie\n|\n|upkeep\n|turn|127\n|\n|t:|1786674542\n|switch|p2a: Tauros|Tauros|70/100 par\n|move|p1a: Chansey|Seismic Toss|p2a: Tauros\n|-damage|p2a: Tauros|42/100 par\n|\n|upkeep\n|turn|128\n|\n|t:|1786674550\n|switch|p1a: Exeggutor|Exeggutor|100/100\n|move|p2a: Tauros|Body Slam|p1a: Exeggutor\n|-damage|p1a: Exeggutor|70/100\n|\n|upkeep\n|turn|129\n|inactive|Nails has 270 seconds left.\n|inactive|Nails has 240 seconds left.\n|\n|t:|1786674608\n|switch|p2a: Starmie|Starmie|100/100 par\n|move|p1a: Exeggutor|Psychic|p2a: Starmie\n|-resisted|p2a: Starmie\n|-damage|p2a: Starmie|81/100 par\n|\n|upkeep\n|turn|130\n|\n|t:|1786674613\n|switch|p2a: Tauros|Tauros|42/100 par\n|move|p1a: Exeggutor|Explosion|p2a: Tauros\n|-damage|p2a: Tauros|0 fnt\n|faint|p2a: Tauros\n|faint|p1a: Exeggutor\n|inactive|Nails has 210 seconds left.\n|\n|t:|1786674663\n|switch|p1a: Tauros|Tauros|47/100\n|switch|p2a: Starmie|Starmie|81/100 par\n|turn|131\n|inactive|Nails has 180 seconds left.\n|inactive|violet river has 270 seconds left.\n|\n|t:|1786674708\n|switch|p1a: Chansey|Chansey|71/100 par\n|switch|p2a: Jynx|Jynx|23/100\n|\n|upkeep\n|turn|132\n|inactive|Nails has 180 seconds left.\n|\n|t:|1786674718\n|move|p2a: Jynx|Psychic|p1a: Chansey\n|-damage|p1a: Chansey|57/100 par\n|move|p1a: Chansey|Seismic Toss|p2a: Jynx\n|-damage|p2a: Jynx|0 fnt\n|faint|p2a: Jynx\n|inactive|Nails has 180 seconds left.\n|\n|t:|1786674728\n|switch|p2a: Zapdos|Zapdos|8/100\n|turn|133\n|inactive|violet river has 270 seconds left.\n|inactive|Nails has 180 seconds left.\n|inactive|violet river has 240 seconds left.\n|inactive|Nails has 150 seconds left.\n|inactive|violet river has 210 seconds left.\n|\n|t:|1786674837\n|move|p2a: Zapdos|Drill Peck|p1a: Chansey\n|-crit|p1a: Chansey\n|-damage|p1a: Chansey|0 fnt\n|faint|p1a: Chansey\n|\n|t:|1786674839\n|switch|p1a: Tauros|Tauros|47/100\n|turn|134\n|c|☆violet river|ok gg\n|\n|t:|1786674846\n|move|p1a: Tauros|Body Slam|p2a: Zapdos\n|-damage|p2a: Zapdos|0 fnt\n|faint|p2a: Zapdos\n|\n|t:|1786674847\n|switch|p2a: Starmie|Starmie|81/100 par\n|turn|135\n|\n|t:|1786674849\n|move|p1a: Tauros|Body Slam|p2a: Starmie\n|-damage|p2a: Starmie|49/100 par\n|move|p2a: Starmie|Thunder Wave|p1a: Tauros\n|-status|p1a: Tauros|par\n|\n|upkeep\n|turn|136\n|inactive|Nails has 180 seconds left.\n|\n|t:|1786674855\n|move|p2a: Starmie|Recover|p2a: Starmie\n|-heal|p2a: Starmie|99/100 par\n|move|p1a: Tauros|Body Slam|p2a: Starmie\n|-crit|p2a: Starmie\n|-damage|p2a: Starmie|30/100 par\n|\n|upkeep\n|turn|137\n|\n|t:|1786674857\n|move|p2a: Starmie|Recover|p2a: Starmie\n|-heal|p2a: Starmie|80/100 par\n|move|p1a: Tauros|Body Slam|p2a: Starmie\n|-damage|p2a: Starmie|46/100 par\n|\n|upkeep\n|turn|138\n|\n|t:|1786674860\n|move|p2a: Starmie|Recover|p2a: Starmie\n|-heal|p2a: Starmie|96/100 par\n|cant|p1a: Tauros|par\n|\n|upkeep\n|turn|139\n|\n|t:|1786674864\n|move|p2a: Starmie|Psychic|p1a: Tauros\n|-damage|p1a: Tauros|12/100 par\n|move|p1a: Tauros|Hyper Beam|p2a: Starmie\n|-damage|p2a: Starmie|33/100 par\n|-mustrecharge|p1a: Tauros\n|\n|upkeep\n|turn|140\n|\n|t:|1786674867\n|move|p2a: Starmie|Blizzard|p1a: Tauros\n|-crit|p1a: Tauros\n|-damage|p1a: Tauros|0 fnt\n|faint|p1a: Tauros\n|\n|win|Nails\n|c|☆Nails|ggs\n|c|☆violet river|gamez\n","uploadtime":1786674867,"views":"127","formatid":"gen1ou","rating":null,"private":0,"password":null}