{"id":"smogtours-gen1ou-956852","format":"[Gen 1] OU","players":["Ulti Bastion","oligen1"],"log":"|inactive|Battle timer is ON: inactive players will automatically lose when time's up.\n|t:|1784380478\n|gametype|singles\n|player|p1|Ulti Bastion|#rbyplvisaffronhaymakers|\n|player|p2|oligen1|blue-gen1rbtwo|\n|gen|1\n|tier|[Gen 1] OU\n|rule|Desync Clause Mod: Desyncs resolve to link battle behavior from the acting player's perspective.\n|rule|HP Percentage Mod: HP is shown in percentages\n|rule|Endless Battle Clause: Forcing endless battles is banned\n|rule|Sleep Clause Mod: Limit one foe put to sleep\n|rule|Freeze Clause Mod: Limit one foe frozen\n|rule|Species Clause: Limit one of each Pokémon\n|rule|OHKO Clause: OHKO moves are banned\n|rule|Evasion Moves Clause: Evasion moves are banned\n|\n|t:|1784380478\n|teamsize|p1|6\n|teamsize|p2|6\n|start\n|switch|p1a: Red Velvet|Jynx|100/100\n|switch|p2a: Alakazam|Alakazam|100/100\n|turn|1\n|c|☆oligen1|Enjoy :-)\n|c|☆Ulti Bastion|Hf \n|\n|t:|1784380493\n|move|p2a: Alakazam|Thunder Wave|p1a: Red Velvet\n|-status|p1a: Red Velvet|par\n|move|p1a: Red Velvet|Lovely Kiss|p2a: Alakazam|[miss]\n|-miss|p1a: Red Velvet\n|\n|upkeep\n|turn|2\n|\n|t:|1784380498\n|move|p2a: Alakazam|Seismic Toss|p1a: Red Velvet\n|-damage|p1a: Red Velvet|70/100 par\n|move|p1a: Red Velvet|Lovely Kiss|p2a: Alakazam|[miss]\n|-miss|p1a: Red Velvet\n|\n|upkeep\n|turn|3\n|\n|t:|1784380503\n|move|p2a: Alakazam|Seismic Toss|p1a: Red Velvet\n|-damage|p1a: Red Velvet|40/100 par\n|cant|p1a: Red Velvet|par\n|\n|upkeep\n|turn|4\n|\n|t:|1784380508\n|move|p2a: Alakazam|Seismic Toss|p1a: Red Velvet\n|-damage|p1a: Red Velvet|10/100 par\n|move|p1a: Red Velvet|Rest|p1a: Red Velvet\n|-status|p1a: Red Velvet|slp|[from] move: Rest\n|-heal|p1a: Red Velvet|100/100 slp|[silent]\n|\n|upkeep\n|turn|5\n|\n|t:|1784380522\n|move|p2a: Alakazam|Seismic Toss|p1a: Red Velvet\n|-damage|p1a: Red Velvet|70/100 slp\n|cant|p1a: Red Velvet|slp\n|\n|upkeep\n|turn|6\n|\n|t:|1784380529\n|move|p2a: Alakazam|Seismic Toss|p1a: Red Velvet\n|-damage|p1a: Red Velvet|40/100 slp\n|-curestatus|p1a: Red Velvet|slp|[msg]\n|\n|upkeep\n|turn|7\n|\n|t:|1784380534\n|move|p2a: Alakazam|Thunder Wave|p1a: Red Velvet\n|-status|p1a: Red Velvet|par\n|move|p1a: Red Velvet|Lovely Kiss|p2a: Alakazam\n|-status|p2a: Alakazam|slp|[from] move: Lovely Kiss\n|\n|upkeep\n|turn|8\n|\n|t:|1784380554\n|switch|p2a: Snorlax|Snorlax|100/100\n|move|p1a: Red Velvet|Blizzard|p2a: Snorlax\n|-crit|p2a: Snorlax\n|-damage|p2a: Snorlax|33/100\n|\n|upkeep\n|turn|9\n|inactive|Ulti Bastion has 270 seconds left.\n|\n|t:|1784380605\n|switch|p1a: THE COLUSSUS|Snorlax|100/100\n|move|p2a: Snorlax|Body Slam|p1a: THE COLUSSUS\n|-crit|p1a: THE COLUSSUS\n|-damage|p1a: THE COLUSSUS|47/100\n|\n|upkeep\n|turn|10\n|\n|t:|1784380615\n|switch|p2a: Cloyster|Cloyster|100/100\n|move|p1a: THE COLUSSUS|Body Slam|p2a: Cloyster\n|-damage|p2a: Cloyster|79/100\n|\n|upkeep\n|turn|11\n|\n|t:|1784380622\n|switch|p1a: Mistery|Starmie|100/100\n|move|p2a: Cloyster|Clamp|p1a: Mistery\n|-crit|p1a: Mistery\n|-resisted|p1a: Mistery\n|-damage|p1a: Mistery|89/100\n|\n|upkeep\n|turn|12\n|\n|t:|1784380633\n|switch|p1a: A Padeira|Chansey|100/100\n|move|p2a: Cloyster|Clamp|p1a: A Padeira\n|-damage|p1a: A Padeira|95/100\n|\n|upkeep\n|turn|13\n|\n|t:|1784380642\n|switch|p2a: Chansey|Chansey|100/100\n|switch|p1a: Mistery|Starmie|89/100\n|\n|upkeep\n|turn|14\n|\n|t:|1784380658\n|switch|p1a: A Padeira|Chansey|95/100\n|move|p2a: Chansey|Ice Beam|p1a: A Padeira\n|-damage|p1a: A Padeira|85/100\n|\n|upkeep\n|turn|15\n|\n|t:|1784380666\n|move|p1a: A Padeira|Thunder Wave|p2a: Chansey\n|-status|p2a: Chansey|par\n|move|p2a: Chansey|Ice Beam|p1a: A Padeira\n|-damage|p1a: A Padeira|75/100\n|\n|upkeep\n|turn|16\n|\n|t:|1784380679\n|switch|p1a: THE COLUSSUS|Snorlax|47/100\n|switch|p2a: Cloyster|Cloyster|79/100\n|\n|upkeep\n|turn|17\n|inactive|Ulti Bastion has 270 seconds left.\n|inactive|Ulti Bastion has 240 seconds left.\n|\n|t:|1784380741\n|switch|p1a: Mistery|Starmie|89/100\n|move|p2a: Cloyster|Blizzard|p1a: Mistery\n|-resisted|p1a: Mistery\n|-damage|p1a: Mistery|69/100\n|\n|upkeep\n|turn|18\n|\n|t:|1784380749\n|switch|p2a: Chansey|Chansey|100/100 par\n|move|p1a: Mistery|Recover|p1a: Mistery\n|-heal|p1a: Mistery|100/100\n|\n|upkeep\n|turn|19\n|\n|t:|1784380757\n|switch|p1a: THE COLUSSUS|Snorlax|47/100\n|move|p2a: Chansey|Ice Beam|p1a: THE COLUSSUS\n|-damage|p1a: THE COLUSSUS|28/100\n|\n|upkeep\n|turn|20\n|inactive|Ulti Bastion has 240 seconds left.\n|\n|t:|1784380766\n|switch|p2a: Alakazam|Alakazam|100/100 slp\n|move|p1a: THE COLUSSUS|Body Slam|p2a: Alakazam\n|-damage|p2a: Alakazam|43/100 slp\n|\n|upkeep\n|turn|21\n|\n|t:|1784380771\n|switch|p2a: Cloyster|Cloyster|79/100\n|move|p1a: THE COLUSSUS|Body Slam|p2a: Cloyster\n|-damage|p2a: Cloyster|56/100\n|\n|upkeep\n|turn|22\n|\n|t:|1784380780\n|switch|p1a: Mistery|Starmie|100/100\n|move|p2a: Cloyster|Blizzard|p1a: Mistery\n|-resisted|p1a: Mistery\n|-damage|p1a: Mistery|80/100\n|\n|upkeep\n|turn|23\n|\n|t:|1784380789\n|switch|p1a: THE COLUSSUS|Snorlax|28/100\n|move|p2a: Cloyster|Blizzard|p1a: THE COLUSSUS|[miss]\n|-miss|p2a: Cloyster\n|\n|upkeep\n|turn|24\n|\n|t:|1784380812\n|switch|p1a: Red Velvet|Jynx|40/100 par\n|move|p2a: Cloyster|Blizzard|p1a: Red Velvet|[miss]\n|-miss|p2a: Cloyster\n|\n|upkeep\n|turn|25\n|\n|t:|1784380823\n|switch|p1a: Mistery|Starmie|80/100\n|move|p2a: Cloyster|Clamp|p1a: Mistery\n|-resisted|p1a: Mistery\n|-damage|p1a: Mistery|74/100\n|\n|upkeep\n|turn|26\n|\n|t:|1784380831\n|switch|p2a: Exeggutor|Exeggutor|100/100\n|\n|upkeep\n|turn|27\n|\n|t:|1784380859\n|move|p1a: Mistery|Thunder Wave|p2a: Exeggutor\n|-status|p2a: Exeggutor|par\n|move|p2a: Exeggutor|Sleep Powder|p1a: Mistery\n|-status|p1a: Mistery|slp|[from] move: Sleep Powder\n|\n|upkeep\n|turn|28\n|\n|t:|1784380866\n|switch|p2a: Tauros|Tauros|100/100\n|-curestatus|p1a: Mistery|slp|[msg]\n|\n|upkeep\n|turn|29\n|\n|t:|1784380876\n|switch|p1a: THE COLUSSUS|Snorlax|28/100\n|switch|p2a: Chansey|Chansey|100/100 par\n|\n|upkeep\n|turn|30\n|\n|t:|1784380886\n|switch|p2a: Cloyster|Cloyster|56/100\n|move|p1a: THE COLUSSUS|Body Slam|p2a: Cloyster\n|-damage|p2a: Cloyster|32/100\n|\n|upkeep\n|turn|31\n|inactive|Ulti Bastion has 240 seconds left.\n|inactive|Ulti Bastion has 210 seconds left.\n|\n|t:|1784380943\n|switch|p1a: Mistery|Starmie|74/100\n|move|p2a: Cloyster|Rest|p2a: Cloyster\n|-status|p2a: Cloyster|slp|[from] move: Rest\n|-heal|p2a: Cloyster|100/100 slp|[silent]\n|\n|upkeep\n|turn|32\n|\n|t:|1784380951\n|switch|p2a: Chansey|Chansey|100/100 par\n|move|p1a: Mistery|Recover|p1a: Mistery\n|-heal|p1a: Mistery|100/100\n|\n|upkeep\n|turn|33\n|\n|t:|1784380956\n|switch|p1a: THE COLUSSUS|Snorlax|28/100\n|cant|p2a: Chansey|par\n|\n|upkeep\n|turn|34\n|\n|t:|1784380969\n|move|p1a: THE COLUSSUS|Body Slam|p2a: Chansey\n|-damage|p2a: Chansey|56/100 par\n|move|p2a: Chansey|Counter|p1a: THE COLUSSUS\n|-damage|p1a: THE COLUSSUS|0 fnt\n|faint|p1a: THE COLUSSUS\n|\n|t:|1784380976\n|switch|p1a: Almighty Bull|Tauros|100/100\n|turn|35\n|\n|t:|1784380993\n|switch|p2a: Alakazam|Alakazam|43/100 slp\n|move|p1a: Almighty Bull|Body Slam|p2a: Alakazam\n|-damage|p2a: Alakazam|0 fnt\n|faint|p2a: Alakazam\n|\n|t:|1784380998\n|switch|p2a: Exeggutor|Exeggutor|100/100 par\n|turn|36\n|inactive|Ulti Bastion has 240 seconds left.\n|\n|t:|1784381019\n|switch|p1a: Red Velvet|Jynx|40/100 par\n|move|p2a: Exeggutor|Psychic|p1a: Red Velvet\n|-resisted|p1a: Red Velvet\n|-damage|p1a: Red Velvet|21/100 par\n|-unboost|p1a: Red Velvet|spa|1\n|-unboost|p1a: Red Velvet|spd|1\n|\n|upkeep\n|turn|37\n|\n|t:|1784381035\n|switch|p1a: Green Illusionist|Exeggutor|100/100\n|cant|p2a: Exeggutor|par\n|\n|upkeep\n|turn|38\n|\n|t:|1784381041\n|switch|p1a: Red Velvet|Jynx|21/100 par\n|move|p2a: Exeggutor|Sleep Powder|p1a: Red Velvet\n|-fail|p1a: Red Velvet\n|\n|upkeep\n|turn|39\n|\n|t:|1784381062\n|switch|p2a: Chansey|Chansey|56/100 par\n|move|p1a: Red Velvet|Blizzard|p2a: Chansey\n|-damage|p2a: Chansey|39/100 par\n|\n|upkeep\n|turn|40\n|inactive|Ulti Bastion has 210 seconds left.\n|inactive|Ulti Bastion has 180 seconds left.\n|inactive|Ulti Bastion has 150 seconds left.\n|\n|t:|1784381145\n|move|p1a: Red Velvet|Rest|p1a: Red Velvet\n|-status|p1a: Red Velvet|slp|[from] move: Rest\n|-heal|p1a: Red Velvet|100/100 slp|[silent]\n|move|p2a: Chansey|Soft-Boiled|p2a: Chansey\n|-heal|p2a: Chansey|89/100 par\n|\n|upkeep\n|turn|41\n|\n|t:|1784381153\n|switch|p2a: Tauros|Tauros|100/100\n|cant|p1a: Red Velvet|slp\n|\n|upkeep\n|turn|42\n|\n|t:|1784381167\n|switch|p1a: Mistery|Starmie|100/100\n|move|p2a: Tauros|Blizzard|p1a: Mistery\n|-resisted|p1a: Mistery\n|-damage|p1a: Mistery|89/100\n|-status|p1a: Mistery|frz\n|\n|upkeep\n|turn|43\n|\n|t:|1784381183\n|cant|p1a: Mistery|frz\n|move|p2a: Tauros|Body Slam|p1a: Mistery\n|-damage|p1a: Mistery|54/100 frz\n|\n|upkeep\n|turn|44\n|\n|t:|1784381191\n|switch|p2a: Cloyster|Cloyster|100/100 slp\n|cant|p1a: Mistery|frz\n|\n|upkeep\n|turn|45\n|\n|t:|1784381196\n|switch|p1a: Almighty Bull|Tauros|100/100\n|cant|p2a: Cloyster|slp\n|\n|upkeep\n|turn|46\n|\n|t:|1784381201\n|move|p1a: Almighty Bull|Thunderbolt|p2a: Cloyster\n|-crit|p2a: Cloyster\n|-supereffective|p2a: Cloyster\n|-damage|p2a: Cloyster|17/100 slp\n|-curestatus|p2a: Cloyster|slp|[msg]\n|\n|upkeep\n|turn|47\n|inactive|oligen1 has 270 seconds left.\n|\n|t:|1784381255\n|move|p1a: Almighty Bull|Body Slam|p2a: Cloyster\n|-crit|p2a: Cloyster\n|-damage|p2a: Cloyster|0 fnt\n|faint|p2a: Cloyster\n|\n|t:|1784381261\n|switch|p2a: Exeggutor|Exeggutor|100/100 par\n|turn|48\n|inactive|Ulti Bastion has 210 seconds left.\n|\n|t:|1784381285\n|switch|p1a: Red Velvet|Jynx|100/100 slp\n|move|p2a: Exeggutor|Psychic|p1a: Red Velvet\n|-resisted|p1a: Red Velvet\n|-damage|p1a: Red Velvet|82/100 slp\n|-unboost|p1a: Red Velvet|spa|1\n|-unboost|p1a: Red Velvet|spd|1\n|\n|upkeep\n|turn|49\n|\n|t:|1784381298\n|-curestatus|p1a: Red Velvet|slp|[msg]\n|move|p2a: Exeggutor|Sleep Powder|p1a: Red Velvet\n|-status|p1a: Red Velvet|slp|[from] move: Sleep Powder\n|\n|upkeep\n|turn|50\n|inactive|Ulti Bastion has 210 seconds left.\n|\n|t:|1784381312\n|switch|p1a: Green Illusionist|Exeggutor|100/100\n|move|p2a: Exeggutor|Stun Spore|p1a: Green Illusionist|[miss]\n|-miss|p2a: Exeggutor\n|\n|upkeep\n|turn|51\n|inactive|oligen1 has 270 seconds left.\n|\n|t:|1784381318\n|switch|p1a: Red Velvet|Jynx|82/100 slp\n|move|p2a: Exeggutor|Stun Spore|p1a: Red Velvet\n|-fail|p1a: Red Velvet\n|\n|upkeep\n|turn|52\n|\n|t:|1784381324\n|switch|p1a: A Padeira|Chansey|75/100\n|move|p2a: Exeggutor|Psychic|p1a: A Padeira\n|-damage|p1a: A Padeira|58/100\n|\n|upkeep\n|turn|53\n|\n|t:|1784381342\n|switch|p2a: Chansey|Chansey|89/100 par\n|move|p1a: A Padeira|Ice Beam|p2a: Chansey\n|-damage|p2a: Chansey|78/100 par\n|\n|upkeep\n|turn|54\n|\n|t:|1784381349\n|move|p1a: A Padeira|Ice Beam|p2a: Chansey\n|-damage|p2a: Chansey|67/100 par\n|move|p2a: Chansey|Thunder Wave|p1a: A Padeira\n|-status|p1a: A Padeira|par\n|\n|upkeep\n|turn|55\n|\n|t:|1784381355\n|move|p2a: Chansey|Soft-Boiled|p2a: Chansey\n|-heal|p2a: Chansey|100/100 par\n|cant|p1a: A Padeira|par\n|\n|upkeep\n|turn|56\n|\n|t:|1784381360\n|move|p1a: A Padeira|Thunder Wave|p2a: Chansey\n|-fail|p2a: Chansey|par\n|move|p2a: Chansey|Ice Beam|p1a: A Padeira\n|-damage|p1a: A Padeira|48/100 par\n|\n|upkeep\n|turn|57\n|inactive|Ulti Bastion has 240 seconds left.\n|\n|t:|1784381370\n|switch|p2a: Snorlax|Snorlax|33/100\n|cant|p1a: A Padeira|par\n|\n|upkeep\n|turn|58\n|inactive|Ulti Bastion has 240 seconds left.\n|\n|t:|1784381382\n|move|p2a: Snorlax|Rest|p2a: Snorlax\n|-status|p2a: Snorlax|slp|[from] move: Rest\n|-heal|p2a: Snorlax|100/100 slp|[silent]\n|cant|p1a: A Padeira|par\n|\n|upkeep\n|turn|59\n|\n|t:|1784381388\n|cant|p2a: Snorlax|slp\n|move|p1a: A Padeira|Soft-Boiled|p1a: A Padeira\n|-heal|p1a: A Padeira|98/100 par\n|\n|upkeep\n|turn|60\n|\n|t:|1784381392\n|-curestatus|p2a: Snorlax|slp|[msg]\n|move|p1a: A Padeira|Thunder Wave|p2a: Snorlax\n|-status|p2a: Snorlax|par\n|\n|upkeep\n|turn|61\n|\n|t:|1784381398\n|cant|p1a: A Padeira|par\n|move|p2a: Snorlax|Earthquake|p1a: A Padeira\n|-crit|p1a: A Padeira\n|-damage|p1a: A Padeira|31/100 par\n|\n|upkeep\n|turn|62\n|\n|t:|1784381402\n|move|p1a: A Padeira|Soft-Boiled|p1a: A Padeira\n|-heal|p1a: A Padeira|81/100 par\n|move|p2a: Snorlax|Body Slam|p1a: A Padeira\n|-damage|p1a: A Padeira|39/100 par\n|\n|upkeep\n|turn|63\n|\n|t:|1784381410\n|move|p1a: A Padeira|Soft-Boiled|p1a: A Padeira\n|-heal|p1a: A Padeira|89/100 par\n|move|p2a: Snorlax|Earthquake|p1a: A Padeira\n|-damage|p1a: A Padeira|55/100 par\n|\n|upkeep\n|turn|64\n|\n|t:|1784381416\n|move|p1a: A Padeira|Soft-Boiled|p1a: A Padeira\n|-heal|p1a: A Padeira|100/100 par\n|move|p2a: Snorlax|Earthquake|p1a: A Padeira\n|-damage|p1a: A Padeira|68/100 par\n|\n|upkeep\n|turn|65\n|\n|t:|1784381425\n|cant|p1a: A Padeira|par\n|move|p2a: Snorlax|Earthquake|p1a: A Padeira\n|-damage|p1a: A Padeira|36/100 par\n|\n|upkeep\n|turn|66\n|\n|t:|1784381429\n|move|p1a: A Padeira|Soft-Boiled|p1a: A Padeira\n|-heal|p1a: A Padeira|86/100 par\n|move|p2a: Snorlax|Body Slam|p1a: A Padeira\n|-damage|p1a: A Padeira|44/100 par\n|\n|upkeep\n|turn|67\n|\n|t:|1784381435\n|move|p1a: A Padeira|Soft-Boiled|p1a: A Padeira\n|-heal|p1a: A Padeira|94/100 par\n|move|p2a: Snorlax|Earthquake|p1a: A Padeira\n|-damage|p1a: A Padeira|63/100 par\n|\n|upkeep\n|turn|68\n|\n|t:|1784381443\n|move|p1a: A Padeira|Soft-Boiled|p1a: A Padeira\n|-heal|p1a: A Padeira|100/100 par\n|cant|p2a: Snorlax|par\n|\n|upkeep\n|turn|69\n|\n|t:|1784381454\n|switch|p1a: Green Illusionist|Exeggutor|100/100\n|move|p2a: Snorlax|Earthquake|p1a: Green Illusionist\n|-resisted|p1a: Green Illusionist\n|-damage|p1a: Green Illusionist|88/100\n|\n|upkeep\n|turn|70\n|\n|t:|1784381462\n|switch|p2a: Exeggutor|Exeggutor|100/100 par\n|move|p1a: Green Illusionist|Psychic|p2a: Exeggutor\n|-resisted|p2a: Exeggutor\n|-damage|p2a: Exeggutor|87/100 par\n|\n|upkeep\n|turn|71\n|\n|t:|1784381469\n|switch|p1a: A Padeira|Chansey|100/100 par\n|move|p2a: Exeggutor|Psychic|p1a: A Padeira\n|-damage|p1a: A Padeira|83/100 par\n|-unboost|p1a: A Padeira|spa|1\n|-unboost|p1a: A Padeira|spd|1\n|\n|upkeep\n|turn|72\n|\n|t:|1784381477\n|switch|p2a: Snorlax|Snorlax|100/100 par\n|switch|p1a: Green Illusionist|Exeggutor|88/100\n|\n|upkeep\n|turn|73\n|\n|t:|1784381481\n|move|p1a: Green Illusionist|Psychic|p2a: Snorlax\n|-damage|p2a: Snorlax|68/100 par\n|move|p2a: Snorlax|Body Slam|p1a: Green Illusionist\n|-damage|p1a: Green Illusionist|59/100\n|-status|p1a: Green Illusionist|par\n|\n|upkeep\n|turn|74\n|\n|t:|1784381491\n|switch|p2a: Exeggutor|Exeggutor|87/100 par\n|move|p1a: Green Illusionist|Psychic|p2a: Exeggutor\n|-resisted|p2a: Exeggutor\n|-damage|p2a: Exeggutor|73/100 par\n|\n|upkeep\n|turn|75\n|\n|t:|1784381500\n|switch|p1a: A Padeira|Chansey|83/100 par\n|cant|p2a: Exeggutor|par\n|\n|upkeep\n|turn|76\n|\n|t:|1784381508\n|switch|p2a: Snorlax|Snorlax|68/100 par\n|move|p1a: A Padeira|Ice Beam|p2a: Snorlax\n|-damage|p2a: Snorlax|47/100 par\n|\n|upkeep\n|turn|77\n|\n|t:|1784381514\n|switch|p1a: Almighty Bull|Tauros|100/100\n|move|p2a: Snorlax|Body Slam|p1a: Almighty Bull\n|-damage|p1a: Almighty Bull|68/100\n|\n|upkeep\n|turn|78\n|\n|t:|1784381540\n|move|p1a: Almighty Bull|Body Slam|p2a: Snorlax\n|-damage|p2a: Snorlax|22/100 par\n|move|p2a: Snorlax|Self-Destruct|p1a: Almighty Bull\n|-damage|p1a: Almighty Bull|0 fnt\n|faint|p1a: Almighty Bull\n|faint|p2a: Snorlax\n|inactive|oligen1 has 270 seconds left.\n|\n|t:|1784381562\n|switch|p1a: A Padeira|Chansey|83/100 par\n|switch|p2a: Exeggutor|Exeggutor|73/100 par\n|turn|79\n|\n|t:|1784381568\n|switch|p2a: Chansey|Chansey|100/100 par\n|switch|p1a: Red Velvet|Jynx|82/100 slp\n|\n|upkeep\n|turn|80\n|\n|t:|1784381579\n|switch|p2a: Tauros|Tauros|100/100\n|cant|p1a: Red Velvet|slp\n|\n|upkeep\n|turn|81\n|\n|t:|1784381583\n|switch|p1a: Mistery|Starmie|54/100 frz\n|move|p2a: Tauros|Body Slam|p1a: Mistery\n|-damage|p1a: Mistery|17/100 frz\n|\n|upkeep\n|turn|82\n|\n|t:|1784381590\n|cant|p1a: Mistery|frz\n|move|p2a: Tauros|Body Slam|p1a: Mistery\n|-crit|p1a: Mistery\n|-damage|p1a: Mistery|0 fnt\n|faint|p1a: Mistery\n|\n|t:|1784381593\n|switch|p1a: Green Illusionist|Exeggutor|59/100 par\n|turn|83\n|\n|t:|1784381602\n|switch|p2a: Chansey|Chansey|100/100 par\n|cant|p1a: Green Illusionist|par\n|\n|upkeep\n|turn|84\n|\n|t:|1784381610\n|switch|p1a: Red Velvet|Jynx|82/100 slp\n|cant|p2a: Chansey|par\n|\n|upkeep\n|turn|85\n|\n|t:|1784381615\n|switch|p1a: Green Illusionist|Exeggutor|59/100 par\n|switch|p2a: Tauros|Tauros|100/100\n|\n|upkeep\n|turn|86\n|\n|t:|1784381622\n|switch|p2a: Chansey|Chansey|100/100 par\n|cant|p1a: Green Illusionist|par\n|\n|upkeep\n|turn|87\n|\n|t:|1784381636\n|move|p1a: Green Illusionist|Explosion|p2a: Chansey\n|-damage|p2a: Chansey|1/100 par\n|faint|p1a: Green Illusionist\n|\n|t:|1784381639\n|switch|p1a: A Padeira|Chansey|83/100 par\n|turn|88\n|\n|t:|1784381643\n|move|p2a: Chansey|Soft-Boiled|p2a: Chansey\n|-heal|p2a: Chansey|51/100 par\n|move|p1a: A Padeira|Ice Beam|p2a: Chansey\n|-damage|p2a: Chansey|41/100 par\n|\n|upkeep\n|turn|89\n|c|☆Ulti Bastion|Gg \n|-message|Ulti Bastion forfeited.\n|\n|win|oligen1\n|c|☆oligen1|gg wp\n","uploadtime":1784381656,"views":"108","formatid":"gen1ou","rating":null,"private":0,"password":null}