{"id":"smogtours-gen1ou-959506","format":"[Gen 1] OU","players":["Cakeconnesseur","Girls See Ghosts"],"log":"|inactive|Battle timer is ON: inactive players will automatically lose when time's up.\n|t:|1785101591\n|gametype|singles\n|player|p1|Cakeconnesseur|#adpl9|\n|player|p2|Girls See Ghosts|#adpl9|\n|gen|1\n|tier|[Gen 1] OU\n|rule|Desync Clause Mod: Desyncs resolve to link battle behavior from the acting player's perspective.\n|rule|HP Percentage Mod: HP is shown in percentages\n|rule|Endless Battle Clause: Forcing endless battles is banned\n|rule|Sleep Clause Mod: Limit one foe put to sleep\n|rule|Freeze Clause Mod: Limit one foe frozen\n|rule|Species Clause: Limit one of each Pokémon\n|rule|OHKO Clause: OHKO moves are banned\n|rule|Evasion Moves Clause: Evasion moves are banned\n|\n|t:|1785101591\n|teamsize|p1|6\n|teamsize|p2|6\n|start\n|switch|p1a: Starmie|Starmie|100/100\n|switch|p2a: Gengar|Gengar|100/100\n|turn|1\n|c|☆Cakeconnesseur|hf\n|c|☆Girls See Ghosts|glhf\n|c|☆Cakeconnesseur|/log Cakeconnesseur made the replay of this battle unlisted.\n|inactive|Cakeconnesseur has 270 seconds left.\n|\n|t:|1785101623\n|switch|p2a: Alakazam|Alakazam|100/100\n|move|p1a: Starmie|Psychic|p2a: Alakazam\n|-crit|p2a: Alakazam\n|-resisted|p2a: Alakazam\n|-damage|p2a: Alakazam|74/100\n|\n|upkeep\n|turn|2\n|\n|t:|1785101636\n|move|p2a: Alakazam|Seismic Toss|p1a: Starmie\n|-damage|p1a: Starmie|70/100\n|move|p1a: Starmie|Thunder Wave|p2a: Alakazam\n|-status|p2a: Alakazam|par\n|\n|upkeep\n|turn|3\n|\n|t:|1785101646\n|switch|p1a: Snorlax|Snorlax|100/100\n|move|p2a: Alakazam|Recover|p2a: Alakazam\n|-heal|p2a: Alakazam|100/100 par\n|\n|upkeep\n|turn|4\n|\n|t:|1785101661\n|switch|p2a: Exeggutor|Exeggutor|100/100\n|move|p1a: Snorlax|Body Slam|p2a: Exeggutor\n|-damage|p2a: Exeggutor|71/100\n|\n|upkeep\n|turn|5\n|\n|t:|1785101674\n|switch|p1a: Starmie|Starmie|70/100\n|move|p2a: Exeggutor|Sleep Powder|p1a: Starmie\n|-status|p1a: Starmie|slp|[from] move: Sleep Powder\n|\n|upkeep\n|turn|6\n|\n|t:|1785101683\n|switch|p1a: Chansey|Chansey|100/100\n|move|p2a: Exeggutor|Psychic|p1a: Chansey\n|-damage|p1a: Chansey|85/100\n|\n|upkeep\n|turn|7\n|\n|t:|1785101690\n|move|p2a: Exeggutor|Explosion|p1a: Chansey\n|-damage|p1a: Chansey|0 fnt\n|faint|p1a: Chansey\n|faint|p2a: Exeggutor\n|\n|t:|1785101701\n|switch|p2a: Snorlax|Snorlax|100/100\n|switch|p1a: Snorlax|Snorlax|100/100\n|turn|8\n|\n|t:|1785101707\n|move|p2a: Snorlax|Body Slam|p1a: Snorlax\n|-damage|p1a: Snorlax|72/100\n|move|p1a: Snorlax|Reflect|p1a: Snorlax\n|-start|p1a: Snorlax|Reflect\n|\n|upkeep\n|turn|9\n|\n|t:|1785101716\n|switch|p2a: Gengar|Gengar|100/100\n|move|p1a: Snorlax|Earthquake|p2a: Gengar\n|-supereffective|p2a: Gengar\n|-damage|p2a: Gengar|30/100\n|\n|upkeep\n|turn|10\n|\n|t:|1785101721\n|switch|p2a: Cloyster|Cloyster|100/100\n|move|p1a: Snorlax|Earthquake|p2a: Cloyster\n|-damage|p2a: Cloyster|81/100\n|\n|upkeep\n|turn|11\n|\n|t:|1785101727\n|switch|p1a: Starmie|Starmie|70/100 slp\n|move|p2a: Cloyster|Blizzard|p1a: Starmie\n|-resisted|p1a: Starmie\n|-damage|p1a: Starmie|49/100 slp\n|\n|upkeep\n|turn|12\n|\n|t:|1785101733\n|cant|p1a: Starmie|slp\n|move|p2a: Cloyster|Blizzard|p1a: Starmie\n|-crit|p1a: Starmie\n|-resisted|p1a: Starmie\n|-damage|p1a: Starmie|14/100 slp\n|\n|upkeep\n|turn|13\n|\n|t:|1785101737\n|cant|p1a: Starmie|slp\n|move|p2a: Cloyster|Blizzard|p1a: Starmie\n|-resisted|p1a: Starmie\n|-damage|p1a: Starmie|0 fnt\n|faint|p1a: Starmie\n|\n|t:|1785101741\n|switch|p1a: Zapdos|Zapdos|100/100\n|turn|14\n|\n|t:|1785101750\n|switch|p2a: Gengar|Gengar|30/100\n|move|p1a: Zapdos|Thunderbolt|p2a: Gengar\n|-damage|p2a: Gengar|0 fnt\n|faint|p2a: Gengar\n|\n|t:|1785101752\n|switch|p2a: Snorlax|Snorlax|100/100\n|turn|15\n|\n|t:|1785101757\n|switch|p1a: Snorlax|Snorlax|72/100\n|move|p2a: Snorlax|Body Slam|p1a: Snorlax\n|-damage|p1a: Snorlax|48/100\n|\n|upkeep\n|turn|16\n|\n|t:|1785101763\n|switch|p2a: Cloyster|Cloyster|81/100\n|move|p1a: Snorlax|Body Slam|p2a: Cloyster\n|-damage|p2a: Cloyster|59/100\n|\n|upkeep\n|turn|17\n|\n|t:|1785101768\n|move|p2a: Cloyster|Blizzard|p1a: Snorlax\n|-damage|p1a: Snorlax|16/100\n|move|p1a: Snorlax|Body Slam|p2a: Cloyster\n|-damage|p2a: Cloyster|36/100\n|-status|p2a: Cloyster|par\n|\n|upkeep\n|turn|18\n|\n|t:|1785101771\n|move|p1a: Snorlax|Rest|p1a: Snorlax\n|-status|p1a: Snorlax|slp|[from] move: Rest\n|-heal|p1a: Snorlax|100/100 slp|[silent]\n|move|p2a: Cloyster|Explosion|p1a: Snorlax\n|-damage|p1a: Snorlax|30/100 slp\n|faint|p2a: Cloyster\n|inactive|Girls See Ghosts has 270 seconds left.\n|\n|t:|1785101803\n|switch|p2a: Snorlax|Snorlax|100/100\n|turn|19\n|\n|t:|1785101806\n|cant|p1a: Snorlax|slp\n|move|p2a: Snorlax|Body Slam|p1a: Snorlax\n|-damage|p1a: Snorlax|3/100 slp\n|\n|upkeep\n|turn|20\n|\n|t:|1785101808\n|move|p2a: Snorlax|Body Slam|p1a: Snorlax\n|-crit|p1a: Snorlax\n|-damage|p1a: Snorlax|0 fnt\n|faint|p1a: Snorlax\n|\n|t:|1785101832\n|switch|p1a: Tauros|Tauros|100/100\n|turn|21\n|\n|t:|1785101835\n|move|p1a: Tauros|Body Slam|p2a: Snorlax\n|-crit|p2a: Snorlax\n|-damage|p2a: Snorlax|56/100\n|move|p2a: Snorlax|Body Slam|p1a: Tauros\n|-damage|p1a: Tauros|67/100\n|\n|upkeep\n|turn|22\n|\n|t:|1785101850\n|move|p1a: Tauros|Body Slam|p2a: Snorlax\n|-damage|p2a: Snorlax|30/100\n|move|p2a: Snorlax|Self-Destruct|p1a: Tauros\n|-damage|p1a: Tauros|0 fnt\n|faint|p1a: Tauros\n|faint|p2a: Snorlax\n|\n|t:|1785101880\n|switch|p1a: Zapdos|Zapdos|100/100\n|switch|p2a: Tauros|Tauros|100/100\n|turn|23\n|\n|t:|1785101883\n|move|p2a: Tauros|Body Slam|p1a: Zapdos\n|-damage|p1a: Zapdos|70/100\n|move|p1a: Zapdos|Thunder Wave|p2a: Tauros\n|-status|p2a: Tauros|par\n|\n|upkeep\n|turn|24\n|\n|t:|1785101887\n|move|p1a: Zapdos|Thunderbolt|p2a: Tauros\n|-damage|p2a: Tauros|50/100 par\n|move|p2a: Tauros|Body Slam|p1a: Zapdos\n|-damage|p1a: Zapdos|41/100\n|\n|upkeep\n|turn|25\n|\n|t:|1785101901\n|switch|p1a: Exeggutor|Exeggutor|100/100\n|move|p2a: Tauros|Body Slam|p1a: Exeggutor\n|-damage|p1a: Exeggutor|74/100\n|\n|upkeep\n|turn|26\n|\n|t:|1785101908\n|switch|p2a: Alakazam|Alakazam|100/100 par\n|move|p1a: Exeggutor|Psychic|p2a: Alakazam\n|-crit|p2a: Alakazam\n|-resisted|p2a: Alakazam\n|-damage|p2a: Alakazam|70/100 par\n|\n|upkeep\n|turn|27\n|\n|t:|1785101934\n|move|p1a: Exeggutor|Psychic|p2a: Alakazam\n|-resisted|p2a: Alakazam\n|-damage|p2a: Alakazam|54/100 par\n|move|p2a: Alakazam|Thunder Wave|p1a: Exeggutor\n|-status|p1a: Exeggutor|par\n|\n|upkeep\n|turn|28\n|\n|t:|1785101941\n|move|p2a: Alakazam|Recover|p2a: Alakazam\n|-heal|p2a: Alakazam|100/100 par\n|move|p1a: Exeggutor|Psychic|p2a: Alakazam\n|-resisted|p2a: Alakazam\n|-damage|p2a: Alakazam|85/100 par\n|\n|upkeep\n|turn|29\n|\n|t:|1785101948\n|move|p2a: Alakazam|Seismic Toss|p1a: Exeggutor\n|-damage|p1a: Exeggutor|49/100 par\n|move|p1a: Exeggutor|Psychic|p2a: Alakazam\n|-resisted|p2a: Alakazam\n|-damage|p2a: Alakazam|70/100 par\n|-unboost|p2a: Alakazam|spa|1\n|-unboost|p2a: Alakazam|spd|1\n|\n|upkeep\n|turn|30\n|\n|t:|1785101955\n|move|p1a: Exeggutor|Psychic|p2a: Alakazam\n|-resisted|p2a: Alakazam\n|-damage|p2a: Alakazam|45/100 par\n|move|p2a: Alakazam|Recover|p2a: Alakazam\n|-heal|p2a: Alakazam|94/100 par\n|\n|upkeep\n|turn|31\n|\n|t:|1785101958\n|move|p1a: Exeggutor|Explosion|p2a: Alakazam\n|-damage|p2a: Alakazam|0 fnt\n|faint|p2a: Alakazam\n|faint|p1a: Exeggutor\n|\n|t:|1785101960\n|switch|p2a: Tauros|Tauros|50/100 par\n|switch|p1a: Zapdos|Zapdos|41/100\n|turn|32\n|\n|t:|1785101962\n|move|p1a: Zapdos|Thunderbolt|p2a: Tauros\n|-damage|p2a: Tauros|0 fnt\n|faint|p2a: Tauros\n|\n|win|Cakeconnesseur\n|c|☆Girls See Ghosts|gg\n|c|☆Cakeconnesseur|gg\n|player|p2|\n|player|p2|Girls See Ghosts|#adpl9|\n|player|p2|\n|player|p1|\n","uploadtime":1785101962,"views":"45","formatid":"gen1ou","rating":null,"private":2,"password":null}