{"id":"smogtours-gen1ou-961409","format":"[Gen 1] OU","players":["sadisticnarwhal","stunner047"],"log":"|inactive|Battle timer is ON: inactive players will automatically lose when time's up.\n|t:|1785710707\n|gametype|singles\n|player|p1|sadisticnarwhal|#rcop2023useast|\n|player|p2|stunner047|#rbypliiidingdangdewgongs|\n|gen|1\n|tier|[Gen 1] OU\n|rule|Desync Clause Mod: Desyncs resolve to link battle behavior from the acting player's perspective.\n|rule|HP Percentage Mod: HP is shown in percentages\n|rule|Endless Battle Clause: Forcing endless battles is banned\n|rule|Sleep Clause Mod: Limit one foe put to sleep\n|rule|Freeze Clause Mod: Limit one foe frozen\n|rule|Species Clause: Limit one of each Pokémon\n|rule|OHKO Clause: OHKO moves are banned\n|rule|Evasion Moves Clause: Evasion moves are banned\n|\n|t:|1785710707\n|teamsize|p1|6\n|teamsize|p2|6\n|start\n|switch|p1a: Alakazam|Alakazam|100/100\n|switch|p2a: Starmie|Starmie|100/100\n|turn|1\n|c|☆sadisticnarwhal|hf\n|c|☆stunner047|gl hf\n|\n|t:|1785710713\n|switch|p2a: Snorlax|Snorlax|100/100\n|move|p1a: Alakazam|Thunder Wave|p2a: Snorlax\n|-status|p2a: Snorlax|par\n|\n|upkeep\n|turn|2\n|\n|t:|1785710735\n|switch|p2a: Exeggutor|Exeggutor|100/100\n|move|p1a: Alakazam|Psychic|p2a: Exeggutor\n|-resisted|p2a: Exeggutor\n|-damage|p2a: Exeggutor|87/100\n|\n|upkeep\n|turn|3\n|\n|t:|1785710740\n|move|p1a: Alakazam|Seismic Toss|p2a: Exeggutor\n|-damage|p2a: Exeggutor|62/100\n|move|p2a: Exeggutor|Sleep Powder|p1a: Alakazam\n|-status|p1a: Alakazam|slp|[from] move: Sleep Powder\n|\n|upkeep\n|turn|4\n|\n|t:|1785710743\n|-curestatus|p1a: Alakazam|slp|[msg]\n|move|p2a: Exeggutor|Psychic|p1a: Alakazam\n|-resisted|p1a: Alakazam\n|-damage|p1a: Alakazam|85/100\n|-unboost|p1a: Alakazam|spa|1\n|-unboost|p1a: Alakazam|spd|1\n|\n|upkeep\n|turn|5\n|\n|t:|1785710746\n|move|p1a: Alakazam|Seismic Toss|p2a: Exeggutor\n|-damage|p2a: Exeggutor|36/100\n|move|p2a: Exeggutor|Sleep Powder|p1a: Alakazam\n|-status|p1a: Alakazam|slp|[from] move: Sleep Powder\n|\n|upkeep\n|turn|6\n|\n|t:|1785710750\n|switch|p1a: Exeggutor|Exeggutor|100/100\n|move|p2a: Exeggutor|Psychic|p1a: Exeggutor\n|-crit|p1a: Exeggutor\n|-resisted|p1a: Exeggutor\n|-damage|p1a: Exeggutor|75/100\n|\n|upkeep\n|turn|7\n|\n|t:|1785710756\n|move|p1a: Exeggutor|Psychic|p2a: Exeggutor\n|-resisted|p2a: Exeggutor\n|-damage|p2a: Exeggutor|23/100\n|-unboost|p2a: Exeggutor|spa|1\n|-unboost|p2a: Exeggutor|spd|1\n|move|p2a: Exeggutor|Explosion|p1a: Exeggutor\n|-damage|p1a: Exeggutor|7/100\n|faint|p2a: Exeggutor\n|\n|t:|1785710759\n|switch|p2a: Tauros|Tauros|100/100\n|turn|8\n|inactive|sadisticnarwhal has 270 seconds left.\n|\n|t:|1785710808\n|switch|p1a: Snorlax|Snorlax|100/100\n|move|p2a: Tauros|Body Slam|p1a: Snorlax\n|-crit|p1a: Snorlax\n|-damage|p1a: Snorlax|54/100\n|\n|upkeep\n|turn|9\n|\n|t:|1785710812\n|switch|p2a: Rhydon|Rhydon|100/100\n|move|p1a: Snorlax|Body Slam|p2a: Rhydon\n|-resisted|p2a: Rhydon\n|-damage|p2a: Rhydon|89/100\n|-status|p2a: Rhydon|par\n|\n|upkeep\n|turn|10\n|\n|t:|1785710815\n|move|p1a: Snorlax|Reflect|p1a: Snorlax\n|-start|p1a: Snorlax|Reflect\n|cant|p2a: Rhydon|par\n|\n|upkeep\n|turn|11\n|\n|t:|1785710820\n|switch|p2a: Chansey|Chansey|100/100\n|move|p1a: Snorlax|Earthquake|p2a: Chansey\n|-damage|p2a: Chansey|70/100\n|\n|upkeep\n|turn|12\n|\n|t:|1785710823\n|move|p2a: Chansey|Ice Beam|p1a: Snorlax\n|-damage|p1a: Snorlax|33/100\n|move|p1a: Snorlax|Body Slam|p2a: Chansey\n|-damage|p2a: Chansey|26/100\n|\n|upkeep\n|turn|13\n|\n|t:|1785710827\n|move|p2a: Chansey|Soft-Boiled|p2a: Chansey\n|-heal|p2a: Chansey|76/100\n|move|p1a: Snorlax|Body Slam|p2a: Chansey\n|-damage|p2a: Chansey|34/100\n|\n|upkeep\n|turn|14\n|\n|t:|1785710830\n|move|p2a: Chansey|Soft-Boiled|p2a: Chansey\n|-heal|p2a: Chansey|84/100\n|move|p1a: Snorlax|Body Slam|p2a: Chansey\n|-crit|p2a: Chansey\n|-damage|p2a: Chansey|9/100\n|\n|upkeep\n|turn|15\n|\n|t:|1785710834\n|move|p2a: Chansey|Ice Beam|p1a: Snorlax\n|-damage|p1a: Snorlax|14/100\n|move|p1a: Snorlax|Body Slam|p2a: Chansey\n|-damage|p2a: Chansey|0 fnt\n|faint|p2a: Chansey\n|\n|t:|1785710838\n|switch|p2a: Tauros|Tauros|100/100\n|turn|16\n|\n|t:|1785710857\n|switch|p1a: Alakazam|Alakazam|85/100 slp\n|move|p2a: Tauros|Blizzard|p1a: Alakazam\n|-damage|p1a: Alakazam|67/100 slp\n|\n|upkeep\n|turn|17\n|\n|t:|1785710862\n|cant|p1a: Alakazam|slp\n|move|p2a: Tauros|Body Slam|p1a: Alakazam\n|-damage|p1a: Alakazam|16/100 slp\n|\n|upkeep\n|turn|18\n|\n|t:|1785710863\n|cant|p1a: Alakazam|slp\n|move|p2a: Tauros|Body Slam|p1a: Alakazam\n|-damage|p1a: Alakazam|0 fnt\n|faint|p1a: Alakazam\n|\n|t:|1785710882\n|switch|p1a: Tauros|Tauros|100/100\n|turn|19\n|\n|t:|1785710886\n|move|p2a: Tauros|Blizzard|p1a: Tauros\n|-crit|p1a: Tauros\n|-damage|p1a: Tauros|53/100\n|move|p1a: Tauros|Body Slam|p2a: Tauros\n|-crit|p2a: Tauros\n|-damage|p2a: Tauros|46/100\n|\n|upkeep\n|turn|20\n|\n|t:|1785710894\n|switch|p2a: Rhydon|Rhydon|89/100 par\n|move|p1a: Tauros|Body Slam|p2a: Rhydon\n|-resisted|p2a: Rhydon\n|-damage|p2a: Rhydon|79/100 par\n|\n|upkeep\n|turn|21\n|\n|t:|1785710903\n|move|p1a: Tauros|Blizzard|p2a: Rhydon\n|-supereffective|p2a: Rhydon\n|-damage|p2a: Rhydon|24/100 par\n|move|p2a: Rhydon|Earthquake|p1a: Tauros\n|-damage|p1a: Tauros|11/100\n|\n|upkeep\n|turn|22\n|inactive|sadisticnarwhal has 270 seconds left.\n|\n|t:|1785710936\n|move|p1a: Tauros|Earthquake|p2a: Rhydon\n|-supereffective|p2a: Rhydon\n|-damage|p2a: Rhydon|0 fnt\n|faint|p2a: Rhydon\n|inactive|stunner047 disconnected and has 300 seconds to reconnect!\n|player|p2|\n|inactive|stunner047 reconnected and has 300 seconds left.\n|player|p2|stunner047|#rbypliiidingdangdewgongs|\n|\n|t:|1785710954\n|switch|p2a: Starmie|Starmie|100/100\n|turn|23\n|\n|t:|1785710963\n|move|p2a: Starmie|Psychic|p1a: Tauros\n|-damage|p1a: Tauros|0 fnt\n|faint|p1a: Tauros\n|\n|t:|1785710965\n|switch|p1a: Starmie|Starmie|100/100\n|turn|24\n|\n|t:|1785710968\n|switch|p2a: Snorlax|Snorlax|100/100 par\n|move|p1a: Starmie|Thunder Wave|p2a: Snorlax\n|-fail|p2a: Snorlax|par\n|\n|upkeep\n|turn|25\n|\n|t:|1785710972\n|move|p1a: Starmie|Surf|p2a: Snorlax\n|-damage|p2a: Snorlax|72/100 par\n|move|p2a: Snorlax|Body Slam|p1a: Starmie\n|-damage|p1a: Starmie|62/100\n|-status|p1a: Starmie|par\n|\n|upkeep\n|turn|26\n|\n|t:|1785710985\n|switch|p1a: Snorlax|Snorlax|14/100\n|move|p2a: Snorlax|Hyper Beam|p1a: Snorlax\n|-damage|p1a: Snorlax|0 fnt\n|faint|p1a: Snorlax\n|\n|t:|1785710988\n|switch|p1a: Exeggutor|Exeggutor|7/100\n|turn|27\n|\n|t:|1785710993\n|move|p1a: Exeggutor|Explosion|p2a: Snorlax\n|-crit|p2a: Snorlax\n|-damage|p2a: Snorlax|0 fnt\n|faint|p2a: Snorlax\n|faint|p1a: Exeggutor\n|\n|t:|1785711001\n|switch|p1a: Zapdos|Zapdos|100/100\n|switch|p2a: Tauros|Tauros|46/100\n|turn|28\n|\n|t:|1785711018\n|move|p2a: Tauros|Blizzard|p1a: Zapdos\n|-supereffective|p1a: Zapdos\n|-damage|p1a: Zapdos|65/100\n|move|p1a: Zapdos|Thunder Wave|p2a: Tauros\n|-status|p2a: Tauros|par\n|\n|upkeep\n|turn|29\n|\n|t:|1785711026\n|move|p1a: Zapdos|Thunderbolt|p2a: Tauros\n|-damage|p2a: Tauros|0 fnt\n|faint|p2a: Tauros\n|\n|t:|1785711028\n|switch|p2a: Starmie|Starmie|100/100\n|turn|30\n|\n|t:|1785711034\n|move|p2a: Starmie|Blizzard|p1a: Zapdos\n|-supereffective|p1a: Zapdos\n|-damage|p1a: Zapdos|23/100\n|move|p1a: Zapdos|Thunder Wave|p2a: Starmie\n|-status|p2a: Starmie|par\n|\n|upkeep\n|turn|31\n|\n|t:|1785711040\n|switch|p1a: Starmie|Starmie|62/100 par\n|move|p2a: Starmie|Blizzard|p1a: Starmie\n|-resisted|p1a: Starmie\n|-damage|p1a: Starmie|46/100 par\n|\n|upkeep\n|turn|32\n|\n|t:|1785711044\n|move|p2a: Starmie|Psychic|p1a: Starmie\n|-resisted|p1a: Starmie\n|-damage|p1a: Starmie|31/100 par\n|move|p1a: Starmie|Thunderbolt|p2a: Starmie\n|-supereffective|p2a: Starmie\n|-damage|p2a: Starmie|57/100 par\n|\n|upkeep\n|turn|33\n|\n|t:|1785711046\n|move|p2a: Starmie|Psychic|p1a: Starmie\n|-resisted|p1a: Starmie\n|-damage|p1a: Starmie|14/100 par\n|move|p1a: Starmie|Thunderbolt|p2a: Starmie\n|-supereffective|p2a: Starmie\n|-damage|p2a: Starmie|13/100 par\n|\n|upkeep\n|turn|34\n|\n|t:|1785711049\n|cant|p1a: Starmie|par\n|cant|p2a: Starmie|par\n|\n|upkeep\n|turn|35\n|\n|t:|1785711051\n|move|p1a: Starmie|Thunderbolt|p2a: Starmie\n|-supereffective|p2a: Starmie\n|-damage|p2a: Starmie|0 fnt\n|faint|p2a: Starmie\n|\n|win|sadisticnarwhal\n|c|☆sadisticnarwhal|gg\n|c|☆stunner047|gg\n|player|p1|\n|c|☆stunner047|/log stunner047 made the replay of this battle unlisted.\n|player|p2|\n|player|p2|stunner047|#rbypliiidingdangdewgongs|\n|player|p2|\n","uploadtime":1785711051,"views":"50","formatid":"gen1ou","rating":null,"private":2,"password":null}