{"id":"smogtours-gen1ou-906994","format":"[Gen 1] OU","players":["Laroxyl","sadisticnarwhal"],"log":"|inactive|Battle timer is ON: inactive players will automatically lose when time's up.\n|t:|1770569281\n|gametype|singles\n|player|p1|Laroxyl|#splxviitigers2|\n|player|p2|sadisticnarwhal|#splxviiruiners2|\n|gen|1\n|tier|[Gen 1] OU\n|rule|Desync Clause Mod: Desyncs changed to move failure.\n|rule|Sleep Clause Mod: Limit one foe put to sleep\n|rule|Freeze Clause Mod: Limit one foe frozen\n|rule|Species Clause: Limit one of each Pokémon\n|rule|OHKO Clause: OHKO moves are banned\n|rule|Evasion Moves Clause: Evasion moves are banned\n|rule|Endless Battle Clause: Forcing endless battles is banned\n|rule|HP Percentage Mod: HP is shown in percentages\n|\n|t:|1770569281\n|teamsize|p1|6\n|teamsize|p2|6\n|start\n|switch|p1a: Starmie|Starmie|100/100\n|switch|p2a: Jynx|Jynx|100/100\n|turn|1\n|c|☆sadisticnarwhal|hf\n|c|☆Laroxyl|hf\n|\n|t:|1770569296\n|move|p1a: Starmie|Thunder Wave|p2a: Jynx\n|-status|p2a: Jynx|par\n|cant|p2a: Jynx|par\n|\n|upkeep\n|turn|2\n|\n|t:|1770569301\n|move|p1a: Starmie|Thunderbolt|p2a: Jynx\n|-damage|p2a: Jynx|78/100 par\n|move|p2a: Jynx|Lovely Kiss|p1a: Starmie|[miss]\n|-miss|p2a: Jynx\n|\n|upkeep\n|turn|3\n|\n|t:|1770569306\n|move|p1a: Starmie|Thunderbolt|p2a: Jynx\n|-damage|p2a: Jynx|56/100 par\n|cant|p2a: Jynx|par\n|\n|upkeep\n|turn|4\n|\n|t:|1770569310\n|move|p1a: Starmie|Thunderbolt|p2a: Jynx\n|-damage|p2a: Jynx|31/100 par\n|move|p2a: Jynx|Lovely Kiss|p1a: Starmie\n|-status|p1a: Starmie|slp|[from] move: Lovely Kiss\n|\n|upkeep\n|turn|5\n|\n|t:|1770569324\n|cant|p1a: Starmie|slp\n|move|p2a: Jynx|Rest|p2a: Jynx\n|-status|p2a: Jynx|slp|[from] move: Rest\n|-heal|p2a: Jynx|100/100 slp|[silent]\n|\n|upkeep\n|turn|6\n|rated|Smogon Premier League\n|\n|t:|1770569345\n|switch|p1a: Exeggutor|Exeggutor|100/100\n|cant|p2a: Jynx|slp\n|\n|upkeep\n|turn|7\n|\n|t:|1770569351\n|move|p1a: Exeggutor|Sleep Powder|p2a: Jynx\n|-fail|p2a: Jynx|slp\n|-curestatus|p2a: Jynx|slp|[msg]\n|\n|upkeep\n|turn|8\n|\n|t:|1770569357\n|switch|p1a: Starmie|Starmie|100/100 slp\n|move|p2a: Jynx|Blizzard|p1a: Starmie\n|-crit|p1a: Starmie\n|-resisted|p1a: Starmie\n|-damage|p1a: Starmie|62/100 slp\n|\n|upkeep\n|turn|9\n|\n|t:|1770569367\n|switch|p1a: Chansey|Chansey|100/100\n|switch|p2a: Tauros|Tauros|100/100\n|\n|upkeep\n|turn|10\n|inactive|Laroxyl has 270 seconds left.\n|\n|t:|1770569416\n|switch|p2a: Chansey|Chansey|100/100\n|move|p1a: Chansey|Thunder Wave|p2a: Chansey\n|-status|p2a: Chansey|par\n|\n|upkeep\n|turn|11\n|\n|t:|1770569428\n|switch|p1a: Starmie|Starmie|62/100 slp\n|cant|p2a: Chansey|par\n|\n|upkeep\n|turn|12\n|\n|t:|1770569436\n|switch|p1a: Snorlax|Snorlax|100/100\n|switch|p2a: Snorlax|Snorlax|100/100\n|\n|upkeep\n|turn|13\n|inactive|Laroxyl has 270 seconds left.\n|\n|t:|1770569441\n|move|p1a: Snorlax|Reflect|p1a: Snorlax\n|-start|p1a: Snorlax|Reflect\n|move|p2a: Snorlax|Body Slam|p1a: Snorlax\n|-damage|p1a: Snorlax|88/100\n|\n|upkeep\n|turn|14\n|\n|t:|1770569445\n|move|p2a: Snorlax|Reflect|p2a: Snorlax\n|-start|p2a: Snorlax|Reflect\n|move|p1a: Snorlax|Body Slam|p2a: Snorlax\n|-damage|p2a: Snorlax|87/100\n|\n|upkeep\n|turn|15\n|\n|t:|1770569448\n|move|p1a: Snorlax|Body Slam|p2a: Snorlax\n|-damage|p2a: Snorlax|74/100\n|move|p2a: Snorlax|Body Slam|p1a: Snorlax\n|-damage|p1a: Snorlax|74/100\n|\n|upkeep\n|turn|16\n|\n|t:|1770569451\n|move|p1a: Snorlax|Body Slam|p2a: Snorlax\n|-damage|p2a: Snorlax|61/100\n|move|p2a: Snorlax|Body Slam|p1a: Snorlax\n|-damage|p1a: Snorlax|60/100\n|\n|upkeep\n|turn|17\n|\n|t:|1770569456\n|move|p2a: Snorlax|Body Slam|p1a: Snorlax\n|-damage|p1a: Snorlax|47/100\n|move|p1a: Snorlax|Body Slam|p2a: Snorlax\n|-damage|p2a: Snorlax|49/100\n|\n|upkeep\n|turn|18\n|\n|t:|1770569459\n|move|p1a: Snorlax|Rest|p1a: Snorlax\n|-status|p1a: Snorlax|slp|[from] move: Rest\n|-heal|p1a: Snorlax|100/100 slp|[silent]\n|move|p2a: Snorlax|Rest|p2a: Snorlax\n|-status|p2a: Snorlax|slp|[from] move: Rest\n|-heal|p2a: Snorlax|100/100 slp|[silent]\n|\n|upkeep\n|turn|19\n|\n|t:|1770569461\n|cant|p2a: Snorlax|slp\n|cant|p1a: Snorlax|slp\n|\n|upkeep\n|turn|20\n|\n|t:|1770569462\n|-curestatus|p2a: Snorlax|slp|[msg]\n|-curestatus|p1a: Snorlax|slp|[msg]\n|\n|upkeep\n|turn|21\n|\n|t:|1770569464\n|move|p1a: Snorlax|Body Slam|p2a: Snorlax\n|-damage|p2a: Snorlax|88/100\n|move|p2a: Snorlax|Body Slam|p1a: Snorlax\n|-damage|p1a: Snorlax|88/100\n|\n|upkeep\n|turn|22\n|\n|t:|1770569466\n|move|p1a: Snorlax|Body Slam|p2a: Snorlax\n|-damage|p2a: Snorlax|75/100\n|move|p2a: Snorlax|Body Slam|p1a: Snorlax\n|-damage|p1a: Snorlax|74/100\n|\n|upkeep\n|turn|23\n|\n|t:|1770569469\n|move|p1a: Snorlax|Body Slam|p2a: Snorlax\n|-damage|p2a: Snorlax|63/100\n|move|p2a: Snorlax|Body Slam|p1a: Snorlax\n|-damage|p1a: Snorlax|60/100\n|\n|upkeep\n|turn|24\n|\n|t:|1770569473\n|move|p2a: Snorlax|Body Slam|p1a: Snorlax\n|-damage|p1a: Snorlax|46/100\n|move|p1a: Snorlax|Body Slam|p2a: Snorlax\n|-damage|p2a: Snorlax|50/100\n|\n|upkeep\n|turn|25\n|\n|t:|1770569476\n|switch|p2a: Starmie|Starmie|100/100\n|move|p1a: Snorlax|Rest|p1a: Snorlax\n|-status|p1a: Snorlax|slp|[from] move: Rest\n|-heal|p1a: Snorlax|100/100 slp|[silent]\n|\n|upkeep\n|turn|26\n|\n|t:|1770569494\n|switch|p1a: Chansey|Chansey|100/100\n|move|p2a: Starmie|Psychic|p1a: Chansey\n|-damage|p1a: Chansey|85/100\n|-unboost|p1a: Chansey|spa|1\n|-unboost|p1a: Chansey|spd|1\n|\n|upkeep\n|turn|27\n|\n|t:|1770569498\n|switch|p2a: Chansey|Chansey|100/100 par\n|switch|p1a: Snorlax|Snorlax|100/100 slp\n|\n|upkeep\n|turn|28\n|\n|t:|1770569518\n|switch|p2a: Starmie|Starmie|100/100\n|cant|p1a: Snorlax|slp\n|\n|upkeep\n|turn|29\n|\n|t:|1770569536\n|switch|p1a: Chansey|Chansey|85/100\n|move|p2a: Starmie|Psychic|p1a: Chansey\n|-damage|p1a: Chansey|69/100\n|-unboost|p1a: Chansey|spa|1\n|-unboost|p1a: Chansey|spd|1\n|\n|upkeep\n|turn|30\n|\n|t:|1770569557\n|switch|p2a: Jynx|Jynx|100/100\n|switch|p1a: Snorlax|Snorlax|100/100 slp\n|\n|upkeep\n|turn|31\n|\n|t:|1770569568\n|switch|p1a: Chansey|Chansey|69/100\n|move|p2a: Jynx|Blizzard|p1a: Chansey\n|-damage|p1a: Chansey|50/100\n|\n|upkeep\n|turn|32\n|\n|t:|1770569574\n|move|p2a: Jynx|Blizzard|p1a: Chansey\n|-damage|p1a: Chansey|32/100\n|move|p1a: Chansey|Soft-Boiled|p1a: Chansey\n|-heal|p1a: Chansey|82/100\n|\n|upkeep\n|turn|33\n|\n|t:|1770569579\n|move|p2a: Jynx|Blizzard|p1a: Chansey\n|-damage|p1a: Chansey|62/100\n|move|p1a: Chansey|Thunder Wave|p2a: Jynx\n|-status|p2a: Jynx|par\n|\n|upkeep\n|turn|34\n|\n|t:|1770569582\n|move|p1a: Chansey|Soft-Boiled|p1a: Chansey\n|-heal|p1a: Chansey|100/100\n|move|p2a: Jynx|Blizzard|p1a: Chansey\n|-damage|p1a: Chansey|82/100\n|\n|upkeep\n|turn|35\n|\n|t:|1770569592\n|move|p1a: Chansey|Thunderbolt|p2a: Jynx\n|-crit|p2a: Jynx\n|-damage|p2a: Jynx|55/100 par\n|move|p2a: Jynx|Blizzard|p1a: Chansey\n|-damage|p1a: Chansey|63/100\n|\n|upkeep\n|turn|36\n|\n|t:|1770569598\n|move|p1a: Chansey|Soft-Boiled|p1a: Chansey\n|-heal|p1a: Chansey|100/100\n|move|p2a: Jynx|Blizzard|p1a: Chansey|[miss]\n|-miss|p2a: Jynx\n|\n|upkeep\n|turn|37\n|\n|t:|1770569625\n|move|p1a: Chansey|Thunderbolt|p2a: Jynx\n|-crit|p2a: Jynx\n|-damage|p2a: Jynx|7/100 par\n|move|p2a: Jynx|Blizzard|p1a: Chansey\n|-damage|p1a: Chansey|83/100\n|\n|upkeep\n|turn|38\n|\n|t:|1770569645\n|switch|p1a: Snorlax|Snorlax|100/100 slp\n|switch|p2a: Chansey|Chansey|100/100 par\n|\n|upkeep\n|turn|39\n|\n|t:|1770569653\n|-curestatus|p1a: Snorlax|slp|[msg]\n|move|p2a: Chansey|Thunder Wave|p1a: Snorlax\n|-status|p1a: Snorlax|par\n|\n|upkeep\n|turn|40\n|\n|t:|1770569670\n|switch|p2a: Jynx|Jynx|7/100 par\n|move|p1a: Snorlax|Body Slam|p2a: Jynx\n|-damage|p2a: Jynx|0 fnt\n|faint|p2a: Jynx\n|\n|t:|1770569672\n|switch|p2a: Starmie|Starmie|100/100\n|turn|41\n|\n|t:|1770569685\n|switch|p1a: Chansey|Chansey|83/100\n|move|p2a: Starmie|Psychic|p1a: Chansey\n|-damage|p1a: Chansey|67/100\n|\n|upkeep\n|turn|42\n|\n|t:|1770569696\n|move|p2a: Starmie|Thunder Wave|p1a: Chansey\n|-status|p1a: Chansey|par\n|move|p1a: Chansey|Thunder Wave|p2a: Starmie\n|-status|p2a: Starmie|par\n|\n|upkeep\n|turn|43\n|\n|t:|1770569705\n|switch|p2a: Snorlax|Snorlax|50/100\n|move|p1a: Chansey|Thunder Wave|p2a: Snorlax\n|-status|p2a: Snorlax|par\n|\n|upkeep\n|turn|44\n|\n|t:|1770569731\n|switch|p1a: Exeggutor|Exeggutor|100/100\n|cant|p2a: Snorlax|par\n|\n|upkeep\n|turn|45\n|\n|t:|1770569741\n|switch|p2a: Chansey|Chansey|100/100 par\n|move|p1a: Exeggutor|Psychic|p2a: Chansey\n|-damage|p2a: Chansey|83/100 par\n|\n|upkeep\n|turn|46\n|\n|t:|1770569757\n|switch|p1a: Snorlax|Snorlax|100/100 par\n|move|p2a: Chansey|Ice Beam|p1a: Snorlax\n|-damage|p1a: Snorlax|82/100 par\n|\n|upkeep\n|turn|47\n|\n|t:|1770569767\n|switch|p2a: Starmie|Starmie|100/100 par\n|move|p1a: Snorlax|Body Slam|p2a: Starmie\n|-damage|p2a: Starmie|66/100 par\n|\n|upkeep\n|turn|48\n|\n|t:|1770569781\n|switch|p1a: Chansey|Chansey|67/100 par\n|move|p2a: Starmie|Recover|p2a: Starmie\n|-heal|p2a: Starmie|100/100 par\n|\n|upkeep\n|turn|49\n|inactive|Laroxyl has 270 seconds left.\n|\n|t:|1770569796\n|switch|p2a: Chansey|Chansey|83/100 par\n|move|p1a: Chansey|Soft-Boiled|p1a: Chansey\n|-heal|p1a: Chansey|100/100 par\n|\n|upkeep\n|turn|50\n|\n|t:|1770569805\n|move|p2a: Chansey|Ice Beam|p1a: Chansey\n|-damage|p1a: Chansey|89/100 par\n|move|p1a: Chansey|Thunderbolt|p2a: Chansey\n|-damage|p2a: Chansey|72/100 par\n|\n|upkeep\n|turn|51\n|\n|t:|1770569810\n|switch|p1a: Snorlax|Snorlax|82/100 par\n|move|p2a: Chansey|Soft-Boiled|p2a: Chansey\n|-heal|p2a: Chansey|100/100 par\n|\n|upkeep\n|turn|52\n|\n|t:|1770569818\n|switch|p2a: Starmie|Starmie|100/100 par\n|move|p1a: Snorlax|Body Slam|p2a: Starmie\n|-damage|p2a: Starmie|62/100 par\n|\n|upkeep\n|turn|53\n|\n|t:|1770569826\n|switch|p1a: Chansey|Chansey|89/100 par\n|move|p2a: Starmie|Recover|p2a: Starmie\n|-heal|p2a: Starmie|100/100 par\n|\n|upkeep\n|turn|54\n|\n|t:|1770569832\n|switch|p2a: Chansey|Chansey|100/100 par\n|switch|p1a: Snorlax|Snorlax|82/100 par\n|\n|upkeep\n|turn|55\n|\n|t:|1770569836\n|switch|p2a: Starmie|Starmie|100/100 par\n|move|p1a: Snorlax|Body Slam|p2a: Starmie\n|-damage|p2a: Starmie|61/100 par\n|\n|upkeep\n|turn|56\n|\n|t:|1770569841\n|switch|p1a: Chansey|Chansey|89/100 par\n|move|p2a: Starmie|Recover|p2a: Starmie\n|-heal|p2a: Starmie|100/100 par\n|\n|upkeep\n|turn|57\n|\n|t:|1770569845\n|switch|p2a: Snorlax|Snorlax|50/100 par\n|switch|p1a: Snorlax|Snorlax|82/100 par\n|\n|upkeep\n|turn|58\n|\n|t:|1770569861\n|cant|p2a: Snorlax|par\n|move|p1a: Snorlax|Body Slam|p2a: Snorlax\n|-damage|p2a: Snorlax|26/100 par\n|\n|upkeep\n|turn|59\n|\n|t:|1770569885\n|switch|p1a: Rhydon|Rhydon|100/100\n|switch|p2a: Starmie|Starmie|100/100 par\n|\n|upkeep\n|turn|60\n|inactive|Laroxyl has 270 seconds left.\n|\n|t:|1770569916\n|switch|p1a: Chansey|Chansey|89/100 par\n|cant|p2a: Starmie|par\n|\n|upkeep\n|turn|61\n|\n|t:|1770569927\n|switch|p2a: Rhydon|Rhydon|100/100\n|cant|p1a: Chansey|par\n|\n|upkeep\n|turn|62\n|\n|t:|1770569949\n|switch|p1a: Exeggutor|Exeggutor|100/100\n|move|p2a: Rhydon|Earthquake|p1a: Exeggutor\n|-resisted|p1a: Exeggutor\n|-damage|p1a: Exeggutor|80/100\n|\n|upkeep\n|turn|63\n|inactive|Laroxyl has 240 seconds left.\n|\n|t:|1770569980\n|switch|p2a: Chansey|Chansey|100/100 par\n|move|p1a: Exeggutor|Psychic|p2a: Chansey\n|-damage|p2a: Chansey|82/100 par\n|\n|upkeep\n|turn|64\n|inactive|Laroxyl has 210 seconds left.\n|inactive|Laroxyl has 180 seconds left.\n|\n|t:|1770570068\n|switch|p1a: Chansey|Chansey|89/100 par\n|move|p2a: Chansey|Ice Beam|p1a: Chansey\n|-damage|p1a: Chansey|79/100 par\n|\n|upkeep\n|turn|65\n|\n|t:|1770570082\n|move|p1a: Chansey|Ice Beam|p2a: Chansey\n|-damage|p2a: Chansey|71/100 par\n|move|p2a: Chansey|Ice Beam|p1a: Chansey\n|-damage|p1a: Chansey|69/100 par\n|\n|upkeep\n|turn|66\n|\n|t:|1770570110\n|move|p1a: Chansey|Ice Beam|p2a: Chansey\n|-damage|p2a: Chansey|61/100 par\n|move|p2a: Chansey|Soft-Boiled|p2a: Chansey\n|-heal|p2a: Chansey|100/100 par\n|\n|upkeep\n|turn|67\n|\n|t:|1770570122\n|switch|p2a: Snorlax|Snorlax|26/100 par\n|move|p1a: Chansey|Ice Beam|p2a: Snorlax\n|-damage|p2a: Snorlax|7/100 par\n|\n|upkeep\n|turn|68\n|\n|t:|1770570137\n|move|p1a: Chansey|Ice Beam|p2a: Snorlax\n|-damage|p2a: Snorlax|0 fnt\n|faint|p2a: Snorlax\n|\n|t:|1770570139\n|switch|p2a: Rhydon|Rhydon|100/100\n|turn|69\n|\n|t:|1770570147\n|switch|p1a: Exeggutor|Exeggutor|80/100\n|move|p2a: Rhydon|Rock Slide|p1a: Exeggutor\n|-damage|p1a: Exeggutor|48/100\n|\n|upkeep\n|turn|70\n|\n|t:|1770570172\n|switch|p2a: Starmie|Starmie|100/100 par\n|move|p1a: Exeggutor|Psychic|p2a: Starmie\n|-resisted|p2a: Starmie\n|-damage|p2a: Starmie|80/100 par\n|\n|upkeep\n|turn|71\n|inactive|Laroxyl has 150 seconds left.\n|\n|t:|1770570196\n|move|p1a: Exeggutor|Psychic|p2a: Starmie\n|-resisted|p2a: Starmie\n|-damage|p2a: Starmie|60/100 par\n|-unboost|p2a: Starmie|spa|1\n|-unboost|p2a: Starmie|spd|1\n|move|p2a: Starmie|Blizzard|p1a: Exeggutor\n|-supereffective|p1a: Exeggutor\n|-damage|p1a: Exeggutor|23/100\n|\n|upkeep\n|turn|72\n|inactive|Laroxyl has 150 seconds left.\n|inactive|sadisticnarwhal has 270 seconds left.\n|inactive|Laroxyl has 120 seconds left.\n|\n|t:|1770570243\n|move|p1a: Exeggutor|Explosion|p2a: Starmie\n|-damage|p2a: Starmie|0 fnt\n|faint|p2a: Starmie\n|faint|p1a: Exeggutor\n|inactive|Laroxyl has 120 seconds left.\n|inactive|sadisticnarwhal has 240 seconds left.\n|inactive|Laroxyl has 90 seconds left.\n|\n|t:|1770570300\n|switch|p1a: Snorlax|Snorlax|82/100 par\n|switch|p2a: Tauros|Tauros|100/100\n|turn|73\n|inactive|Laroxyl has 90 seconds left.\n|\n|t:|1770570311\n|switch|p2a: Rhydon|Rhydon|100/100\n|move|p1a: Snorlax|Body Slam|p2a: Rhydon\n|-resisted|p2a: Rhydon\n|-damage|p2a: Rhydon|89/100\n|-status|p2a: Rhydon|par\n|\n|upkeep\n|turn|74\n|\n|t:|1770570320\n|move|p2a: Rhydon|Earthquake|p1a: Snorlax\n|-damage|p1a: Snorlax|46/100 par\n|move|p1a: Snorlax|Reflect|p1a: Snorlax\n|-start|p1a: Snorlax|Reflect\n|\n|upkeep\n|turn|75\n|\n|t:|1770570324\n|switch|p2a: Tauros|Tauros|100/100\n|move|p1a: Snorlax|Rest|p1a: Snorlax\n|-status|p1a: Snorlax|slp|[from] move: Rest\n|-heal|p1a: Snorlax|100/100 slp|[silent]\n|\n|upkeep\n|turn|76\n|\n|t:|1770570327\n|move|p2a: Tauros|Body Slam|p1a: Snorlax\n|-damage|p1a: Snorlax|88/100 slp\n|cant|p1a: Snorlax|slp\n|\n|upkeep\n|turn|77\n|\n|t:|1770570330\n|move|p2a: Tauros|Body Slam|p1a: Snorlax\n|-damage|p1a: Snorlax|76/100 slp\n|-curestatus|p1a: Snorlax|slp|[msg]\n|\n|upkeep\n|turn|78\n|\n|t:|1770570337\n|move|p2a: Tauros|Blizzard|p1a: Snorlax\n|-crit|p1a: Snorlax\n|-damage|p1a: Snorlax|37/100\n|move|p1a: Snorlax|Body Slam|p2a: Tauros\n|-damage|p2a: Tauros|69/100\n|\n|upkeep\n|turn|79\n|inactive|sadisticnarwhal has 270 seconds left.\n|\n|t:|1770570351\n|move|p2a: Tauros|Body Slam|p1a: Snorlax\n|-damage|p1a: Snorlax|24/100\n|move|p1a: Snorlax|Self-Destruct|p2a: Tauros\n|-damage|p2a: Tauros|0 fnt\n|faint|p2a: Tauros\n|faint|p1a: Snorlax\n|inactive|sadisticnarwhal has 270 seconds left.\n|inactive|Laroxyl has 120 seconds left.\n|\n|t:|1770570401\n|switch|p2a: Chansey|Chansey|100/100 par\n|switch|p1a: Rhydon|Rhydon|100/100\n|turn|80\n|\n|t:|1770570405\n|move|p1a: Rhydon|Earthquake|p2a: Chansey\n|-crit|p2a: Chansey\n|-damage|p2a: Chansey|2/100 par\n|cant|p2a: Chansey|par\n|\n|upkeep\n|turn|81\n|\n|t:|1770570408\n|move|p1a: Rhydon|Earthquake|p2a: Chansey\n|-damage|p2a: Chansey|0 fnt\n|faint|p2a: Chansey\n|c|☆sadisticnarwhal|gg\n|\n|t:|1770570412\n|switch|p2a: Rhydon|Rhydon|89/100 par\n|turn|82\n|c|☆Laroxyl|gg\n|\n|t:|1770570416\n|move|p1a: Rhydon|Earthquake|p2a: Rhydon\n|-supereffective|p2a: Rhydon\n|-damage|p2a: Rhydon|26/100 par\n|move|p2a: Rhydon|Earthquake|p1a: Rhydon\n|-supereffective|p1a: Rhydon\n|-damage|p1a: Rhydon|41/100\n|\n|upkeep\n|turn|83\n|\n|t:|1770570438\n|move|p1a: Rhydon|Earthquake|p2a: Rhydon\n|-supereffective|p2a: Rhydon\n|-damage|p2a: Rhydon|0 fnt\n|faint|p2a: Rhydon\n|\n|win|Laroxyl\n","uploadtime":1770570438,"views":"910","formatid":"gen1ou","rating":null,"private":0,"password":null}