{"id":"smogtours-gen1ou-911773","format":"[Gen 1] OU","players":["Serpi n_n","Girls See Ghosts"],"log":"|inactive|Battle timer is ON: inactive players will automatically lose when time's up.\n|t:|1771789514\n|gametype|singles\n|player|p1|Serpi n_n|#splxviibigs2|\n|player|p2|Girls See Ghosts|#splxviisharks|\n|gen|1\n|tier|[Gen 1] OU\n|rule|Desync Clause Mod: Desyncs changed to move failure.\n|rule|Sleep Clause Mod: Limit one foe put to sleep\n|rule|Freeze Clause Mod: Limit one foe frozen\n|rule|Species Clause: Limit one of each Pokémon\n|rule|OHKO Clause: OHKO moves are banned\n|rule|Evasion Moves Clause: Evasion moves are banned\n|rule|Endless Battle Clause: Forcing endless battles is banned\n|rule|HP Percentage Mod: HP is shown in percentages\n|\n|t:|1771789514\n|teamsize|p1|6\n|teamsize|p2|6\n|start\n|switch|p1a: Starmie|Starmie|100/100\n|switch|p2a: Chansey|Chansey|100/100\n|turn|1\n|c|☆Serpi n_n|hf\n|c|☆Girls See Ghosts|glhf\n|rated|Smogon Premier League\n|inactive|Serpi n_n has 270 seconds left.\n|inactive|Serpi n_n has 240 seconds left.\n|\n|t:|1771789575\n|switch|p1a: Exeggutor|Exeggutor|100/100\n|move|p2a: Chansey|Sing|p1a: Exeggutor|[miss]\n|-miss|p2a: Chansey\n|\n|upkeep\n|turn|2\n|\n|t:|1771789585\n|move|p1a: Exeggutor|Sleep Powder|p2a: Chansey\n|-status|p2a: Chansey|slp|[from] move: Sleep Powder\n|cant|p2a: Chansey|slp\n|\n|upkeep\n|turn|3\n|\n|t:|1771789595\n|switch|p2a: Exeggutor|Exeggutor|100/100\n|move|p1a: Exeggutor|Stun Spore|p2a: Exeggutor\n|-status|p2a: Exeggutor|par\n|\n|upkeep\n|turn|4\n|inactive|Serpi n_n has 270 seconds left.\n|\n|t:|1771789628\n|move|p1a: Exeggutor|Psychic|p2a: Exeggutor\n|-resisted|p2a: Exeggutor\n|-damage|p2a: Exeggutor|86/100 par\n|move|p2a: Exeggutor|Sleep Powder|p1a: Exeggutor|[miss]\n|-miss|p2a: Exeggutor\n|\n|upkeep\n|turn|5\n|\n|t:|1771789637\n|move|p1a: Exeggutor|Psychic|p2a: Exeggutor\n|-resisted|p2a: Exeggutor\n|-damage|p2a: Exeggutor|73/100 par\n|move|p2a: Exeggutor|Sleep Powder|p1a: Exeggutor\n|-status|p1a: Exeggutor|slp|[from] move: Sleep Powder\n|\n|upkeep\n|turn|6\n|inactive|Serpi n_n has 270 seconds left.\n|\n|t:|1771789656\n|switch|p1a: Chansey|Chansey|100/100\n|move|p2a: Exeggutor|Stun Spore|p1a: Chansey|[miss]\n|-miss|p2a: Exeggutor\n|\n|upkeep\n|turn|7\n|inactive|Girls See Ghosts has 270 seconds left.\n|\n|t:|1771789688\n|switch|p2a: Chansey|Chansey|100/100 slp\n|move|p1a: Chansey|Seismic Toss|p2a: Chansey\n|-damage|p2a: Chansey|86/100 slp\n|\n|upkeep\n|turn|8\n|inactive|Girls See Ghosts has 270 seconds left.\n|\n|t:|1771789700\n|switch|p1a: Snorlax|Snorlax|100/100\n|switch|p2a: Snorlax|Snorlax|100/100\n|\n|upkeep\n|turn|9\n|\n|t:|1771789705\n|move|p1a: Snorlax|Reflect|p1a: Snorlax\n|-start|p1a: Snorlax|Reflect\n|move|p2a: Snorlax|Reflect|p2a: Snorlax\n|-start|p2a: Snorlax|Reflect\n|\n|upkeep\n|turn|10\n|\n|t:|1771789711\n|move|p2a: Snorlax|Body Slam|p1a: Snorlax\n|-damage|p1a: Snorlax|86/100\n|move|p1a: Snorlax|Ice Beam|p2a: Snorlax\n|-damage|p2a: Snorlax|86/100\n|\n|upkeep\n|turn|11\n|\n|t:|1771789724\n|move|p2a: Snorlax|Body Slam|p1a: Snorlax\n|-damage|p1a: Snorlax|73/100\n|move|p1a: Snorlax|Ice Beam|p2a: Snorlax\n|-damage|p2a: Snorlax|73/100\n|\n|upkeep\n|turn|12\n|\n|t:|1771789734\n|move|p2a: Snorlax|Body Slam|p1a: Snorlax\n|-damage|p1a: Snorlax|59/100\n|move|p1a: Snorlax|Ice Beam|p2a: Snorlax\n|-damage|p2a: Snorlax|57/100\n|-status|p2a: Snorlax|frz\n|\n|upkeep\n|turn|13\n|\n|t:|1771789745\n|switch|p2a: Starmie|Starmie|100/100\n|move|p1a: Snorlax|Body Slam|p2a: Starmie\n|-damage|p2a: Starmie|64/100\n|\n|upkeep\n|turn|14\n|inactive|Serpi n_n has 270 seconds left.\n|\n|t:|1771789780\n|move|p2a: Starmie|Thunder Wave|p1a: Snorlax\n|-status|p1a: Snorlax|par\n|move|p1a: Snorlax|Body Slam|p2a: Starmie\n|-damage|p2a: Starmie|26/100\n|\n|upkeep\n|turn|15\n|\n|t:|1771789786\n|move|p2a: Starmie|Recover|p2a: Starmie\n|-heal|p2a: Starmie|76/100\n|move|p1a: Snorlax|Body Slam|p2a: Starmie\n|-damage|p2a: Starmie|42/100\n|\n|upkeep\n|turn|16\n|inactive|Serpi n_n has 270 seconds left.\n|\n|t:|1771789802\n|move|p2a: Starmie|Recover|p2a: Starmie\n|-heal|p2a: Starmie|92/100\n|move|p1a: Snorlax|Body Slam|p2a: Starmie\n|-damage|p2a: Starmie|58/100\n|-status|p2a: Starmie|par\n|\n|upkeep\n|turn|17\n|inactive|Serpi n_n has 270 seconds left.\n|\n|t:|1771789812\n|cant|p2a: Starmie|par\n|move|p1a: Snorlax|Rest|p1a: Snorlax\n|-status|p1a: Snorlax|slp|[from] move: Rest\n|-heal|p1a: Snorlax|100/100 slp|[silent]\n|\n|upkeep\n|turn|18\n|\n|t:|1771789818\n|move|p2a: Starmie|Recover|p2a: Starmie\n|-heal|p2a: Starmie|100/100 par\n|cant|p1a: Snorlax|slp\n|\n|upkeep\n|turn|19\n|\n|t:|1771789828\n|cant|p2a: Starmie|par\n|-curestatus|p1a: Snorlax|slp|[msg]\n|\n|upkeep\n|turn|20\n|\n|t:|1771789837\n|switch|p1a: Exeggutor|Exeggutor|100/100 slp\n|cant|p2a: Starmie|par\n|\n|upkeep\n|turn|21\n|\n|t:|1771789860\n|switch|p1a: Chansey|Chansey|100/100\n|cant|p2a: Starmie|par\n|\n|upkeep\n|turn|22\n|inactive|Serpi n_n has 270 seconds left.\n|\n|t:|1771789886\n|switch|p1a: Exeggutor|Exeggutor|100/100 slp\n|cant|p2a: Starmie|par\n|\n|upkeep\n|turn|23\n|c|☆Girls See Ghosts|anytime u want starmie\n|\n|t:|1771789910\n|switch|p2a: Tauros|Tauros|100/100\n|cant|p1a: Exeggutor|slp\n|\n|upkeep\n|turn|24\n|inactive|Serpi n_n has 270 seconds left.\n|inactive|Girls See Ghosts has 270 seconds left.\n|inactive|Serpi n_n has 240 seconds left.\n|\n|t:|1771789961\n|switch|p1a: Snorlax|Snorlax|100/100\n|move|p2a: Tauros|Blizzard|p1a: Snorlax\n|-damage|p1a: Snorlax|83/100\n|-status|p1a: Snorlax|frz\n|\n|upkeep\n|turn|25\n|inactive|Girls See Ghosts has 270 seconds left.\n|inactive|Serpi n_n has 240 seconds left.\n|\n|t:|1771789987\n|move|p2a: Tauros|Body Slam|p1a: Snorlax\n|-crit|p1a: Snorlax\n|-damage|p1a: Snorlax|35/100 frz\n|cant|p1a: Snorlax|frz\n|\n|upkeep\n|turn|26\n|inactive|Girls See Ghosts has 270 seconds left.\n|inactive|Girls See Ghosts has 240 seconds left.\n|\n|t:|1771790042\n|move|p2a: Tauros|Body Slam|p1a: Snorlax\n|-damage|p1a: Snorlax|8/100 frz\n|cant|p1a: Snorlax|frz\n|\n|upkeep\n|turn|27\n|\n|t:|1771790056\n|move|p2a: Tauros|Body Slam|p1a: Snorlax\n|-damage|p1a: Snorlax|0 fnt\n|faint|p1a: Snorlax\n|\n|t:|1771790058\n|switch|p1a: Starmie|Starmie|100/100\n|turn|28\n|\n|t:|1771790065\n|switch|p1a: Tauros|Tauros|100/100\n|switch|p2a: Chansey|Chansey|86/100 slp\n|\n|upkeep\n|turn|29\n|\n|t:|1771790069\n|switch|p2a: Snorlax|Snorlax|57/100 frz\n|move|p1a: Tauros|Body Slam|p2a: Snorlax\n|-crit|p2a: Snorlax\n|-damage|p2a: Snorlax|6/100 frz\n|\n|upkeep\n|turn|30\n|\n|t:|1771790073\n|move|p1a: Tauros|Body Slam|p2a: Snorlax\n|-damage|p2a: Snorlax|0 fnt\n|faint|p2a: Snorlax\n|\n|t:|1771790080\n|switch|p2a: Starmie|Starmie|100/100 par\n|turn|31\n|\n|t:|1771790101\n|switch|p1a: Chansey|Chansey|100/100\n|move|p2a: Starmie|Thunder Wave|p1a: Chansey\n|-status|p1a: Chansey|par\n|\n|upkeep\n|turn|32\n|\n|t:|1771790120\n|cant|p2a: Starmie|par\n|move|p1a: Chansey|Seismic Toss|p2a: Starmie\n|-damage|p2a: Starmie|70/100 par\n|\n|upkeep\n|turn|33\n|\n|t:|1771790123\n|cant|p2a: Starmie|par\n|move|p1a: Chansey|Seismic Toss|p2a: Starmie\n|-damage|p2a: Starmie|39/100 par\n|\n|upkeep\n|turn|34\n|\n|t:|1771790128\n|switch|p1a: Rhydon|Rhydon|100/100\n|move|p2a: Starmie|Recover|p2a: Starmie\n|-heal|p2a: Starmie|88/100 par\n|\n|upkeep\n|turn|35\n|\n|t:|1771790146\n|switch|p1a: Chansey|Chansey|100/100 par\n|cant|p2a: Starmie|par\n|\n|upkeep\n|turn|36\n|inactive|Girls See Ghosts has 270 seconds left.\n|\n|t:|1771790180\n|move|p2a: Starmie|Surf|p1a: Chansey\n|-damage|p1a: Chansey|86/100 par\n|cant|p1a: Chansey|par\n|\n|upkeep\n|turn|37\n|\n|t:|1771790186\n|cant|p2a: Starmie|par\n|move|p1a: Chansey|Seismic Toss|p2a: Starmie\n|-damage|p2a: Starmie|57/100 par\n|\n|upkeep\n|turn|38\n|\n|t:|1771790189\n|cant|p2a: Starmie|par\n|move|p1a: Chansey|Seismic Toss|p2a: Starmie\n|-damage|p2a: Starmie|27/100 par\n|\n|upkeep\n|turn|39\n|\n|t:|1771790191\n|move|p2a: Starmie|Recover|p2a: Starmie\n|-heal|p2a: Starmie|76/100 par\n|move|p1a: Chansey|Seismic Toss|p2a: Starmie\n|-damage|p2a: Starmie|45/100 par\n|\n|upkeep\n|turn|40\n|\n|t:|1771790197\n|move|p2a: Starmie|Recover|p2a: Starmie\n|-heal|p2a: Starmie|95/100 par\n|move|p1a: Chansey|Seismic Toss|p2a: Starmie\n|-damage|p2a: Starmie|64/100 par\n|\n|upkeep\n|turn|41\n|\n|t:|1771790202\n|move|p2a: Starmie|Recover|p2a: Starmie\n|-heal|p2a: Starmie|100/100 par\n|move|p1a: Chansey|Seismic Toss|p2a: Starmie\n|-damage|p2a: Starmie|70/100 par\n|\n|upkeep\n|turn|42\n|\n|t:|1771790208\n|cant|p2a: Starmie|par\n|move|p1a: Chansey|Seismic Toss|p2a: Starmie\n|-damage|p2a: Starmie|39/100 par\n|\n|upkeep\n|turn|43\n|\n|t:|1771790213\n|cant|p2a: Starmie|par\n|cant|p1a: Chansey|par\n|\n|upkeep\n|turn|44\n|\n|t:|1771790217\n|switch|p1a: Rhydon|Rhydon|100/100\n|move|p2a: Starmie|Recover|p2a: Starmie\n|-heal|p2a: Starmie|88/100 par\n|\n|upkeep\n|turn|45\n|\n|t:|1771790230\n|switch|p1a: Starmie|Starmie|100/100\n|cant|p2a: Starmie|par\n|\n|upkeep\n|turn|46\n|inactive|Serpi n_n has 270 seconds left.\n|\n|t:|1771790260\n|switch|p1a: Chansey|Chansey|86/100 par\n|move|p2a: Starmie|Thunder Wave|p1a: Chansey\n|-fail|p1a: Chansey|par\n|\n|upkeep\n|turn|47\n|\n|t:|1771790268\n|cant|p2a: Starmie|par\n|move|p1a: Chansey|Seismic Toss|p2a: Starmie\n|-damage|p2a: Starmie|57/100 par\n|\n|upkeep\n|turn|48\n|\n|t:|1771790277\n|cant|p2a: Starmie|par\n|cant|p1a: Chansey|par\n|\n|upkeep\n|turn|49\n|\n|t:|1771790280\n|move|p2a: Starmie|Recover|p2a: Starmie\n|-heal|p2a: Starmie|100/100 par\n|move|p1a: Chansey|Seismic Toss|p2a: Starmie\n|-damage|p2a: Starmie|70/100 par\n|\n|upkeep\n|turn|50\n|\n|t:|1771790282\n|move|p2a: Starmie|Recover|p2a: Starmie\n|-heal|p2a: Starmie|100/100 par\n|move|p1a: Chansey|Seismic Toss|p2a: Starmie\n|-damage|p2a: Starmie|70/100 par\n|\n|upkeep\n|turn|51\n|\n|t:|1771790286\n|cant|p2a: Starmie|par\n|move|p1a: Chansey|Seismic Toss|p2a: Starmie\n|-damage|p2a: Starmie|39/100 par\n|\n|upkeep\n|turn|52\n|\n|t:|1771790289\n|switch|p1a: Rhydon|Rhydon|100/100\n|move|p2a: Starmie|Recover|p2a: Starmie\n|-heal|p2a: Starmie|88/100 par\n|\n|upkeep\n|turn|53\n|\n|t:|1771790296\n|switch|p1a: Chansey|Chansey|86/100 par\n|move|p2a: Starmie|Surf|p1a: Chansey\n|-damage|p1a: Chansey|72/100 par\n|\n|upkeep\n|turn|54\n|inactive|Girls See Ghosts has 270 seconds left.\n|\n|t:|1771790335\n|switch|p2a: Rhydon|Rhydon|100/100\n|move|p1a: Chansey|Soft-Boiled|p1a: Chansey\n|-heal|p1a: Chansey|100/100 par\n|\n|upkeep\n|turn|55\n|inactive|Girls See Ghosts has 270 seconds left.\n|\n|t:|1771790357\n|switch|p1a: Exeggutor|Exeggutor|100/100 slp\n|move|p2a: Rhydon|Body Slam|p1a: Exeggutor\n|-damage|p1a: Exeggutor|79/100 slp\n|\n|upkeep\n|turn|56\n|\n|t:|1771790363\n|cant|p1a: Exeggutor|slp\n|move|p2a: Rhydon|Rock Slide|p1a: Exeggutor\n|-damage|p1a: Exeggutor|47/100 slp\n|\n|upkeep\n|turn|57\n|\n|t:|1771790373\n|cant|p1a: Exeggutor|slp\n|move|p2a: Rhydon|Body Slam|p1a: Exeggutor\n|-damage|p1a: Exeggutor|26/100 slp\n|\n|upkeep\n|turn|58\n|\n|t:|1771790380\n|switch|p1a: Starmie|Starmie|100/100\n|move|p2a: Rhydon|Body Slam|p1a: Starmie\n|-damage|p1a: Starmie|72/100\n|\n|upkeep\n|turn|59\n|\n|t:|1771790392\n|switch|p2a: Starmie|Starmie|88/100 par\n|move|p1a: Starmie|Surf|p2a: Starmie\n|-resisted|p2a: Starmie\n|-damage|p2a: Starmie|72/100 par\n|\n|upkeep\n|turn|60\n|\n|t:|1771790400\n|move|p1a: Starmie|Thunderbolt|p2a: Starmie\n|-supereffective|p2a: Starmie\n|-damage|p2a: Starmie|23/100 par\n|move|p2a: Starmie|Thunder Wave|p1a: Starmie\n|-status|p1a: Starmie|par\n|\n|upkeep\n|turn|61\n|\n|t:|1771790418\n|switch|p2a: Exeggutor|Exeggutor|73/100 par\n|switch|p1a: Rhydon|Rhydon|100/100\n|\n|upkeep\n|turn|62\n|inactive|Girls See Ghosts has 270 seconds left.\n|inactive|Serpi n_n has 270 seconds left.\n|\n|t:|1771790472\n|switch|p1a: Starmie|Starmie|72/100 par\n|cant|p2a: Exeggutor|par\n|\n|upkeep\n|turn|63\n|\n|t:|1771790480\n|move|p1a: Starmie|Surf|p2a: Exeggutor\n|-resisted|p2a: Exeggutor\n|-damage|p2a: Exeggutor|61/100 par\n|move|p2a: Exeggutor|Psychic|p1a: Starmie\n|-resisted|p1a: Starmie\n|-damage|p1a: Starmie|53/100 par\n|\n|upkeep\n|turn|64\n|\n|t:|1771790487\n|move|p1a: Starmie|Recover|p1a: Starmie\n|-heal|p1a: Starmie|100/100 par\n|move|p2a: Exeggutor|Psychic|p1a: Starmie\n|-resisted|p1a: Starmie\n|-damage|p1a: Starmie|82/100 par\n|\n|upkeep\n|turn|65\n|\n|t:|1771790496\n|move|p1a: Starmie|Surf|p2a: Exeggutor\n|-resisted|p2a: Exeggutor\n|-damage|p2a: Exeggutor|50/100 par\n|move|p2a: Exeggutor|Psychic|p1a: Starmie\n|-resisted|p1a: Starmie\n|-damage|p1a: Starmie|63/100 par\n|\n|upkeep\n|turn|66\n|inactive|Girls See Ghosts has 270 seconds left.\n|inactive|Serpi n_n has 270 seconds left.\n|inactive|Serpi n_n has 240 seconds left.\n|\n|t:|1771790571\n|move|p1a: Starmie|Surf|p2a: Exeggutor\n|-resisted|p2a: Exeggutor\n|-damage|p2a: Exeggutor|39/100 par\n|cant|p2a: Exeggutor|par\n|\n|upkeep\n|turn|67\n|inactive|Serpi n_n has 240 seconds left.\n|inactive|Serpi n_n has 210 seconds left.\n|\n|t:|1771790623\n|move|p1a: Starmie|Recover|p1a: Starmie\n|-heal|p1a: Starmie|100/100 par\n|move|p2a: Exeggutor|Psychic|p1a: Starmie\n|-crit|p1a: Starmie\n|-resisted|p1a: Starmie\n|-damage|p1a: Starmie|65/100 par\n|-unboost|p1a: Starmie|spa|1\n|-unboost|p1a: Starmie|spd|1\n|\n|upkeep\n|turn|68\n|\n|t:|1771790632\n|cant|p2a: Exeggutor|par\n|move|p1a: Starmie|Recover|p1a: Starmie\n|-heal|p1a: Starmie|100/100 par\n|\n|upkeep\n|turn|69\n|inactive|Girls See Ghosts has 270 seconds left.\n|\n|t:|1771790647\n|switch|p2a: Starmie|Starmie|23/100 par\n|switch|p1a: Chansey|Chansey|100/100 par\n|\n|upkeep\n|turn|70\n|\n|t:|1771790666\n|cant|p2a: Starmie|par\n|cant|p1a: Chansey|par\n|\n|upkeep\n|turn|71\n|\n|t:|1771790670\n|move|p2a: Starmie|Recover|p2a: Starmie\n|-heal|p2a: Starmie|73/100 par\n|move|p1a: Chansey|Seismic Toss|p2a: Starmie\n|-damage|p2a: Starmie|42/100 par\n|\n|upkeep\n|turn|72\n|inactive|Serpi n_n has 210 seconds left.\n|\n|t:|1771790687\n|move|p2a: Starmie|Recover|p2a: Starmie\n|-heal|p2a: Starmie|92/100 par\n|move|p1a: Chansey|Seismic Toss|p2a: Starmie\n|-damage|p2a: Starmie|61/100 par\n|\n|upkeep\n|turn|73\n|\n|t:|1771790691\n|move|p2a: Starmie|Recover|p2a: Starmie\n|-heal|p2a: Starmie|100/100 par\n|cant|p1a: Chansey|par\n|\n|upkeep\n|turn|74\n|\n|t:|1771790720\n|switch|p2a: Rhydon|Rhydon|100/100\n|move|p1a: Chansey|Seismic Toss|p2a: Rhydon\n|-damage|p2a: Rhydon|76/100\n|\n|upkeep\n|turn|75\n|inactive|Serpi n_n has 210 seconds left.\n|inactive|Girls See Ghosts has 270 seconds left.\n|inactive|Serpi n_n has 180 seconds left.\n|inactive|Serpi n_n has 150 seconds left.\n|\n|t:|1771790806\n|switch|p1a: Starmie|Starmie|100/100 par\n|move|p2a: Rhydon|Substitute|p2a: Rhydon\n|-start|p2a: Rhydon|Substitute\n|-damage|p2a: Rhydon|51/100\n|\n|upkeep\n|turn|76\n|\n|t:|1771790811\n|move|p2a: Rhydon|Earthquake|p1a: Starmie\n|-damage|p1a: Starmie|55/100 par\n|move|p1a: Starmie|Surf|p2a: Rhydon\n|-supereffective|p2a: Rhydon\n|-end|p2a: Rhydon|Substitute\n|\n|upkeep\n|turn|77\n|inactive|Girls See Ghosts has 270 seconds left.\n|\n|t:|1771790856\n|switch|p2a: Exeggutor|Exeggutor|39/100 par\n|move|p1a: Starmie|Surf|p2a: Exeggutor\n|-resisted|p2a: Exeggutor\n|-damage|p2a: Exeggutor|27/100 par\n|\n|upkeep\n|turn|78\n|inactive|Serpi n_n has 150 seconds left.\n|\n|t:|1771790897\n|move|p1a: Starmie|Recover|p1a: Starmie\n|-heal|p1a: Starmie|100/100 par\n|move|p2a: Exeggutor|Explosion|p1a: Starmie\n|-damage|p1a: Starmie|10/100 par\n|faint|p2a: Exeggutor\n|\n|t:|1771790909\n|switch|p2a: Tauros|Tauros|100/100\n|turn|79\n|\n|t:|1771790919\n|switch|p1a: Exeggutor|Exeggutor|26/100 slp\n|move|p2a: Tauros|Body Slam|p1a: Exeggutor\n|-crit|p1a: Exeggutor\n|-damage|p1a: Exeggutor|0 fnt\n|faint|p1a: Exeggutor\n|\n|t:|1771790932\n|switch|p1a: Tauros|Tauros|100/100\n|turn|80\n|\n|t:|1771790953\n|move|p2a: Tauros|Body Slam|p1a: Tauros\n|-damage|p1a: Tauros|73/100\n|move|p1a: Tauros|Body Slam|p2a: Tauros\n|-damage|p2a: Tauros|69/100\n|\n|upkeep\n|turn|81\n|\n|t:|1771790959\n|move|p2a: Tauros|Body Slam|p1a: Tauros\n|-damage|p1a: Tauros|45/100\n|move|p1a: Tauros|Body Slam|p2a: Tauros\n|-damage|p2a: Tauros|38/100\n|\n|upkeep\n|turn|82\n|inactive|Serpi n_n has 150 seconds left.\n|inactive|Girls See Ghosts has 240 seconds left.\n|inactive|Serpi n_n has 120 seconds left.\n|\n|t:|1771791014\n|switch|p2a: Starmie|Starmie|100/100 par\n|switch|p1a: Chansey|Chansey|100/100 par\n|\n|upkeep\n|turn|83\n|inactive|Serpi n_n has 120 seconds left.\n|\n|t:|1771791040\n|cant|p2a: Starmie|par\n|move|p1a: Chansey|Seismic Toss|p2a: Starmie\n|-damage|p2a: Starmie|70/100 par\n|\n|upkeep\n|turn|84\n|\n|t:|1771791045\n|cant|p2a: Starmie|par\n|cant|p1a: Chansey|par\n|\n|upkeep\n|turn|85\n|\n|t:|1771791048\n|move|p2a: Starmie|Recover|p2a: Starmie\n|-heal|p2a: Starmie|100/100 par\n|move|p1a: Chansey|Seismic Toss|p2a: Starmie\n|-damage|p2a: Starmie|70/100 par\n|\n|upkeep\n|turn|86\n|\n|t:|1771791052\n|move|p2a: Starmie|Recover|p2a: Starmie\n|-heal|p2a: Starmie|100/100 par\n|move|p1a: Chansey|Seismic Toss|p2a: Starmie\n|-damage|p2a: Starmie|70/100 par\n|\n|upkeep\n|turn|87\n|\n|t:|1771791055\n|cant|p2a: Starmie|par\n|move|p1a: Chansey|Seismic Toss|p2a: Starmie\n|-damage|p2a: Starmie|39/100 par\n|\n|upkeep\n|turn|88\n|\n|t:|1771791057\n|switch|p1a: Starmie|Starmie|10/100 par\n|cant|p2a: Starmie|par\n|\n|upkeep\n|turn|89\n|\n|t:|1771791065\n|move|p2a: Starmie|Thunderbolt|p1a: Starmie\n|-crit|p1a: Starmie\n|-supereffective|p1a: Starmie\n|-damage|p1a: Starmie|0 fnt\n|faint|p1a: Starmie\n|inactive|Serpi n_n has 150 seconds left.\n|\n|t:|1771791078\n|switch|p1a: Rhydon|Rhydon|100/100\n|turn|90\n|\n|t:|1771791094\n|move|p1a: Rhydon|Substitute|p1a: Rhydon\n|-start|p1a: Rhydon|Substitute\n|-damage|p1a: Rhydon|76/100\n|cant|p2a: Starmie|par\n|\n|upkeep\n|turn|91\n|\n|t:|1771791100\n|switch|p2a: Chansey|Chansey|86/100 slp\n|move|p1a: Rhydon|Earthquake|p2a: Chansey\n|-damage|p2a: Chansey|33/100 slp\n|\n|upkeep\n|turn|92\n|\n|t:|1771791103\n|cant|p2a: Chansey|slp\n|move|p1a: Rhydon|Earthquake|p2a: Chansey\n|-damage|p2a: Chansey|0 fnt\n|faint|p2a: Chansey\n|\n|t:|1771791118\n|switch|p2a: Rhydon|Rhydon|51/100\n|turn|93\n|\n|t:|1771791120\n|move|p2a: Rhydon|Earthquake|p1a: Rhydon\n|-supereffective|p1a: Rhydon\n|-end|p1a: Rhydon|Substitute\n|move|p1a: Rhydon|Earthquake|p2a: Rhydon\n|-supereffective|p2a: Rhydon\n|-damage|p2a: Rhydon|0 fnt\n|faint|p2a: Rhydon\n|\n|t:|1771791122\n|switch|p2a: Tauros|Tauros|38/100\n|turn|94\n|inactive|Serpi n_n has 180 seconds left.\n|inactive|Serpi n_n has 150 seconds left.\n|inactive|Serpi n_n has 120 seconds left.\n|inactive|Serpi n_n has 90 seconds left.\n|\n|t:|1771791249\n|move|p2a: Tauros|Blizzard|p1a: Rhydon\n|-supereffective|p1a: Rhydon\n|-damage|p1a: Rhydon|20/100\n|move|p1a: Rhydon|Earthquake|p2a: Tauros\n|-damage|p2a: Tauros|0 fnt\n|faint|p2a: Tauros\n|c|☆Girls See Ghosts|gg\n|\n|t:|1771791258\n|switch|p2a: Starmie|Starmie|39/100 par\n|turn|95\n|\n|t:|1771791260\n|move|p1a: Rhydon|Earthquake|p2a: Starmie\n|-damage|p2a: Starmie|0 fnt\n|faint|p2a: Starmie\n|\n|win|Serpi n_n\n|c|☆Serpi n_n|gg\n","uploadtime":1771791260,"views":"1033","formatid":"gen1ou","rating":null,"private":0,"password":null}