{"id":"smogtours-gen1ou-919632","format":"[Gen 1] OU","players":["Laroxyl","Sceptross"],"log":"|inactive|Battle timer is ON: inactive players will automatically lose when time's up.\n|t:|1774201634\n|gametype|singles\n|player|p1|Laroxyl|#splxviitigers2|\n|player|p2|Sceptross|#splxviicryonicles|\n|gen|1\n|tier|[Gen 1] OU\n|rule|Desync Clause Mod: Desyncs changed to move failure.\n|rule|HP Percentage Mod: HP is shown in percentages\n|rule|Endless Battle Clause: Forcing endless battles is banned\n|rule|Sleep Clause Mod: Limit one foe put to sleep\n|rule|Freeze Clause Mod: Limit one foe frozen\n|rule|Species Clause: Limit one of each Pokémon\n|rule|OHKO Clause: OHKO moves are banned\n|rule|Evasion Moves Clause: Evasion moves are banned\n|\n|t:|1774201634\n|teamsize|p1|6\n|teamsize|p2|6\n|start\n|switch|p1a: Starmie|Starmie|100/100\n|switch|p2a: Starmie|Starmie|100/100\n|turn|1\n|rated|Smogon Premier League\n|c|☆Sceptross|gl hf\n|c|☆Laroxyl|u2\n|inactive|Laroxyl has 270 seconds left.\n|\n|t:|1774201677\n|switch|p2a: Chansey|Chansey|100/100\n|move|p1a: Starmie|Blizzard|p2a: Chansey\n|-damage|p2a: Chansey|89/100\n|\n|upkeep\n|turn|2\n|inactive|Laroxyl has 270 seconds left.\n|\n|t:|1774201715\n|move|p1a: Starmie|Blizzard|p2a: Chansey\n|-crit|p2a: Chansey\n|-damage|p2a: Chansey|62/100\n|move|p2a: Chansey|Sing|p1a: Starmie\n|-status|p1a: Starmie|slp|[from] move: Sing\n|\n|upkeep\n|turn|3\n|inactive|Laroxyl has 270 seconds left.\n|inactive|Sceptross has 270 seconds left.\n|\n|t:|1774201759\n|cant|p1a: Starmie|slp\n|move|p2a: Chansey|Thunder Wave|p1a: Starmie\n|-fail|p1a: Starmie\n|\n|upkeep\n|turn|4\n|\n|t:|1774201775\n|cant|p1a: Starmie|slp\n|move|p2a: Chansey|Seismic Toss|p1a: Starmie\n|-damage|p1a: Starmie|70/100 slp\n|\n|upkeep\n|turn|5\n|\n|t:|1774201787\n|cant|p1a: Starmie|slp\n|move|p2a: Chansey|Seismic Toss|p1a: Starmie\n|-damage|p1a: Starmie|39/100 slp\n|\n|upkeep\n|turn|6\n|\n|t:|1774201789\n|switch|p1a: Exeggutor|Exeggutor|100/100\n|move|p2a: Chansey|Seismic Toss|p1a: Exeggutor\n|-damage|p1a: Exeggutor|75/100\n|\n|upkeep\n|turn|7\n|inactive|Sceptross has 270 seconds left.\n|\n|t:|1774201821\n|switch|p2a: Exeggutor|Exeggutor|100/100\n|move|p1a: Exeggutor|Sleep Powder|p2a: Exeggutor\n|-status|p2a: Exeggutor|slp|[from] move: Sleep Powder\n|\n|upkeep\n|turn|8\n|\n|t:|1774201832\n|switch|p1a: Tauros|Tauros|100/100\n|switch|p2a: Chansey|Chansey|62/100\n|\n|upkeep\n|turn|9\n|inactive|Laroxyl has 270 seconds left.\n|\n|t:|1774201850\n|switch|p1a: Chansey|Chansey|100/100\n|move|p2a: Chansey|Thunder Wave|p1a: Chansey\n|-status|p1a: Chansey|par\n|\n|upkeep\n|turn|10\n|inactive|Laroxyl has 270 seconds left.\n|\n|t:|1774201872\n|move|p2a: Chansey|Soft-Boiled|p2a: Chansey\n|-heal|p2a: Chansey|100/100\n|move|p1a: Chansey|Ice Beam|p2a: Chansey\n|-damage|p2a: Chansey|91/100\n|\n|upkeep\n|turn|11\n|inactive|Sceptross has 270 seconds left.\n|\n|t:|1774201913\n|move|p2a: Chansey|Seismic Toss|p1a: Chansey\n|-damage|p1a: Chansey|86/100 par\n|move|p1a: Chansey|Thunder Wave|p2a: Chansey\n|-status|p2a: Chansey|par\n|\n|upkeep\n|turn|12\n|\n|t:|1774201925\n|switch|p1a: Snorlax|Snorlax|100/100\n|move|p2a: Chansey|Thunder Wave|p1a: Snorlax\n|-status|p1a: Snorlax|par\n|\n|upkeep\n|turn|13\n|inactive|Sceptross has 240 seconds left.\n|\n|t:|1774201954\n|switch|p2a: Snorlax|Snorlax|100/100\n|move|p1a: Snorlax|Body Slam|p2a: Snorlax\n|-damage|p2a: Snorlax|75/100\n|\n|upkeep\n|turn|14\n|inactive|Sceptross has 240 seconds left.\n|\n|t:|1774201962\n|move|p2a: Snorlax|Body Slam|p1a: Snorlax\n|-damage|p1a: Snorlax|74/100 par\n|move|p1a: Snorlax|Reflect|p1a: Snorlax\n|-start|p1a: Snorlax|Reflect\n|\n|upkeep\n|turn|15\n|\n|t:|1774201971\n|move|p2a: Snorlax|Reflect|p2a: Snorlax\n|-start|p2a: Snorlax|Reflect\n|move|p1a: Snorlax|Body Slam|p2a: Snorlax\n|-damage|p2a: Snorlax|62/100\n|\n|upkeep\n|turn|16\n|inactive|Sceptross has 240 seconds left.\n|\n|t:|1774201992\n|move|p2a: Snorlax|Rest|p2a: Snorlax\n|-status|p2a: Snorlax|slp|[from] move: Rest\n|-heal|p2a: Snorlax|100/100 slp|[silent]\n|move|p1a: Snorlax|Rest|p1a: Snorlax\n|-status|p1a: Snorlax|slp|[from] move: Rest\n|-heal|p1a: Snorlax|100/100 slp|[silent]\n|\n|upkeep\n|turn|17\n|\n|t:|1774201994\n|cant|p2a: Snorlax|slp\n|cant|p1a: Snorlax|slp\n|\n|upkeep\n|turn|18\n|\n|t:|1774201997\n|-curestatus|p2a: Snorlax|slp|[msg]\n|-curestatus|p1a: Snorlax|slp|[msg]\n|\n|upkeep\n|turn|19\n|\n|t:|1774202009\n|move|p2a: Snorlax|Body Slam|p1a: Snorlax\n|-damage|p1a: Snorlax|87/100\n|move|p1a: Snorlax|Body Slam|p2a: Snorlax\n|-damage|p2a: Snorlax|87/100\n|\n|upkeep\n|turn|20\n|\n|t:|1774202012\n|move|p2a: Snorlax|Body Slam|p1a: Snorlax\n|-damage|p1a: Snorlax|72/100\n|move|p1a: Snorlax|Body Slam|p2a: Snorlax\n|-damage|p2a: Snorlax|74/100\n|\n|upkeep\n|turn|21\n|\n|t:|1774202016\n|move|p2a: Snorlax|Body Slam|p1a: Snorlax\n|-damage|p1a: Snorlax|59/100\n|move|p1a: Snorlax|Body Slam|p2a: Snorlax\n|-damage|p2a: Snorlax|61/100\n|\n|upkeep\n|turn|22\n|\n|t:|1774202023\n|move|p2a: Snorlax|Rest|p2a: Snorlax\n|-status|p2a: Snorlax|slp|[from] move: Rest\n|-heal|p2a: Snorlax|100/100 slp|[silent]\n|move|p1a: Snorlax|Rest|p1a: Snorlax\n|-status|p1a: Snorlax|slp|[from] move: Rest\n|-heal|p1a: Snorlax|100/100 slp|[silent]\n|\n|upkeep\n|turn|23\n|\n|t:|1774202025\n|cant|p2a: Snorlax|slp\n|cant|p1a: Snorlax|slp\n|\n|upkeep\n|turn|24\n|\n|t:|1774202027\n|-curestatus|p2a: Snorlax|slp|[msg]\n|-curestatus|p1a: Snorlax|slp|[msg]\n|\n|upkeep\n|turn|25\n|\n|t:|1774202051\n|move|p2a: Snorlax|Body Slam|p1a: Snorlax\n|-damage|p1a: Snorlax|88/100\n|move|p1a: Snorlax|Body Slam|p2a: Snorlax\n|-damage|p2a: Snorlax|86/100\n|\n|upkeep\n|turn|26\n|\n|t:|1774202060\n|move|p2a: Snorlax|Body Slam|p1a: Snorlax\n|-damage|p1a: Snorlax|74/100\n|move|p1a: Snorlax|Body Slam|p2a: Snorlax\n|-damage|p2a: Snorlax|73/100\n|\n|upkeep\n|turn|27\n|\n|t:|1774202063\n|move|p2a: Snorlax|Rest|p2a: Snorlax\n|-status|p2a: Snorlax|slp|[from] move: Rest\n|-heal|p2a: Snorlax|100/100 slp|[silent]\n|move|p1a: Snorlax|Body Slam|p2a: Snorlax\n|-damage|p2a: Snorlax|86/100 slp\n|\n|upkeep\n|turn|28\n|\n|t:|1774202074\n|switch|p1a: Exeggutor|Exeggutor|75/100\n|cant|p2a: Snorlax|slp\n|\n|upkeep\n|turn|29\n|\n|t:|1774202098\n|switch|p2a: Chansey|Chansey|91/100 par\n|move|p1a: Exeggutor|Psychic|p2a: Chansey\n|-damage|p2a: Chansey|73/100 par\n|\n|upkeep\n|turn|30\n|\n|t:|1774202112\n|switch|p1a: Snorlax|Snorlax|74/100\n|cant|p2a: Chansey|par\n|\n|upkeep\n|turn|31\n|\n|t:|1774202126\n|switch|p2a: Snorlax|Snorlax|86/100 slp\n|move|p1a: Snorlax|Body Slam|p2a: Snorlax\n|-damage|p2a: Snorlax|61/100 slp\n|\n|upkeep\n|turn|32\n|\n|t:|1774202135\n|-curestatus|p2a: Snorlax|slp|[msg]\n|move|p1a: Snorlax|Body Slam|p2a: Snorlax\n|-damage|p2a: Snorlax|34/100\n|\n|upkeep\n|turn|33\n|inactive|Laroxyl has 270 seconds left.\n|inactive|Sceptross has 270 seconds left.\n|\n|t:|1774202195\n|switch|p1a: Gengar|Gengar|100/100\n|move|p2a: Snorlax|Self-Destruct|p1a: Gengar\n|-immune|p1a: Gengar\n|faint|p2a: Snorlax\n|\n|t:|1774202199\n|switch|p2a: Rhydon|Rhydon|100/100\n|turn|34\n|inactive|Laroxyl has 240 seconds left.\n|\n|t:|1774202236\n|switch|p1a: Exeggutor|Exeggutor|75/100\n|move|p2a: Rhydon|Earthquake|p1a: Exeggutor\n|-crit|p1a: Exeggutor\n|-resisted|p1a: Exeggutor\n|-damage|p1a: Exeggutor|37/100\n|\n|upkeep\n|turn|35\n|\n|t:|1774202254\n|switch|p2a: Chansey|Chansey|73/100 par\n|move|p1a: Exeggutor|Psychic|p2a: Chansey\n|-damage|p2a: Chansey|55/100 par\n|-unboost|p2a: Chansey|spa|1\n|-unboost|p2a: Chansey|spd|1\n|\n|upkeep\n|turn|36\n|\n|t:|1774202269\n|switch|p1a: Snorlax|Snorlax|74/100\n|switch|p2a: Starmie|Starmie|100/100\n|\n|upkeep\n|turn|37\n|inactive|Laroxyl has 210 seconds left.\n|\n|t:|1774202286\n|switch|p1a: Chansey|Chansey|86/100 par\n|move|p2a: Starmie|Psychic|p1a: Chansey\n|-damage|p1a: Chansey|71/100 par\n|\n|upkeep\n|turn|38\n|inactive|Laroxyl has 210 seconds left.\n|\n|t:|1774202302\n|move|p2a: Starmie|Psychic|p1a: Chansey\n|-damage|p1a: Chansey|57/100 par\n|move|p1a: Chansey|Soft-Boiled|p1a: Chansey\n|-heal|p1a: Chansey|100/100 par\n|\n|upkeep\n|turn|39\n|inactive|Laroxyl has 210 seconds left.\n|\n|t:|1774202325\n|switch|p2a: Chansey|Chansey|55/100 par\n|move|p1a: Chansey|Thunder Wave|p2a: Chansey\n|-fail|p2a: Chansey|par\n|\n|upkeep\n|turn|40\n|\n|t:|1774202333\n|switch|p1a: Snorlax|Snorlax|74/100\n|cant|p2a: Chansey|par\n|\n|upkeep\n|turn|41\n|inactive|Laroxyl has 180 seconds left.\n|\n|t:|1774202365\n|switch|p2a: Starmie|Starmie|100/100\n|move|p1a: Snorlax|Earthquake|p2a: Starmie\n|-damage|p2a: Starmie|70/100\n|\n|upkeep\n|turn|42\n|inactive|Laroxyl has 180 seconds left.\n|\n|t:|1774202384\n|switch|p1a: Chansey|Chansey|100/100 par\n|move|p2a: Starmie|Recover|p2a: Starmie\n|-heal|p2a: Starmie|100/100\n|\n|upkeep\n|turn|43\n|inactive|Laroxyl has 180 seconds left.\n|\n|t:|1774202396\n|switch|p2a: Chansey|Chansey|55/100 par\n|switch|p1a: Snorlax|Snorlax|74/100\n|\n|upkeep\n|turn|44\n|inactive|Laroxyl has 180 seconds left.\n|\n|t:|1774202403\n|switch|p2a: Starmie|Starmie|100/100\n|move|p1a: Snorlax|Body Slam|p2a: Starmie\n|-crit|p2a: Starmie\n|-damage|p2a: Starmie|31/100\n|\n|upkeep\n|turn|45\n|\n|t:|1774202410\n|move|p2a: Starmie|Recover|p2a: Starmie\n|-heal|p2a: Starmie|81/100\n|move|p1a: Snorlax|Body Slam|p2a: Starmie\n|-damage|p2a: Starmie|47/100\n|-status|p2a: Starmie|par\n|\n|upkeep\n|turn|46\n|\n|t:|1774202422\n|move|p1a: Snorlax|Body Slam|p2a: Starmie\n|-damage|p2a: Starmie|9/100 par\n|move|p2a: Starmie|Recover|p2a: Starmie\n|-heal|p2a: Starmie|59/100 par\n|\n|upkeep\n|turn|47\n|\n|t:|1774202431\n|move|p1a: Snorlax|Body Slam|p2a: Starmie\n|-damage|p2a: Starmie|24/100 par\n|move|p2a: Starmie|Thunder Wave|p1a: Snorlax\n|-status|p1a: Snorlax|par\n|\n|upkeep\n|turn|48\n|\n|t:|1774202442\n|cant|p2a: Starmie|par\n|move|p1a: Snorlax|Earthquake|p2a: Starmie\n|-damage|p2a: Starmie|0 fnt\n|faint|p2a: Starmie\n|\n|t:|1774202447\n|switch|p2a: Rhydon|Rhydon|100/100\n|turn|49\n|inactive|Laroxyl has 180 seconds left.\n|\n|t:|1774202492\n|switch|p1a: Exeggutor|Exeggutor|37/100\n|move|p2a: Rhydon|Earthquake|p1a: Exeggutor\n|-resisted|p1a: Exeggutor\n|-damage|p1a: Exeggutor|17/100\n|\n|upkeep\n|turn|50\n|\n|t:|1774202506\n|switch|p2a: Exeggutor|Exeggutor|100/100 slp\n|move|p1a: Exeggutor|Psychic|p2a: Exeggutor\n|-resisted|p2a: Exeggutor\n|-damage|p2a: Exeggutor|87/100 slp\n|\n|upkeep\n|turn|51\n|\n|t:|1774202520\n|switch|p2a: Chansey|Chansey|55/100 par\n|move|p1a: Exeggutor|Explosion|p2a: Chansey\n|-damage|p2a: Chansey|0 fnt\n|faint|p2a: Chansey\n|faint|p1a: Exeggutor\n|inactive|Laroxyl has 150 seconds left.\n|inactive|Laroxyl has 120 seconds left.\n|inactive|Laroxyl has 90 seconds left.\n|\n|t:|1774202604\n|switch|p1a: Tauros|Tauros|100/100\n|switch|p2a: Tauros|Tauros|100/100\n|turn|52\n|inactive|Laroxyl has 90 seconds left.\n|\n|t:|1774202610\n|move|p1a: Tauros|Body Slam|p2a: Tauros\n|-damage|p2a: Tauros|72/100\n|move|p2a: Tauros|Blizzard|p1a: Tauros\n|-damage|p1a: Tauros|74/100\n|\n|upkeep\n|turn|53\n|\n|t:|1774202618\n|move|p2a: Tauros|Blizzard|p1a: Tauros\n|-crit|p1a: Tauros\n|-damage|p1a: Tauros|20/100\n|move|p1a: Tauros|Body Slam|p2a: Tauros\n|-damage|p2a: Tauros|44/100\n|\n|upkeep\n|turn|54\n|inactive|Laroxyl has 90 seconds left.\n|\n|t:|1774202654\n|switch|p1a: Starmie|Starmie|39/100 slp\n|move|p2a: Tauros|Earthquake|p1a: Starmie\n|-damage|p1a: Starmie|12/100 slp\n|\n|upkeep\n|turn|55\n|\n|t:|1774202668\n|cant|p1a: Starmie|slp\n|move|p2a: Tauros|Earthquake|p1a: Starmie\n|-damage|p1a: Starmie|0 fnt\n|faint|p1a: Starmie\n|inactive|Laroxyl has 60 seconds left.\n|\n|t:|1774202710\n|switch|p1a: Snorlax|Snorlax|74/100 par\n|turn|56\n|inactive|Laroxyl has 30 seconds left.\n|\n|t:|1774202736\n|move|p2a: Tauros|Body Slam|p1a: Snorlax\n|-crit|p1a: Snorlax\n|-damage|p1a: Snorlax|24/100 par\n|cant|p1a: Snorlax|par\n|\n|upkeep\n|turn|57\n|inactive|Laroxyl has 30 seconds left.\n|inactive|Laroxyl has 20 seconds left.\n|inactive|Laroxyl has 15 seconds left.\n|inactive|Laroxyl has 10 seconds left.\n|\n|t:|1774202762\n|switch|p1a: Gengar|Gengar|100/100\n|move|p2a: Tauros|Body Slam|p1a: Gengar\n|-immune|p1a: Gengar\n|\n|upkeep\n|turn|58\n|inactive|Laroxyl has 20 seconds left this turn.\n|inactive|Laroxyl has 15 seconds left.\n|inactive|Laroxyl has 10 seconds left.\n|inactive|Laroxyl has 5 seconds left.\n|inactive|Sceptross has 270 seconds left.\n|inactive|Sceptross has 240 seconds left.\n|\n|t:|1774202845\n|switch|p2a: Exeggutor|Exeggutor|87/100 slp\n|move|p1a: Gengar|Thunderbolt|p2a: Exeggutor\n|-resisted|p2a: Exeggutor\n|-damage|p2a: Exeggutor|77/100 slp\n|\n|upkeep\n|turn|59\n|inactive|Laroxyl has 15 seconds left this turn.\n|inactive|Laroxyl has 10 seconds left.\n|inactive|Laroxyl has 5 seconds left.\n|\n|t:|1774202855\n|switch|p1a: Tauros|Tauros|20/100\n|switch|p2a: Rhydon|Rhydon|100/100\n|\n|upkeep\n|turn|60\n|inactive|Laroxyl has 15 seconds left this turn.\n|inactive|Laroxyl has 10 seconds left.\n|\n|t:|1774202870\n|move|p1a: Tauros|Blizzard|p2a: Rhydon\n|-supereffective|p2a: Rhydon\n|-damage|p2a: Rhydon|43/100\n|-status|p2a: Rhydon|frz\n|cant|p2a: Rhydon|frz\n|\n|upkeep\n|turn|61\n|inactive|Laroxyl has 20 seconds left this turn.\n|inactive|Laroxyl has 15 seconds left.\n|inactive|Laroxyl has 10 seconds left.\n|\n|t:|1774202884\n|switch|p1a: Snorlax|Snorlax|24/100 par\n|cant|p2a: Rhydon|frz\n|\n|upkeep\n|turn|62\n|inactive|Laroxyl has 20 seconds left this turn.\n|\n|t:|1774202904\n|switch|p2a: Exeggutor|Exeggutor|77/100 slp\n|move|p1a: Snorlax|Body Slam|p2a: Exeggutor\n|-crit|p2a: Exeggutor\n|-damage|p2a: Exeggutor|19/100 slp\n|\n|upkeep\n|turn|63\n|inactive|Laroxyl has 30 seconds left this turn.\n|inactive|Laroxyl has 20 seconds left.\n|\n|t:|1774202915\n|cant|p2a: Exeggutor|slp\n|move|p1a: Snorlax|Reflect|p1a: Snorlax\n|-start|p1a: Snorlax|Reflect\n|\n|upkeep\n|turn|64\n|inactive|Laroxyl has 30 seconds left this turn.\n|\n|t:|1774202918\n|-curestatus|p2a: Exeggutor|slp|[msg]\n|move|p1a: Snorlax|Body Slam|p2a: Exeggutor\n|-damage|p2a: Exeggutor|0 fnt\n|faint|p2a: Exeggutor\n|\n|t:|1774202922\n|switch|p2a: Tauros|Tauros|44/100\n|turn|65\n|\n|t:|1774202930\n|move|p2a: Tauros|Body Slam|p1a: Snorlax\n|-damage|p1a: Snorlax|11/100 par\n|move|p1a: Snorlax|Body Slam|p2a: Tauros\n|-damage|p2a: Tauros|14/100\n|\n|upkeep\n|turn|66\n|\n|t:|1774202934\n|move|p2a: Tauros|Body Slam|p1a: Snorlax\n|-damage|p1a: Snorlax|0 fnt\n|faint|p1a: Snorlax\n|\n|t:|1774202942\n|switch|p1a: Chansey|Chansey|100/100 par\n|turn|67\n|\n|t:|1774202945\n|move|p2a: Tauros|Hyper Beam|p1a: Chansey\n|-damage|p1a: Chansey|38/100 par\n|-mustrecharge|p2a: Tauros\n|move|p1a: Chansey|Thunder Wave|p2a: Tauros\n|-status|p2a: Tauros|par\n|\n|upkeep\n|turn|68\n|\n|t:|1774202948\n|switch|p1a: Gengar|Gengar|100/100\n|cant|p2a: Tauros|recharge\n|\n|upkeep\n|turn|69\n|\n|t:|1774202951\n|move|p1a: Gengar|Thunderbolt|p2a: Tauros\n|-damage|p2a: Tauros|0 fnt\n|faint|p2a: Tauros\n|\n|t:|1774202952\n|switch|p2a: Rhydon|Rhydon|43/100 frz\n|turn|70\n|c|☆Laroxyl|gg\n|c|☆Sceptross|gg\n|c|☆Sceptross|s\n|\n|t:|1774202958\n|move|p1a: Gengar|Mega Drain|p2a: Rhydon\n|-supereffective|p2a: Rhydon\n|-damage|p2a: Rhydon|0 fnt\n|faint|p2a: Rhydon\n|\n|win|Laroxyl\n|c|☆Laroxyl|*ggs\n|player|p1|\n","uploadtime":1774202958,"views":"860","formatid":"gen1ou","rating":null,"private":0,"password":null}