{"id":"smogtours-gen1ou-825159","format":"[Gen 1] OU","players":["I ❤️ SZA","abyssal ruins"],"log":"|inactive|Battle timer is ON: inactive players will automatically lose when time's up.\n|t:|1742093644\n|gametype|singles\n|player|p1|I ❤️ SZA|#rbywc2024|\n|player|p2|abyssal ruins|#roaplviiipichus|\n|teamsize|p1|6\n|teamsize|p2|6\n|gen|1\n|tier|[Gen 1] OU\n|rule|Desync Clause Mod: Desyncs changed to move failure.\n|rule|Sleep Clause Mod: Limit one foe put to sleep\n|rule|Freeze Clause Mod: Limit one foe frozen\n|rule|Species Clause: Limit one of each Pokémon\n|rule|OHKO Clause: OHKO moves are banned\n|rule|Evasion Moves Clause: Evasion moves are banned\n|rule|Endless Battle Clause: Forcing endless battles is banned\n|rule|HP Percentage Mod: HP is shown in percentages\n|\n|t:|1742093644\n|start\n|switch|p1a: 3DS babygurl|Starmie|100/100\n|switch|p2a: Staross|Starmie|100/100\n|turn|1\n|rated|Smogon Premier League\n|c|☆I ❤️ SZA|Hf\n|c|☆abyssal ruins|u2\n|inactive|abyssal ruins has 270 seconds left.\n|\n|t:|1742093701\n|move|p1a: 3DS babygurl|Blizzard|p2a: Staross\n|-resisted|p2a: Staross\n|-damage|p2a: Staross|85/100\n|move|p2a: Staross|Thunderbolt|p1a: 3DS babygurl\n|-supereffective|p1a: 3DS babygurl\n|-damage|p1a: 3DS babygurl|55/100\n|\n|upkeep\n|turn|2\n|\n|t:|1742093707\n|switch|p2a: Leveinard|Chansey|100/100\n|switch|p1a: 0|Chansey|100/100\n|\n|upkeep\n|turn|3\n|\n|t:|1742093732\n|move|p2a: Leveinard|Sing|p1a: 0\n|-status|p1a: 0|slp|[from] move: Sing\n|cant|p1a: 0|slp\n|\n|upkeep\n|turn|4\n|\n|t:|1742093750\n|move|p2a: Leveinard|Ice Beam|p1a: 0\n|-damage|p1a: 0|89/100 slp\n|cant|p1a: 0|slp\n|\n|upkeep\n|turn|5\n|\n|t:|1742093754\n|switch|p2a: Léviator|Tauros|100/100\n|-curestatus|p1a: 0|slp|[msg]\n|\n|upkeep\n|turn|6\n|\n|t:|1742093770\n|move|p2a: Léviator|Hyper Beam|p1a: 0\n|-damage|p1a: 0|24/100\n|-mustrecharge|p2a: Léviator\n|move|p1a: 0|Sing|p2a: Léviator\n|-status|p2a: Léviator|slp|[from] move: Sing\n|-hint|In Gen 1, if a Pokémon that has just used Hyper Beam and has yet to recharge is targeted with a sleep inducing move, any other status it may already have will be ignored and sleep will be induced regardless.\n|\n|upkeep\n|turn|7\n|\n|t:|1742093782\n|switch|p2a: Leveinard|Chansey|100/100\n|move|p1a: 0|Soft-Boiled|p1a: 0\n|-heal|p1a: 0|74/100\n|\n|upkeep\n|turn|8\n|\n|t:|1742093793\n|move|p2a: Leveinard|Sing|p1a: 0|[miss]\n|-miss|p2a: Leveinard\n|move|p1a: 0|Thunder Wave|p2a: Leveinard\n|-status|p2a: Leveinard|par\n|\n|upkeep\n|turn|9\n|\n|t:|1742093818\n|move|p1a: 0|Seismic Toss|p2a: Leveinard\n|-damage|p2a: Leveinard|86/100 par\n|move|p2a: Leveinard|Sing|p1a: 0\n|-status|p1a: 0|slp|[from] move: Sing\n|\n|upkeep\n|turn|10\n|inactive|abyssal ruins has 270 seconds left.\n|\n|t:|1742093855\n|switch|p1a: 3DS babygurl|Starmie|55/100\n|move|p2a: Leveinard|Ice Beam|p1a: 3DS babygurl\n|-resisted|p1a: 3DS babygurl\n|-damage|p1a: 3DS babygurl|43/100\n|\n|upkeep\n|turn|11\n|inactive|abyssal ruins has 270 seconds left.\n|\n|t:|1742093863\n|move|p1a: 3DS babygurl|Recover|p1a: 3DS babygurl\n|-heal|p1a: 3DS babygurl|93/100\n|move|p2a: Leveinard|Ice Beam|p1a: 3DS babygurl\n|-resisted|p1a: 3DS babygurl\n|-damage|p1a: 3DS babygurl|81/100\n|\n|upkeep\n|turn|12\n|\n|t:|1742093871\n|move|p1a: 3DS babygurl|Psychic|p2a: Leveinard\n|-damage|p2a: Leveinard|72/100 par\n|move|p2a: Leveinard|Ice Beam|p1a: 3DS babygurl\n|-crit|p1a: 3DS babygurl\n|-resisted|p1a: 3DS babygurl\n|-damage|p1a: 3DS babygurl|58/100\n|\n|upkeep\n|turn|13\n|\n|t:|1742093876\n|move|p1a: 3DS babygurl|Recover|p1a: 3DS babygurl\n|-heal|p1a: 3DS babygurl|100/100\n|cant|p2a: Leveinard|par\n|\n|upkeep\n|turn|14\n|\n|t:|1742093880\n|move|p1a: 3DS babygurl|Psychic|p2a: Leveinard\n|-damage|p2a: Leveinard|59/100 par\n|cant|p2a: Leveinard|par\n|\n|upkeep\n|turn|15\n|\n|t:|1742093884\n|switch|p1a: 8|Snorlax|100/100\n|cant|p2a: Leveinard|par\n|\n|upkeep\n|turn|16\n|\n|t:|1742093888\n|switch|p2a: Ronflex|Snorlax|100/100\n|move|p1a: 8|Body Slam|p2a: Ronflex\n|-damage|p2a: Ronflex|74/100\n|\n|upkeep\n|turn|17\n|\n|t:|1742093893\n|switch|p1a: 3DS babygurl|Starmie|100/100\n|move|p2a: Ronflex|Reflect|p2a: Ronflex\n|-start|p2a: Ronflex|Reflect\n|\n|upkeep\n|turn|18\n|\n|t:|1742093898\n|switch|p2a: Leveinard|Chansey|59/100 par\n|move|p1a: 3DS babygurl|Thunder Wave|p2a: Leveinard\n|-fail|p2a: Leveinard|par\n|\n|upkeep\n|turn|19\n|\n|t:|1742093900\n|switch|p1a: 8|Snorlax|100/100\n|cant|p2a: Leveinard|par\n|\n|upkeep\n|turn|20\n|\n|t:|1742093928\n|switch|p2a: Staross|Starmie|85/100\n|move|p1a: 8|Body Slam|p2a: Staross\n|-damage|p2a: Staross|50/100\n|\n|upkeep\n|turn|21\n|\n|t:|1742093934\n|move|p2a: Staross|Thunder Wave|p1a: 8\n|-status|p1a: 8|par\n|move|p1a: 8|Body Slam|p2a: Staross\n|-damage|p2a: Staross|15/100\n|\n|upkeep\n|turn|22\n|\n|t:|1742093956\n|move|p2a: Staross|Recover|p2a: Staross\n|-heal|p2a: Staross|65/100\n|move|p1a: 8|Hyper Beam|p2a: Staross\n|-damage|p2a: Staross|0 fnt\n|faint|p2a: Staross\n|inactive|abyssal ruins has 270 seconds left.\n|\n|t:|1742093977\n|switch|p2a: Ronflex|Snorlax|74/100\n|turn|23\n|\n|t:|1742093983\n|switch|p1a: 3DS babygurl|Starmie|100/100\n|move|p2a: Ronflex|Reflect|p2a: Ronflex\n|-start|p2a: Ronflex|Reflect\n|\n|upkeep\n|turn|24\n|\n|t:|1742093988\n|switch|p2a: Leveinard|Chansey|59/100 par\n|move|p1a: 3DS babygurl|Thunder Wave|p2a: Leveinard\n|-fail|p2a: Leveinard|par\n|\n|upkeep\n|turn|25\n|\n|t:|1742093993\n|switch|p1a: 8|Snorlax|100/100 par\n|move|p2a: Leveinard|Soft-Boiled|p2a: Leveinard\n|-heal|p2a: Leveinard|100/100 par\n|\n|upkeep\n|turn|26\n|\n|t:|1742094001\n|move|p1a: 8|Self-Destruct|p2a: Leveinard\n|-damage|p2a: Leveinard|0 fnt\n|faint|p2a: Leveinard\n|faint|p1a: 8\n|inactive|I ❤️ SZA has 270 seconds left.\n|\n|t:|1742094040\n|switch|p2a: Ectoplasma|Zapdos|100/100\n|switch|p1a: 3DS babygurl|Starmie|100/100\n|turn|27\n|\n|t:|1742094057\n|switch|p1a: 5|Rhydon|100/100\n|move|p2a: Ectoplasma|Thunderbolt|p1a: 5\n|-immune|p1a: 5\n|\n|upkeep\n|turn|28\n|inactive|I ❤️ SZA has 270 seconds left.\n|\n|t:|1742094072\n|move|p2a: Ectoplasma|Toxic|p1a: 5\n|-status|p1a: 5|tox\n|move|p1a: 5|Earthquake|p2a: Ectoplasma\n|-immune|p2a: Ectoplasma\n|-damage|p1a: 5|94/100 tox|[from] psn\n|\n|upkeep\n|turn|29\n|c|☆I ❤️ SZA|Oh na\n|\n|t:|1742094083\n|switch|p2a: Ronflex|Snorlax|74/100\n|move|p1a: 5|Rock Slide|p2a: Ronflex\n|-damage|p2a: Ronflex|49/100\n|-damage|p1a: 5|82/100 tox|[from] psn\n|\n|upkeep\n|turn|30\n|inactive|I ❤️ SZA has 270 seconds left.\n|inactive|abyssal ruins has 270 seconds left.\n|inactive|I ❤️ SZA has 240 seconds left.\n|\n|t:|1742094140\n|switch|p1a: 7|Exeggutor|100/100\n|move|p2a: Ronflex|Rest|p2a: Ronflex\n|-status|p2a: Ronflex|slp|[from] move: Rest\n|-heal|p2a: Ronflex|100/100 slp|[silent]\n|\n|upkeep\n|turn|31\n|inactive|I ❤️ SZA has 240 seconds left.\n|inactive|abyssal ruins has 240 seconds left.\n|\n|t:|1742094180\n|move|p1a: 7|Psychic|p2a: Ronflex\n|-damage|p2a: Ronflex|71/100 slp\n|cant|p2a: Ronflex|slp\n|\n|upkeep\n|turn|32\n|\n|t:|1742094182\n|move|p1a: 7|Psychic|p2a: Ronflex\n|-damage|p2a: Ronflex|41/100 slp\n|-unboost|p2a: Ronflex|spa|1\n|-unboost|p2a: Ronflex|spd|1\n|-curestatus|p2a: Ronflex|slp|[msg]\n|\n|upkeep\n|turn|33\n|inactive|abyssal ruins has 240 seconds left.\n|\n|t:|1742094214\n|switch|p2a: Ectoplasma|Zapdos|100/100\n|move|p1a: 7|Psychic|p2a: Ectoplasma\n|-damage|p2a: Ectoplasma|71/100\n|-unboost|p2a: Ectoplasma|spa|1\n|-unboost|p2a: Ectoplasma|spd|1\n|\n|upkeep\n|turn|34\n|\n|t:|1742094220\n|switch|p1a: 5|Rhydon|82/100 tox\n|-status|p1a: 5|psn|[silent]\n|-damage|p1a: 5|76/100 psn|[from] psn\n|move|p2a: Ectoplasma|Drill Peck|p1a: 5\n|-resisted|p1a: 5\n|-damage|p1a: 5|68/100 psn\n|\n|upkeep\n|turn|35\n|inactive|I ❤️ SZA has 270 seconds left.\n|inactive|abyssal ruins has 210 seconds left.\n|inactive|abyssal ruins has 180 seconds left.\n|inactive|abyssal ruins has 150 seconds left.\n|inactive|abyssal ruins has 120 seconds left.\n|\n|t:|1742094351\n|switch|p2a: Ronflex|Snorlax|41/100\n|move|p1a: 5|Rock Slide|p2a: Ronflex\n|-damage|p2a: Ronflex|14/100\n|-damage|p1a: 5|62/100 psn|[from] psn|[of] p2a: Ronflex\n|\n|upkeep\n|turn|36\n|inactive|I ❤️ SZA has 270 seconds left.\n|inactive|abyssal ruins has 90 seconds left.\n|inactive|abyssal ruins has 60 seconds left.\n|inactive|abyssal ruins has 30 seconds left.\n|inactive|abyssal ruins has 20 seconds left.\n|\n|t:|1742094444\n|move|p1a: 5|Body Slam|p2a: Ronflex\n|-damage|p2a: Ronflex|0 fnt\n|faint|p2a: Ronflex\n|inactive|abyssal ruins has 25 seconds left this turn.\n|inactive|abyssal ruins has 20 seconds left.\n|\n|t:|1742094451\n|switch|p2a: Léviator|Tauros|100/100 slp\n|turn|37\n|inactive|abyssal ruins has 30 seconds left this turn.\n|\n|t:|1742094456\n|switch|p1a: 3DS babygurl|Starmie|100/100\n|cant|p2a: Léviator|slp\n|\n|upkeep\n|turn|38\n|inactive|abyssal ruins has 30 seconds left.\n|\n|t:|1742094473\n|switch|p2a: Voltali|Jolteon|100/100\n|move|p1a: 3DS babygurl|Psychic|p2a: Voltali\n|-damage|p2a: Voltali|70/100\n|\n|upkeep\n|turn|39\n|inactive|abyssal ruins has 30 seconds left.\n|\n|t:|1742094484\n|move|p2a: Voltali|Thunder Wave|p1a: 3DS babygurl\n|-status|p1a: 3DS babygurl|par\n|move|p1a: 3DS babygurl|Thunder Wave|p2a: Voltali\n|-status|p2a: Voltali|par\n|\n|upkeep\n|turn|40\n|inactive|abyssal ruins has 30 seconds left.\n|\n|t:|1742094497\n|move|p2a: Voltali|Thunderbolt|p1a: 3DS babygurl\n|-crit|p1a: 3DS babygurl\n|-supereffective|p1a: 3DS babygurl\n|-damage|p1a: 3DS babygurl|0 fnt\n|faint|p1a: 3DS babygurl\n|inactive|I ❤️ SZA has 270 seconds left.\n|\n|t:|1742094539\n|switch|p1a: 7|Exeggutor|100/100\n|turn|41\n|\n|t:|1742094549\n|move|p1a: 7|Explosion|p2a: Voltali\n|-damage|p2a: Voltali|0 fnt\n|faint|p2a: Voltali\n|faint|p1a: 7\n|inactive|abyssal ruins has 30 seconds left.\n|inactive|abyssal ruins has 20 seconds left.\n|inactive|abyssal ruins has 15 seconds left.\n|\n|t:|1742094584\n|switch|p1a: 4|Tauros|100/100\n|switch|p2a: Ectoplasma|Zapdos|71/100\n|turn|42\n|inactive|abyssal ruins has 25 seconds left this turn.\n|inactive|abyssal ruins has 20 seconds left.\n|inactive|abyssal ruins has 15 seconds left.\n|inactive|abyssal ruins has 10 seconds left.\n|\n|t:|1742094599\n|switch|p1a: 5|Rhydon|62/100 psn\n|-damage|p1a: 5|55/100 psn|[from] psn\n|switch|p2a: Léviator|Tauros|100/100 slp\n|\n|upkeep\n|turn|43\n|inactive|abyssal ruins has 20 seconds left this turn.\n|inactive|abyssal ruins has 15 seconds left.\n|\n|t:|1742094608\n|switch|p1a: 4|Tauros|100/100\n|cant|p2a: Léviator|slp\n|\n|upkeep\n|turn|44\n|inactive|abyssal ruins has 25 seconds left this turn.\n|inactive|abyssal ruins has 20 seconds left.\n|\n|t:|1742094615\n|cant|p2a: Léviator|slp\n|move|p1a: 4|Body Slam|p2a: Léviator\n|-damage|p2a: Léviator|69/100 slp\n|\n|upkeep\n|turn|45\n|inactive|abyssal ruins has 30 seconds left this turn.\n|\n|t:|1742094624\n|move|p1a: 4|Body Slam|p2a: Léviator\n|-damage|p2a: Léviator|41/100 slp\n|-curestatus|p2a: Léviator|slp|[msg]\n|\n|upkeep\n|turn|46\n|inactive|abyssal ruins has 30 seconds left.\n|\n|t:|1742094629\n|switch|p2a: Ectoplasma|Zapdos|71/100\n|move|p1a: 4|Hyper Beam|p2a: Ectoplasma\n|-damage|p2a: Ectoplasma|17/100\n|-mustrecharge|p1a: 4\n|\n|upkeep\n|turn|47\n|\n|t:|1742094634\n|cant|p1a: 4|recharge\n|move|p2a: Ectoplasma|Thunder Wave|p1a: 4\n|-status|p1a: 4|par\n|\n|upkeep\n|turn|48\n|inactive|abyssal ruins has 30 seconds left.\n|inactive|abyssal ruins has 20 seconds left.\n|inactive|abyssal ruins has 15 seconds left.\n|inactive|abyssal ruins has 10 seconds left.\n|\n|t:|1742094677\n|switch|p1a: 0|Chansey|74/100 slp\n|move|p2a: Ectoplasma|Thunderbolt|p1a: 0\n|-damage|p1a: 0|55/100 slp\n|\n|upkeep\n|turn|49\n|inactive|abyssal ruins has 20 seconds left this turn.\n|inactive|abyssal ruins has 15 seconds left.\n|inactive|abyssal ruins has 10 seconds left.\n|inactive|I ❤️ SZA has 270 seconds left.\n|\n|t:|1742094695\n|switch|p1a: 5|Rhydon|55/100 psn\n|-damage|p1a: 5|49/100 psn|[from] psn\n|move|p2a: Ectoplasma|Drill Peck|p1a: 5\n|-resisted|p1a: 5\n|-damage|p1a: 5|40/100 psn\n|\n|upkeep\n|turn|50\n|inactive|abyssal ruins has 20 seconds left this turn.\n|inactive|abyssal ruins has 15 seconds left.\n|\n|t:|1742094700\n|switch|p2a: Léviator|Tauros|41/100\n|move|p1a: 5|Rock Slide|p2a: Léviator|[miss]\n|-miss|p1a: 5\n|-damage|p1a: 5|34/100 psn|[from] psn|[of] p2a: Léviator\n|\n|upkeep\n|turn|51\n|inactive|abyssal ruins has 25 seconds left this turn.\n|inactive|abyssal ruins has 20 seconds left.\n|inactive|abyssal ruins has 15 seconds left.\n|\n|t:|1742094713\n|switch|p1a: 0|Chansey|55/100 slp\n|move|p2a: Léviator|Earthquake|p1a: 0\n|-damage|p1a: 0|23/100 slp\n|\n|upkeep\n|turn|52\n|inactive|abyssal ruins has 25 seconds left this turn.\n|inactive|abyssal ruins has 20 seconds left.\n|inactive|abyssal ruins has 15 seconds left.\n|inactive|abyssal ruins has 10 seconds left.\n|inactive|abyssal ruins has 5 seconds left.\n|\n|t:|1742094733\n|switch|p2a: Ectoplasma|Zapdos|17/100\n|cant|p1a: 0|slp\n|\n|upkeep\n|turn|53\n|inactive|abyssal ruins has 15 seconds left this turn.\n|inactive|abyssal ruins has 10 seconds left.\n|\n|t:|1742094739\n|move|p2a: Ectoplasma|Drill Peck|p1a: 0\n|-damage|p1a: 0|0 fnt\n|faint|p1a: 0\n|inactive|abyssal ruins has 15 seconds left this turn.\n|\n|t:|1742094742\n|switch|p1a: 5|Rhydon|34/100 psn\n|turn|54\n|inactive|abyssal ruins has 25 seconds left this turn.\n|inactive|abyssal ruins has 20 seconds left.\n|\n|t:|1742094748\n|switch|p2a: Léviator|Tauros|41/100\n|switch|p1a: 4|Tauros|100/100 par\n|\n|upkeep\n|turn|55\n|inactive|abyssal ruins has 30 seconds left this turn.\n|inactive|abyssal ruins has 20 seconds left.\n|inactive|abyssal ruins has 15 seconds left.\n|inactive|abyssal ruins has 10 seconds left.\n|\n|t:|1742094770\n|move|p2a: Léviator|Hyper Beam|p1a: 4\n|-damage|p1a: 4|47/100 par\n|-mustrecharge|p2a: Léviator\n|move|p1a: 4|Hyper Beam|p2a: Léviator\n|-damage|p2a: Léviator|0 fnt\n|faint|p2a: Léviator\n|inactive|abyssal ruins has 15 seconds left this turn.\n|\n|t:|1742094774\n|switch|p2a: Ectoplasma|Zapdos|17/100\n|turn|56\n|inactive|abyssal ruins has 25 seconds left this turn.\n|\n|t:|1742094776\n|move|p2a: Ectoplasma|Thunderbolt|p1a: 4\n|-crit|p1a: 4\n|-damage|p1a: 4|0 fnt\n|faint|p1a: 4\n|inactive|abyssal ruins has 30 seconds left this turn.\n|\n|t:|1742094797\n|switch|p1a: 5|Rhydon|34/100 psn\n|turn|57\n|\n|t:|1742094802\n|move|p2a: Ectoplasma|Drill Peck|p1a: 5\n|-crit|p1a: 5\n|-resisted|p1a: 5\n|-damage|p1a: 5|16/100 psn\n|move|p1a: 5|Body Slam|p2a: Ectoplasma\n|-damage|p2a: Ectoplasma|0 fnt\n|faint|p2a: Ectoplasma\n|\n|win|I ❤️ SZA\n|c|☆abyssal ruins|gg\n|c|☆I ❤️ SZA|Ggs\n","uploadtime":1742094802,"views":"1543","formatid":"gen1ou","rating":null,"private":0,"password":null}