{"id":"smogtours-gen1ou-965184","format":"[Gen 1] OU","players":["Laroxyl","Amaranth"],"log":"|inactive|Battle timer is ON: inactive players will automatically lose when time's up.\n|t:|1787321100\n|gametype|singles\n|player|p1|Laroxyl|#wcop2026italy2|\n|player|p2|Amaranth|#amaranth|\n|gen|1\n|tier|[Gen 1] OU\n|rule|Desync Clause Mod: Desyncs resolve to link battle behavior from the acting player's perspective.\n|rule|HP Percentage Mod: HP is shown in percentages\n|rule|Endless Battle Clause: Forcing endless battles is banned\n|rule|Sleep Clause Mod: Limit one foe put to sleep\n|rule|Freeze Clause Mod: Limit one foe frozen\n|rule|Species Clause: Limit one of each Pokémon\n|rule|OHKO Clause: OHKO moves are banned\n|rule|Evasion Moves Clause: Evasion moves are banned\n|\n|t:|1787321100\n|teamsize|p1|6\n|teamsize|p2|6\n|start\n|switch|p1a: Jynx|Jynx|100/100\n|switch|p2a: Starmie|Starmie|100/100\n|turn|1\n|c|☆Amaranth|glhf\n|c|☆Laroxyl|u2\n|\n|t:|1787321123\n|move|p2a: Starmie|Thunder Wave|p1a: Jynx\n|-status|p1a: Jynx|par\n|cant|p1a: Jynx|par\n|\n|upkeep\n|turn|2\n|\n|t:|1787321129\n|move|p2a: Starmie|Thunderbolt|p1a: Jynx\n|-damage|p1a: Jynx|76/100 par\n|move|p1a: Jynx|Lovely Kiss|p2a: Starmie|[miss]\n|-miss|p1a: Jynx\n|\n|upkeep\n|turn|3\n|\n|t:|1787321133\n|move|p2a: Starmie|Thunderbolt|p1a: Jynx\n|-damage|p1a: Jynx|52/100 par\n|cant|p1a: Jynx|par\n|\n|upkeep\n|turn|4\n|\n|t:|1787321143\n|switch|p1a: Chansey|Chansey|100/100\n|move|p2a: Starmie|Thunderbolt|p1a: Chansey\n|-damage|p1a: Chansey|91/100\n|\n|upkeep\n|turn|5\n|\n|t:|1787321159\n|switch|p2a: Chansey|Chansey|100/100\n|move|p1a: Chansey|Ice Beam|p2a: Chansey\n|-damage|p2a: Chansey|89/100\n|\n|upkeep\n|turn|6\n|inactive|Laroxyl has 270 seconds left.\n|\n|t:|1787321196\n|switch|p1a: Exeggutor|Exeggutor|100/100\n|move|p2a: Chansey|Seismic Toss|p1a: Exeggutor\n|-damage|p1a: Exeggutor|75/100\n|\n|upkeep\n|turn|7\n|\n|t:|1787321202\n|switch|p2a: Starmie|Starmie|100/100\n|move|p1a: Exeggutor|Sleep Powder|p2a: Starmie\n|-status|p2a: Starmie|slp|[from] move: Sleep Powder\n|\n|upkeep\n|turn|8\n|inactive|Laroxyl has 270 seconds left.\n|\n|t:|1787321223\n|switch|p2a: Chansey|Chansey|89/100\n|move|p1a: Exeggutor|Explosion|p2a: Chansey\n|-damage|p2a: Chansey|0 fnt\n|faint|p2a: Chansey\n|faint|p1a: Exeggutor\n|\n|t:|1787321238\n|switch|p1a: Chansey|Chansey|91/100\n|switch|p2a: Jynx|Jynx|100/100\n|turn|9\n|\n|t:|1787321264\n|switch|p1a: Jynx|Jynx|52/100 par\n|move|p2a: Jynx|Lovely Kiss|p1a: Jynx\n|-fail|p1a: Jynx\n|\n|upkeep\n|turn|10\n|\n|t:|1787321270\n|move|p2a: Jynx|Blizzard|p1a: Jynx\n|-resisted|p1a: Jynx\n|-damage|p1a: Jynx|30/100 par\n|move|p1a: Jynx|Rest|p1a: Jynx\n|-status|p1a: Jynx|slp|[from] move: Rest\n|-heal|p1a: Jynx|100/100 slp|[silent]\n|\n|upkeep\n|turn|11\n|\n|t:|1787321275\n|move|p2a: Jynx|Body Slam|p1a: Jynx\n|-damage|p1a: Jynx|76/100 slp\n|cant|p1a: Jynx|slp\n|\n|upkeep\n|turn|12\n|inactive|Laroxyl has 240 seconds left.\n|\n|t:|1787321334\n|move|p2a: Jynx|Blizzard|p1a: Jynx\n|-crit|p1a: Jynx\n|-resisted|p1a: Jynx\n|-damage|p1a: Jynx|38/100 slp\n|-curestatus|p1a: Jynx|slp|[msg]\n|\n|upkeep\n|turn|13\n|\n|t:|1787321343\n|switch|p1a: Chansey|Chansey|91/100\n|move|p2a: Jynx|Body Slam|p1a: Chansey\n|-damage|p1a: Chansey|75/100\n|\n|upkeep\n|turn|14\n|\n|t:|1787321351\n|move|p2a: Jynx|Body Slam|p1a: Chansey\n|-damage|p1a: Chansey|57/100\n|move|p1a: Chansey|Thunder Wave|p2a: Jynx\n|-status|p2a: Jynx|par\n|\n|upkeep\n|turn|15\n|\n|t:|1787321370\n|move|p1a: Chansey|Thunderbolt|p2a: Jynx\n|-damage|p2a: Jynx|78/100 par\n|move|p2a: Jynx|Lovely Kiss|p1a: Chansey\n|-status|p1a: Chansey|slp|[from] move: Lovely Kiss\n|\n|upkeep\n|turn|16\n|\n|t:|1787321382\n|switch|p1a: Starmie|Starmie|100/100\n|switch|p2a: Snorlax|Snorlax|100/100\n|\n|upkeep\n|turn|17\n|\n|t:|1787321391\n|move|p1a: Starmie|Thunder Wave|p2a: Snorlax\n|-status|p2a: Snorlax|par\n|move|p2a: Snorlax|Body Slam|p1a: Starmie\n|-damage|p1a: Starmie|62/100\n|-status|p1a: Starmie|par\n|\n|upkeep\n|turn|18\n|\n|t:|1787321399\n|move|p1a: Starmie|Recover|p1a: Starmie\n|-heal|p1a: Starmie|100/100 par\n|cant|p2a: Snorlax|par\n|\n|upkeep\n|turn|19\n|inactive|Laroxyl has 240 seconds left.\n|\n|t:|1787321405\n|switch|p2a: Jynx|Jynx|78/100 par\n|move|p1a: Starmie|Surf|p2a: Jynx\n|-damage|p2a: Jynx|41/100 par\n|\n|upkeep\n|turn|20\n|\n|t:|1787321415\n|move|p1a: Starmie|Surf|p2a: Jynx\n|-damage|p2a: Jynx|3/100 par\n|move|p2a: Jynx|Rest|p2a: Jynx\n|-status|p2a: Jynx|slp|[from] move: Rest\n|-heal|p2a: Jynx|100/100 slp|[silent]\n|\n|upkeep\n|turn|21\n|\n|t:|1787321422\n|move|p1a: Starmie|Surf|p2a: Jynx\n|-damage|p2a: Jynx|64/100 slp\n|cant|p2a: Jynx|slp\n|\n|upkeep\n|turn|22\n|\n|t:|1787321424\n|move|p1a: Starmie|Surf|p2a: Jynx\n|-damage|p2a: Jynx|32/100 slp\n|-curestatus|p2a: Jynx|slp|[msg]\n|\n|upkeep\n|turn|23\n|\n|t:|1787321429\n|switch|p2a: Starmie|Starmie|100/100 slp\n|move|p1a: Starmie|Surf|p2a: Starmie\n|-crit|p2a: Starmie\n|-resisted|p2a: Starmie\n|-damage|p2a: Starmie|66/100 slp\n|\n|upkeep\n|turn|24\n|\n|t:|1787321436\n|switch|p2a: Zapdos|Zapdos|100/100\n|move|p1a: Starmie|Surf|p2a: Zapdos\n|-damage|p2a: Zapdos|76/100\n|\n|upkeep\n|turn|25\n|inactive|Laroxyl has 270 seconds left.\n|\n|t:|1787321465\n|switch|p1a: Jynx|Jynx|38/100\n|move|p2a: Zapdos|Thunderbolt|p1a: Jynx\n|-damage|p1a: Jynx|0 fnt\n|faint|p1a: Jynx\n|\n|t:|1787321485\n|switch|p1a: Snorlax|Snorlax|100/100\n|turn|26\n|\n|t:|1787321488\n|switch|p2a: Starmie|Starmie|66/100 slp\n|move|p1a: Snorlax|Body Slam|p2a: Starmie\n|-damage|p2a: Starmie|27/100 slp\n|\n|upkeep\n|turn|27\n|\n|t:|1787321492\n|-curestatus|p2a: Starmie|slp|[msg]\n|move|p1a: Snorlax|Body Slam|p2a: Starmie\n|-damage|p2a: Starmie|0 fnt\n|faint|p2a: Starmie\n|\n|t:|1787321493\n|switch|p2a: Snorlax|Snorlax|100/100 par\n|turn|28\n|inactive|Laroxyl has 270 seconds left.\n|\n|t:|1787321524\n|move|p1a: Snorlax|Reflect|p1a: Snorlax\n|-start|p1a: Snorlax|Reflect\n|move|p2a: Snorlax|Body Slam|p1a: Snorlax\n|-damage|p1a: Snorlax|88/100\n|\n|upkeep\n|turn|29\n|\n|t:|1787321532\n|move|p1a: Snorlax|Body Slam|p2a: Snorlax\n|-damage|p2a: Snorlax|73/100 par\n|cant|p2a: Snorlax|par\n|\n|upkeep\n|turn|30\n|inactive|Laroxyl has 270 seconds left.\n|\n|t:|1787321552\n|move|p1a: Snorlax|Body Slam|p2a: Snorlax\n|-damage|p2a: Snorlax|47/100 par\n|move|p2a: Snorlax|Reflect|p2a: Snorlax\n|-start|p2a: Snorlax|Reflect\n|\n|upkeep\n|turn|31\n|\n|t:|1787321562\n|move|p1a: Snorlax|Body Slam|p2a: Snorlax\n|-crit|p2a: Snorlax\n|-damage|p2a: Snorlax|0 fnt\n|faint|p2a: Snorlax\n|\n|t:|1787321568\n|switch|p2a: Jynx|Jynx|32/100\n|turn|32\n|inactive|Laroxyl has 270 seconds left.\n|\n|t:|1787321585\n|switch|p2a: Zapdos|Zapdos|76/100\n|switch|p1a: Starmie|Starmie|100/100 par\n|\n|upkeep\n|turn|33\n|\n|t:|1787321604\n|switch|p1a: Chansey|Chansey|57/100 slp\n|move|p2a: Zapdos|Thunderbolt|p1a: Chansey\n|-damage|p1a: Chansey|41/100 slp\n|\n|upkeep\n|turn|34\n|\n|t:|1787321625\n|move|p2a: Zapdos|Thunderbolt|p1a: Chansey\n|-damage|p1a: Chansey|23/100 slp\n|cant|p1a: Chansey|slp\n|\n|upkeep\n|turn|35\n|inactive|Laroxyl has 240 seconds left.\n|\n|t:|1787321641\n|move|p2a: Zapdos|Thunderbolt|p1a: Chansey\n|-damage|p1a: Chansey|4/100 slp\n|cant|p1a: Chansey|slp\n|\n|upkeep\n|turn|36\n|inactive|Laroxyl has 240 seconds left.\n|inactive|Laroxyl has 210 seconds left.\n|\n|t:|1787321685\n|move|p2a: Zapdos|Agility|p2a: Zapdos\n|-boost|p2a: Zapdos|spe|2\n|cant|p1a: Chansey|slp\n|\n|upkeep\n|turn|37\n|\n|t:|1787321693\n|move|p2a: Zapdos|Agility|p2a: Zapdos\n|-boost|p2a: Zapdos|spe|2\n|-curestatus|p1a: Chansey|slp|[msg]\n|\n|upkeep\n|turn|38\n|\n|t:|1787321707\n|move|p2a: Zapdos|Thunderbolt|p1a: Chansey\n|-damage|p1a: Chansey|0 fnt\n|faint|p1a: Chansey\n|\n|t:|1787321712\n|switch|p1a: Snorlax|Snorlax|88/100\n|turn|39\n|\n|t:|1787321715\n|move|p2a: Zapdos|Thunderbolt|p1a: Snorlax\n|-damage|p1a: Snorlax|57/100\n|move|p1a: Snorlax|Body Slam|p2a: Zapdos\n|-damage|p2a: Zapdos|45/100\n|\n|upkeep\n|turn|40\n|\n|t:|1787321727\n|move|p2a: Zapdos|Thunderbolt|p1a: Snorlax\n|-damage|p1a: Snorlax|26/100\n|move|p1a: Snorlax|Hyper Beam|p2a: Zapdos\n|-damage|p2a: Zapdos|0 fnt\n|faint|p2a: Zapdos\n|\n|t:|1787321733\n|switch|p2a: Tauros|Tauros|100/100\n|turn|41\n|\n|t:|1787321741\n|move|p2a: Tauros|Hyper Beam|p1a: Snorlax\n|-damage|p1a: Snorlax|0 fnt\n|faint|p1a: Snorlax\n|\n|t:|1787321751\n|switch|p1a: Starmie|Starmie|100/100 par\n|turn|42\n|\n|t:|1787321755\n|switch|p2a: Jynx|Jynx|32/100\n|move|p1a: Starmie|Thunder Wave|p2a: Jynx\n|-status|p2a: Jynx|par\n|\n|upkeep\n|turn|43\n|\n|t:|1787321766\n|move|p1a: Starmie|Surf|p2a: Jynx\n|-damage|p2a: Jynx|0 fnt\n|faint|p2a: Jynx\n|\n|t:|1787321767\n|switch|p2a: Tauros|Tauros|100/100\n|turn|44\n|inactive|Amaranth has 270 seconds left.\n|\n|t:|1787321801\n|move|p2a: Tauros|Thunderbolt|p1a: Starmie\n|-supereffective|p1a: Starmie\n|-damage|p1a: Starmie|63/100 par\n|move|p1a: Starmie|Thunder Wave|p2a: Tauros\n|-status|p2a: Tauros|par\n|\n|upkeep\n|turn|45\n|\n|t:|1787321807\n|move|p1a: Starmie|Surf|p2a: Tauros\n|-damage|p2a: Tauros|59/100 par\n|move|p2a: Tauros|Hyper Beam|p1a: Starmie|[miss]\n|-miss|p2a: Tauros\n|\n|upkeep\n|turn|46\n|\n|t:|1787321812\n|move|p1a: Starmie|Surf|p2a: Tauros\n|-crit|p2a: Tauros\n|-damage|p2a: Tauros|0 fnt\n|faint|p2a: Tauros\n|\n|win|Laroxyl\n|c|☆Amaranth|ggs\n|c|☆Laroxyl|gg\n|player|p2|\n|player|p1|\n","uploadtime":1787321812,"views":"163","formatid":"gen1ou","rating":null,"private":0,"password":null}