{"id":"smogtours-gen1ou-950660","format":"[Gen 1] OU","players":["TG2513","Soda Krys"],"log":"|inactive|Battle timer is ON: inactive players will automatically lose when time's up.\n|t:|1782579604\n|gametype|singles\n|player|p1|TG2513|brycenman|\n|player|p2|Soda Krys|gwynn|\n|gen|1\n|tier|[Gen 1] OU\n|rule|Desync Clause Mod: Desyncs changed to move failure.\n|rule|HP Percentage Mod: HP is shown in percentages\n|rule|Endless Battle Clause: Forcing endless battles is banned\n|rule|Sleep Clause Mod: Limit one foe put to sleep\n|rule|Freeze Clause Mod: Limit one foe frozen\n|rule|Species Clause: Limit one of each Pokémon\n|rule|OHKO Clause: OHKO moves are banned\n|rule|Evasion Moves Clause: Evasion moves are banned\n|\n|t:|1782579604\n|teamsize|p1|6\n|teamsize|p2|6\n|start\n|switch|p1a: Jynx|Jynx|100/100\n|switch|p2a: Firework|Gengar|100/100\n|turn|1\n|\n|t:|1782579608\n|move|p2a: Firework|Hypnosis|p1a: Jynx|[miss]\n|-miss|p2a: Firework\n|move|p1a: Jynx|Lovely Kiss|p2a: Firework\n|-status|p2a: Firework|slp|[from] move: Lovely Kiss\n|\n|upkeep\n|turn|2\n|\n|t:|1782579609\n|cant|p2a: Firework|slp\n|move|p1a: Jynx|Psychic|p2a: Firework\n|-supereffective|p2a: Firework\n|-damage|p2a: Firework|44/100 slp\n|-unboost|p2a: Firework|spa|1\n|-unboost|p2a: Firework|spd|1\n|\n|upkeep\n|turn|3\n|\n|t:|1782579611\n|switch|p2a: Peacock|Chansey|100/100\n|move|p1a: Jynx|Blizzard|p2a: Peacock\n|-damage|p2a: Peacock|80/100\n|\n|upkeep\n|turn|4\n|\n|t:|1782579615\n|move|p1a: Jynx|Blizzard|p2a: Peacock\n|-damage|p2a: Peacock|63/100\n|move|p2a: Peacock|Thunder Wave|p1a: Jynx\n|-status|p1a: Jynx|par\n|\n|upkeep\n|turn|5\n|\n|t:|1782579617\n|move|p2a: Peacock|Soft-Boiled|p2a: Peacock\n|-heal|p2a: Peacock|100/100\n|move|p1a: Jynx|Blizzard|p2a: Peacock\n|-damage|p2a: Peacock|82/100\n|\n|upkeep\n|turn|6\n|\n|t:|1782579618\n|move|p2a: Peacock|Seismic Toss|p1a: Jynx\n|-damage|p1a: Jynx|70/100 par\n|move|p1a: Jynx|Blizzard|p2a: Peacock|[miss]\n|-miss|p1a: Jynx\n|\n|upkeep\n|turn|7\n|\n|t:|1782579626\n|move|p2a: Peacock|Seismic Toss|p1a: Jynx\n|-damage|p1a: Jynx|40/100 par\n|cant|p1a: Jynx|par\n|\n|upkeep\n|turn|8\n|\n|t:|1782579628\n|switch|p2a: Teenage Dream|Snorlax|100/100\n|move|p1a: Jynx|Rest|p1a: Jynx\n|-status|p1a: Jynx|slp|[from] move: Rest\n|-heal|p1a: Jynx|100/100 slp|[silent]\n|\n|upkeep\n|turn|9\n|\n|t:|1782579632\n|switch|p1a: Snorlax|Snorlax|100/100\n|move|p2a: Teenage Dream|Body Slam|p1a: Snorlax\n|-crit|p1a: Snorlax\n|-damage|p1a: Snorlax|52/100\n|\n|upkeep\n|turn|10\n|\n|t:|1782579637\n|move|p2a: Teenage Dream|Reflect|p2a: Teenage Dream\n|-start|p2a: Teenage Dream|Reflect\n|move|p1a: Snorlax|Earthquake|p2a: Teenage Dream\n|-damage|p2a: Teenage Dream|90/100\n|\n|upkeep\n|turn|11\n|\n|t:|1782579643\n|move|p1a: Snorlax|Body Slam|p2a: Teenage Dream\n|-damage|p2a: Teenage Dream|78/100\n|move|p2a: Teenage Dream|Body Slam|p1a: Snorlax\n|-damage|p1a: Snorlax|25/100\n|\n|upkeep\n|turn|12\n|\n|t:|1782579647\n|switch|p1a: Exeggutor|Exeggutor|100/100\n|move|p2a: Teenage Dream|Body Slam|p1a: Exeggutor\n|-damage|p1a: Exeggutor|71/100\n|\n|upkeep\n|turn|13\n|\n|t:|1782579649\n|move|p1a: Exeggutor|Psychic|p2a: Teenage Dream\n|-damage|p2a: Teenage Dream|46/100\n|-unboost|p2a: Teenage Dream|spa|1\n|-unboost|p2a: Teenage Dream|spd|1\n|move|p2a: Teenage Dream|Body Slam|p1a: Exeggutor\n|-damage|p1a: Exeggutor|44/100\n|\n|upkeep\n|turn|14\n|\n|t:|1782579653\n|switch|p2a: Peacock|Chansey|82/100\n|move|p1a: Exeggutor|Psychic|p2a: Peacock\n|-damage|p2a: Peacock|66/100\n|-unboost|p2a: Peacock|spa|1\n|-unboost|p2a: Peacock|spd|1\n|\n|upkeep\n|turn|15\n|\n|t:|1782579656\n|move|p1a: Exeggutor|Psychic|p2a: Peacock\n|-damage|p2a: Peacock|40/100\n|-unboost|p2a: Peacock|spa|1\n|-unboost|p2a: Peacock|spd|1\n|move|p2a: Peacock|Soft-Boiled|p2a: Peacock\n|-heal|p2a: Peacock|90/100\n|\n|upkeep\n|turn|16\n|\n|t:|1782579660\n|switch|p2a: E.T.|Exeggutor|100/100\n|move|p1a: Exeggutor|Stun Spore|p2a: E.T.\n|-status|p2a: E.T.|par\n|\n|upkeep\n|turn|17\n|\n|t:|1782579670\n|move|p1a: Exeggutor|Psychic|p2a: E.T.\n|-resisted|p2a: E.T.\n|-damage|p2a: E.T.|88/100 par\n|-unboost|p2a: E.T.|spa|1\n|-unboost|p2a: E.T.|spd|1\n|move|p2a: E.T.|Stun Spore|p1a: Exeggutor\n|-status|p1a: Exeggutor|par\n|\n|upkeep\n|turn|18\n|\n|t:|1782579673\n|move|p1a: Exeggutor|Psychic|p2a: E.T.\n|-crit|p2a: E.T.\n|-resisted|p2a: E.T.\n|-damage|p2a: E.T.|62/100 par\n|cant|p2a: E.T.|par\n|\n|upkeep\n|turn|19\n|\n|t:|1782579677\n|switch|p2a: Teenage Dream|Snorlax|46/100\n|move|p1a: Exeggutor|Explosion|p2a: Teenage Dream\n|-crit|p2a: Teenage Dream\n|-damage|p2a: Teenage Dream|0 fnt\n|faint|p2a: Teenage Dream\n|faint|p1a: Exeggutor\n|\n|t:|1782579684\n|switch|p2a: Last Friday Night|Tauros|100/100\n|switch|p1a: Snorlax|Snorlax|25/100\n|turn|20\n|\n|t:|1782579691\n|move|p2a: Last Friday Night|Body Slam|p1a: Snorlax\n|-crit|p1a: Snorlax\n|-damage|p1a: Snorlax|0 fnt\n|faint|p1a: Snorlax\n|\n|t:|1782579712\n|switch|p1a: Chansey|Chansey|100/100\n|turn|21\n|\n|t:|1782579714\n|switch|p2a: E.T.|Exeggutor|62/100 par\n|move|p1a: Chansey|Thunder Wave|p2a: E.T.\n|-fail|p2a: E.T.|par\n|\n|upkeep\n|turn|22\n|\n|t:|1782579716\n|move|p1a: Chansey|Ice Beam|p2a: E.T.\n|-supereffective|p2a: E.T.\n|-damage|p2a: E.T.|31/100 par\n|move|p2a: E.T.|Stun Spore|p1a: Chansey\n|-status|p1a: Chansey|par\n|\n|upkeep\n|turn|23\n|\n|t:|1782579726\n|switch|p1a: Rhydon|Rhydon|100/100\n|move|p2a: E.T.|Rest|p2a: E.T.\n|-status|p2a: E.T.|slp|[from] move: Rest\n|-heal|p2a: E.T.|100/100 slp|[silent]\n|\n|upkeep\n|turn|24\n|\n|t:|1782579731\n|move|p1a: Rhydon|Body Slam|p2a: E.T.\n|-crit|p2a: E.T.\n|-damage|p2a: E.T.|56/100 slp\n|cant|p2a: E.T.|slp\n|\n|upkeep\n|turn|25\n|\n|t:|1782579736\n|move|p1a: Rhydon|Rock Slide|p2a: E.T.\n|-damage|p2a: E.T.|25/100 slp\n|-curestatus|p2a: E.T.|slp|[msg]\n|\n|upkeep\n|turn|26\n|\n|t:|1782579739\n|switch|p2a: Firework|Gengar|44/100 slp\n|move|p1a: Rhydon|Rock Slide|p2a: Firework\n|-damage|p2a: Firework|0 fnt\n|faint|p2a: Firework\n|\n|t:|1782579746\n|switch|p2a: E.T.|Exeggutor|25/100\n|turn|27\n|\n|t:|1782579750\n|switch|p1a: Jynx|Jynx|100/100 slp\n|move|p2a: E.T.|Psychic|p1a: Jynx\n|-resisted|p1a: Jynx\n|-damage|p1a: Jynx|81/100 slp\n|\n|upkeep\n|turn|28\n|\n|t:|1782579751\n|switch|p2a: Last Friday Night|Tauros|100/100\n|cant|p1a: Jynx|slp\n|\n|upkeep\n|turn|29\n|\n|t:|1782579762\n|move|p2a: Last Friday Night|Earthquake|p1a: Jynx\n|-damage|p1a: Jynx|36/100 slp\n|-curestatus|p1a: Jynx|slp|[msg]\n|\n|upkeep\n|turn|30\n|\n|t:|1782579767\n|switch|p1a: Tauros|Tauros|100/100\n|move|p2a: Last Friday Night|Earthquake|p1a: Tauros\n|-damage|p1a: Tauros|78/100\n|\n|upkeep\n|turn|31\n|\n|t:|1782579771\n|move|p1a: Tauros|Body Slam|p2a: Last Friday Night\n|-damage|p2a: Last Friday Night|73/100\n|move|p2a: Last Friday Night|Body Slam|p1a: Tauros\n|-damage|p1a: Tauros|48/100\n|\n|upkeep\n|turn|32\n|\n|t:|1782579776\n|move|p2a: Last Friday Night|Body Slam|p1a: Tauros\n|-damage|p1a: Tauros|18/100\n|move|p1a: Tauros|Hyper Beam|p2a: Last Friday Night\n|-damage|p2a: Last Friday Night|21/100\n|-mustrecharge|p1a: Tauros\n|\n|upkeep\n|turn|33\n|\n|t:|1782579782\n|cant|p1a: Tauros|recharge\n|move|p2a: Last Friday Night|Body Slam|p1a: Tauros\n|-damage|p1a: Tauros|0 fnt\n|faint|p1a: Tauros\n|\n|t:|1782579791\n|switch|p1a: Chansey|Chansey|100/100 par\n|turn|34\n|\n|t:|1782579794\n|switch|p2a: Peacock|Chansey|90/100\n|move|p1a: Chansey|Thunder Wave|p2a: Peacock\n|-status|p2a: Peacock|par\n|\n|upkeep\n|turn|35\n|\n|t:|1782579800\n|move|p1a: Chansey|Ice Beam|p2a: Peacock\n|-damage|p2a: Peacock|78/100 par\n|move|p2a: Peacock|Seismic Toss|p1a: Chansey\n|-damage|p1a: Chansey|86/100 par\n|\n|upkeep\n|turn|36\n|\n|t:|1782579804\n|switch|p1a: Rhydon|Rhydon|100/100\n|move|p2a: Peacock|Soft-Boiled|p2a: Peacock\n|-heal|p2a: Peacock|100/100 par\n|\n|upkeep\n|turn|37\n|\n|t:|1782579816\n|move|p1a: Rhydon|Earthquake|p2a: Peacock\n|-damage|p2a: Peacock|48/100 par\n|cant|p2a: Peacock|par\n|\n|upkeep\n|turn|38\n|\n|t:|1782579822\n|move|p1a: Rhydon|Rock Slide|p2a: Peacock\n|-damage|p2a: Peacock|10/100 par\n|move|p2a: Peacock|Seismic Toss|p1a: Rhydon\n|-damage|p1a: Rhydon|76/100\n|\n|upkeep\n|turn|39\n|\n|t:|1782579831\n|move|p1a: Rhydon|Rock Slide|p2a: Peacock\n|-damage|p2a: Peacock|0 fnt\n|faint|p2a: Peacock\n|\n|t:|1782579836\n|switch|p2a: California Gurls|Jynx|100/100\n|turn|40\n|\n|t:|1782579842\n|switch|p1a: Chansey|Chansey|86/100 par\n|move|p2a: California Gurls|Psychic|p1a: Chansey\n|-damage|p1a: Chansey|72/100 par\n|-unboost|p1a: Chansey|spa|1\n|-unboost|p1a: Chansey|spd|1\n|\n|upkeep\n|turn|41\n|\n|t:|1782579845\n|switch|p2a: Last Friday Night|Tauros|21/100\n|move|p1a: Chansey|Thunder Wave|p2a: Last Friday Night\n|-status|p2a: Last Friday Night|par\n|\n|upkeep\n|turn|42\n|\n|t:|1782579850\n|switch|p1a: Rhydon|Rhydon|76/100\n|move|p2a: Last Friday Night|Body Slam|p1a: Rhydon\n|-resisted|p1a: Rhydon\n|-damage|p1a: Rhydon|66/100\n|\n|upkeep\n|turn|43\n|\n|t:|1782579859\n|switch|p2a: California Gurls|Jynx|100/100\n|move|p1a: Rhydon|Rock Slide|p2a: California Gurls\n|-supereffective|p2a: California Gurls\n|-damage|p2a: California Gurls|0 fnt\n|faint|p2a: California Gurls\n|\n|t:|1782579861\n|switch|p2a: E.T.|Exeggutor|25/100\n|turn|44\n|\n|t:|1782579865\n|switch|p1a: Chansey|Chansey|72/100 par\n|move|p2a: E.T.|Stun Spore|p1a: Chansey\n|-fail|p1a: Chansey|par\n|\n|upkeep\n|turn|45\n|\n|t:|1782579869\n|move|p2a: E.T.|Psychic|p1a: Chansey\n|-damage|p1a: Chansey|55/100 par\n|-unboost|p1a: Chansey|spa|1\n|-unboost|p1a: Chansey|spd|1\n|move|p1a: Chansey|Ice Beam|p2a: E.T.\n|-supereffective|p2a: E.T.\n|-damage|p2a: E.T.|5/100\n|\n|upkeep\n|turn|46\n|\n|t:|1782579871\n|move|p2a: E.T.|Rest|p2a: E.T.\n|-status|p2a: E.T.|slp|[from] move: Rest\n|-heal|p2a: E.T.|100/100 slp|[silent]\n|cant|p1a: Chansey|par\n|\n|upkeep\n|turn|47\n|\n|t:|1782579873\n|switch|p1a: Jynx|Jynx|36/100\n|cant|p2a: E.T.|slp\n|\n|upkeep\n|turn|48\n|\n|t:|1782579876\n|move|p1a: Jynx|Blizzard|p2a: E.T.\n|-supereffective|p2a: E.T.\n|-damage|p2a: E.T.|36/100 slp\n|-curestatus|p2a: E.T.|slp|[msg]\n|\n|upkeep\n|turn|49\n|-message|Soda Krys forfeited.\n|\n|win|TG2513\n|c|☆Soda Krys|13-17\n","uploadtime":1782579881,"views":"63","formatid":"gen1ou","rating":null,"private":0,"password":null}