{"id":"smogtours-gen1ou-819761","format":"[Gen 1] OU","players":["Kaz","Serpi n_n"],"log":"|inactive|Battle timer is ON: inactive players will automatically lose when time's up.\n|t:|1739556040\n|gametype|singles\n|player|p1|Kaz|red-gen1rb|\n|player|p2|Serpi n_n|#splxviraiders|\n|teamsize|p1|6\n|teamsize|p2|6\n|gen|1\n|tier|[Gen 1] OU\n|rule|Desync Clause Mod: Desyncs changed to move failure.\n|rule|Sleep Clause Mod: Limit one foe put to sleep\n|rule|Freeze Clause Mod: Limit one foe frozen\n|rule|Species Clause: Limit one of each Pokémon\n|rule|OHKO Clause: OHKO moves are banned\n|rule|Evasion Moves Clause: Evasion moves are banned\n|rule|Endless Battle Clause: Forcing endless battles is banned\n|rule|HP Percentage Mod: HP is shown in percentages\n|\n|t:|1739556040\n|start\n|switch|p1a: Jynx|Jynx|100/100\n|switch|p2a: Starmie|Starmie|100/100\n|turn|1\n|c|☆Serpi n_n|hf\n|c|☆Kaz|hf\n|inactive|Serpi n_n has 270 seconds left.\n|\n|t:|1739556072\n|move|p2a: Starmie|Thunder Wave|p1a: Jynx\n|-status|p1a: Jynx|par\n|move|p1a: Jynx|Lovely Kiss|p2a: Starmie\n|-status|p2a: Starmie|slp|[from] move: Lovely Kiss\n|\n|upkeep\n|turn|2\n|\n|t:|1739556089\n|switch|p1a: Chansey|Chansey|100/100\n|cant|p2a: Starmie|slp\n|\n|upkeep\n|turn|3\n|\n|t:|1739556099\n|cant|p2a: Starmie|slp\n|move|p1a: Chansey|Thunder Wave|p2a: Starmie\n|-fail|p2a: Starmie\n|\n|upkeep\n|turn|4\n|\n|t:|1739556111\n|cant|p2a: Starmie|slp\n|move|p1a: Chansey|Ice Beam|p2a: Starmie\n|-resisted|p2a: Starmie\n|-damage|p2a: Starmie|89/100 slp\n|\n|upkeep\n|turn|5\n|\n|t:|1739556134\n|switch|p2a: Chansey|Chansey|100/100\n|move|p1a: Chansey|Thunderbolt|p2a: Chansey\n|-damage|p2a: Chansey|90/100\n|\n|upkeep\n|turn|6\n|\n|t:|1739556159\n|move|p1a: Chansey|Thunder Wave|p2a: Chansey\n|-status|p2a: Chansey|par\n|cant|p2a: Chansey|par\n|\n|upkeep\n|turn|7\n|rated|Smogon Premier League\n|\n|t:|1739556172\n|switch|p1a: Jynx|Jynx|100/100 par\n|move|p2a: Chansey|Seismic Toss|p1a: Jynx\n|-damage|p1a: Jynx|70/100 par\n|\n|upkeep\n|turn|8\n|\n|t:|1739556184\n|switch|p1a: Snorlax|Snorlax|100/100\n|cant|p2a: Chansey|par\n|\n|upkeep\n|turn|9\n|inactive|Serpi n_n has 270 seconds left.\n|\n|t:|1739556219\n|move|p1a: Snorlax|Body Slam|p2a: Chansey\n|-damage|p2a: Chansey|52/100 par\n|move|p2a: Chansey|Thunder Wave|p1a: Snorlax|[miss]\n|-miss|p2a: Chansey\n|-hint|In Gen 1, moves with 100% accuracy can still miss 1/256 of the time.\n|\n|upkeep\n|turn|10\n|\n|t:|1739556230\n|switch|p2a: Exeggutor|Exeggutor|100/100\n|move|p1a: Snorlax|Body Slam|p2a: Exeggutor\n|-damage|p2a: Exeggutor|71/100\n|\n|upkeep\n|turn|11\n|inactive|Serpi n_n has 270 seconds left.\n|\n|t:|1739556246\n|move|p2a: Exeggutor|Psychic|p1a: Snorlax\n|-damage|p1a: Snorlax|69/100\n|-unboost|p1a: Snorlax|spa|1\n|-unboost|p1a: Snorlax|spd|1\n|move|p1a: Snorlax|Body Slam|p2a: Exeggutor\n|-damage|p2a: Exeggutor|40/100\n|\n|upkeep\n|turn|12\n|\n|t:|1739556265\n|switch|p1a: Jynx|Jynx|70/100 par\n|move|p2a: Exeggutor|Sleep Powder|p1a: Jynx|[miss]\n|-miss|p2a: Exeggutor\n|\n|upkeep\n|turn|13\n|inactive|Serpi n_n has 240 seconds left.\n|inactive|Kaz has 270 seconds left.\n|\n|t:|1739556313\n|switch|p2a: Chansey|Chansey|52/100 par\n|move|p1a: Jynx|Blizzard|p2a: Chansey|[miss]\n|-miss|p1a: Jynx\n|\n|upkeep\n|turn|14\n|inactive|Serpi n_n has 240 seconds left.\n|\n|t:|1739556331\n|switch|p1a: Rhydon|Rhydon|100/100\n|cant|p2a: Chansey|par\n|\n|upkeep\n|turn|15\n|inactive|Serpi n_n has 240 seconds left.\n|\n|t:|1739556344\n|switch|p2a: Exeggutor|Exeggutor|40/100\n|move|p1a: Rhydon|Body Slam|p2a: Exeggutor\n|-damage|p2a: Exeggutor|17/100\n|\n|upkeep\n|turn|16\n|inactive|Serpi n_n has 240 seconds left.\n|\n|t:|1739556356\n|switch|p2a: Tauros|Tauros|100/100\n|switch|p1a: Jynx|Jynx|70/100 par\n|\n|upkeep\n|turn|17\n|inactive|Serpi n_n has 240 seconds left.\n|\n|t:|1739556380\n|move|p2a: Tauros|Body Slam|p1a: Jynx\n|-damage|p1a: Jynx|15/100 par\n|move|p1a: Jynx|Blizzard|p2a: Tauros|[miss]\n|-miss|p1a: Jynx\n|\n|upkeep\n|turn|18\n|inactive|Kaz has 240 seconds left.\n|inactive|Kaz has 210 seconds left.\n|\n|t:|1739556431\n|move|p2a: Tauros|Body Slam|p1a: Jynx\n|-damage|p1a: Jynx|0 fnt\n|faint|p1a: Jynx\n|inactive|Kaz has 210 seconds left.\n|\n|t:|1739556451\n|switch|p1a: Tauros|Tauros|100/100\n|turn|19\n|inactive|Serpi n_n has 240 seconds left.\n|inactive|Serpi n_n has 210 seconds left.\n|\n|t:|1739556509\n|switch|p2a: Zapdos|Zapdos|100/100\n|move|p1a: Tauros|Body Slam|p2a: Zapdos\n|-damage|p2a: Zapdos|71/100\n|-status|p2a: Zapdos|par\n|\n|upkeep\n|turn|20\n|inactive|Kaz has 210 seconds left.\n|\n|t:|1739556534\n|move|p1a: Tauros|Body Slam|p2a: Zapdos\n|-damage|p2a: Zapdos|42/100 par\n|move|p2a: Zapdos|Thunder Wave|p1a: Tauros\n|-status|p1a: Tauros|par\n|\n|upkeep\n|turn|21\n|inactive|Serpi n_n has 210 seconds left.\n|inactive|Serpi n_n has 180 seconds left.\n|inactive|Serpi n_n has 150 seconds left.\n|inactive|Serpi n_n has 120 seconds left.\n|\n|t:|1739556631\n|switch|p2a: Starmie|Starmie|89/100 slp\n|move|p1a: Tauros|Hyper Beam|p2a: Starmie|[miss]\n|-miss|p1a: Tauros\n|\n|upkeep\n|turn|22\n|\n|t:|1739556635\n|cant|p2a: Starmie|slp\n|move|p1a: Tauros|Body Slam|p2a: Starmie\n|-damage|p2a: Starmie|56/100 slp\n|\n|upkeep\n|turn|23\n|inactive|Serpi n_n has 120 seconds left.\n|inactive|Serpi n_n has 90 seconds left.\n|\n|t:|1739556691\n|cant|p2a: Starmie|slp\n|cant|p1a: Tauros|par\n|\n|upkeep\n|turn|24\n|inactive|Serpi n_n has 90 seconds left.\n|\n|t:|1739556701\n|switch|p2a: Zapdos|Zapdos|42/100 par\n|move|p1a: Tauros|Hyper Beam|p2a: Zapdos\n|-damage|p2a: Zapdos|0 fnt\n|faint|p2a: Zapdos\n|\n|t:|1739556702\n|switch|p2a: Tauros|Tauros|100/100\n|turn|25\n|\n|t:|1739556712\n|move|p2a: Tauros|Body Slam|p1a: Tauros\n|-damage|p1a: Tauros|73/100 par\n|cant|p1a: Tauros|par\n|\n|upkeep\n|turn|26\n|inactive|Kaz has 210 seconds left.\n|inactive|Serpi n_n has 90 seconds left.\n|\n|t:|1739556748\n|move|p2a: Tauros|Body Slam|p1a: Tauros\n|-damage|p1a: Tauros|43/100 par\n|move|p1a: Tauros|Body Slam|p2a: Tauros\n|-damage|p2a: Tauros|71/100\n|\n|upkeep\n|turn|27\n|inactive|Serpi n_n has 90 seconds left.\n|\n|t:|1739556761\n|move|p2a: Tauros|Body Slam|p1a: Tauros\n|-crit|p1a: Tauros\n|-damage|p1a: Tauros|0 fnt\n|faint|p1a: Tauros\n|\n|t:|1739556777\n|switch|p1a: Starmie|Starmie|100/100\n|turn|28\n|inactive|Serpi n_n has 90 seconds left.\n|\n|t:|1739556796\n|switch|p2a: Starmie|Starmie|56/100 slp\n|move|p1a: Starmie|Surf|p2a: Starmie\n|-resisted|p2a: Starmie\n|-damage|p2a: Starmie|40/100 slp\n|\n|upkeep\n|turn|29\n|inactive|Serpi n_n has 90 seconds left.\n|\n|t:|1739556813\n|switch|p2a: Chansey|Chansey|52/100 par\n|move|p1a: Starmie|Thunderbolt|p2a: Chansey\n|-crit|p2a: Chansey\n|-damage|p2a: Chansey|33/100 par\n|\n|upkeep\n|turn|30\n|inactive|Kaz has 180 seconds left.\n|\n|t:|1739556867\n|move|p1a: Starmie|Surf|p2a: Chansey|[miss]\n|-miss|p1a: Starmie\n|-hint|In Gen 1, moves with 100% accuracy can still miss 1/256 of the time.\n|cant|p2a: Chansey|par\n|\n|upkeep\n|turn|31\n|\n|t:|1739556874\n|switch|p1a: Rhydon|Rhydon|100/100\n|move|p2a: Chansey|Soft-Boiled|p2a: Chansey\n|-heal|p2a: Chansey|83/100 par\n|\n|upkeep\n|turn|32\n|inactive|Kaz has 150 seconds left.\n|inactive|Serpi n_n has 90 seconds left.\n|\n|t:|1739556909\n|switch|p2a: Starmie|Starmie|40/100 slp\n|move|p1a: Rhydon|Earthquake|p2a: Starmie\n|-damage|p2a: Starmie|0 fnt\n|faint|p2a: Starmie\n|\n|t:|1739556910\n|switch|p2a: Exeggutor|Exeggutor|17/100\n|turn|33\n|inactive|Kaz has 150 seconds left.\n|\n|t:|1739556941\n|move|p2a: Exeggutor|Sleep Powder|p1a: Rhydon\n|-status|p1a: Rhydon|slp|[from] move: Sleep Powder\n|cant|p1a: Rhydon|slp\n|\n|upkeep\n|turn|34\n|inactive|Kaz has 120 seconds left.\n|\n|t:|1739556960\n|switch|p1a: Chansey|Chansey|100/100\n|move|p2a: Exeggutor|Stun Spore|p1a: Chansey\n|-status|p1a: Chansey|par\n|\n|upkeep\n|turn|35\n|inactive|Kaz has 120 seconds left.\n|inactive|Serpi n_n has 90 seconds left.\n|\n|t:|1739557004\n|switch|p2a: Snorlax|Snorlax|100/100\n|cant|p1a: Chansey|par\n|\n|upkeep\n|turn|36\n|inactive|Kaz has 120 seconds left.\n|\n|t:|1739557009\n|move|p2a: Snorlax|Body Slam|p1a: Chansey\n|-crit|p1a: Chansey\n|-damage|p1a: Chansey|15/100 par\n|cant|p1a: Chansey|par\n|\n|upkeep\n|turn|37\n|inactive|Kaz has 120 seconds left.\n|inactive|Kaz has 90 seconds left.\n|\n|t:|1739557056\n|move|p2a: Snorlax|Earthquake|p1a: Chansey\n|-damage|p1a: Chansey|0 fnt\n|faint|p1a: Chansey\n|\n|t:|1739557058\n|switch|p1a: Snorlax|Snorlax|69/100\n|turn|38\n|inactive|Serpi n_n has 60 seconds left.\n|\n|t:|1739557096\n|move|p1a: Snorlax|Reflect|p1a: Snorlax\n|-start|p1a: Snorlax|Reflect\n|move|p2a: Snorlax|Body Slam|p1a: Snorlax\n|-crit|p1a: Snorlax\n|-damage|p1a: Snorlax|19/100\n|\n|upkeep\n|turn|39\n|\n|t:|1739557130\n|switch|p2a: Exeggutor|Exeggutor|17/100\n|move|p1a: Snorlax|Rest|p1a: Snorlax\n|-status|p1a: Snorlax|slp|[from] move: Rest\n|-heal|p1a: Snorlax|100/100 slp|[silent]\n|\n|upkeep\n|turn|40\n|\n|t:|1739557144\n|switch|p1a: Starmie|Starmie|100/100\n|move|p2a: Exeggutor|Psychic|p1a: Starmie\n|-resisted|p1a: Starmie\n|-damage|p1a: Starmie|82/100\n|\n|upkeep\n|turn|41\n|\n|t:|1739557160\n|move|p1a: Starmie|Surf|p2a: Exeggutor\n|-crit|p2a: Exeggutor\n|-resisted|p2a: Exeggutor\n|-damage|p2a: Exeggutor|0 fnt\n|faint|p2a: Exeggutor\n|inactive|Serpi n_n has 30 seconds left.\n|\n|t:|1739557176\n|switch|p2a: Snorlax|Snorlax|100/100\n|turn|42\n|inactive|Serpi n_n has 30 seconds left.\n|\n|t:|1739557192\n|move|p1a: Starmie|Thunder Wave|p2a: Snorlax\n|-status|p2a: Snorlax|par\n|move|p2a: Snorlax|Body Slam|p1a: Starmie\n|-crit|p1a: Starmie\n|-damage|p1a: Starmie|11/100\n|\n|upkeep\n|turn|43\n|\n|t:|1739557199\n|move|p1a: Starmie|Recover|p1a: Starmie\n|-heal|p1a: Starmie|61/100\n|cant|p2a: Snorlax|par\n|\n|upkeep\n|turn|44\n|inactive|Kaz has 90 seconds left.\n|\n|t:|1739557235\n|move|p1a: Starmie|Surf|p2a: Snorlax\n|-damage|p2a: Snorlax|74/100 par\n|move|p2a: Snorlax|Body Slam|p1a: Starmie\n|-damage|p1a: Starmie|23/100\n|\n|upkeep\n|turn|45\n|\n|t:|1739557245\n|move|p1a: Starmie|Recover|p1a: Starmie\n|-heal|p1a: Starmie|73/100\n|move|p2a: Snorlax|Self-Destruct|p1a: Starmie\n|-damage|p1a: Starmie|0 fnt\n|faint|p1a: Starmie\n|faint|p2a: Snorlax\n|\n|t:|1739557250\n|switch|p1a: Snorlax|Snorlax|100/100 slp\n|switch|p2a: Tauros|Tauros|71/100\n|turn|46\n|\n|t:|1739557253\n|move|p2a: Tauros|Body Slam|p1a: Snorlax\n|-crit|p1a: Snorlax\n|-damage|p1a: Snorlax|50/100 slp\n|cant|p1a: Snorlax|slp\n|\n|upkeep\n|turn|47\n|\n|t:|1739557256\n|move|p2a: Tauros|Body Slam|p1a: Snorlax\n|-damage|p1a: Snorlax|25/100 slp\n|-curestatus|p1a: Snorlax|slp|[msg]\n|\n|upkeep\n|turn|48\n|\n|t:|1739557260\n|move|p2a: Tauros|Hyper Beam|p1a: Snorlax\n|-crit|p1a: Snorlax\n|-damage|p1a: Snorlax|0 fnt\n|faint|p1a: Snorlax\n|c|☆Kaz|gg\n|-message|Kaz forfeited.\n|\n|win|Serpi n_n\n|player|p1|\n|c|☆Serpi n_n|gg\n|player|p2|\n","uploadtime":1739557266,"views":"2241","formatid":"gen1ou","rating":null,"private":0,"password":null}