{"id":"smogtours-gen1ou-816137","format":"[Gen 1] OU","players":["Kaz","Sceptross"],"log":"|inactive|Battle timer is ON: inactive players will automatically lose when time's up.\n|t:|1737900169\n|gametype|singles\n|player|p1|Kaz|#splxviclassiest2|\n|player|p2|Sceptross|norman|\n|teamsize|p1|6\n|teamsize|p2|6\n|gen|1\n|tier|[Gen 1] OU\n|rule|Desync Clause Mod: Desyncs changed to move failure.\n|rule|Sleep Clause Mod: Limit one foe put to sleep\n|rule|Freeze Clause Mod: Limit one foe frozen\n|rule|Species Clause: Limit one of each Pokémon\n|rule|OHKO Clause: OHKO moves are banned\n|rule|Evasion Moves Clause: Evasion moves are banned\n|rule|Endless Battle Clause: Forcing endless battles is banned\n|rule|HP Percentage Mod: HP is shown in percentages\n|\n|t:|1737900169\n|start\n|switch|p1a: Jynx|Jynx|100/100\n|switch|p2a: Gengar|Gengar|100/100\n|turn|1\n|rated|Smogon Premier League\n|c|☆Sceptross|hf\n|c|☆Kaz|glhf\n|inactive|Sceptross has 270 seconds left.\n|\n|t:|1737900221\n|move|p2a: Gengar|Hypnosis|p1a: Jynx|[miss]\n|-miss|p2a: Gengar\n|move|p1a: Jynx|Lovely Kiss|p2a: Gengar\n|-status|p2a: Gengar|slp|[from] move: Lovely Kiss\n|\n|upkeep\n|turn|2\n|\n|t:|1737900251\n|switch|p2a: Starmie|Starmie|100/100\n|move|p1a: Jynx|Blizzard|p2a: Starmie\n|-resisted|p2a: Starmie\n|-damage|p2a: Starmie|81/100\n|\n|upkeep\n|turn|3\n|\n|t:|1737900263\n|switch|p1a: Starmie|Starmie|100/100\n|move|p2a: Starmie|Psychic|p1a: Starmie\n|-crit|p1a: Starmie\n|-resisted|p1a: Starmie\n|-damage|p1a: Starmie|67/100\n|\n|upkeep\n|turn|4\n|\n|t:|1737900281\n|switch|p2a: Chansey|Chansey|100/100\n|move|p1a: Starmie|Thunder Wave|p2a: Chansey\n|-status|p2a: Chansey|par\n|\n|upkeep\n|turn|5\n|inactive|Sceptross has 270 seconds left.\n|inactive|Kaz has 270 seconds left.\n|\n|t:|1737900318\n|switch|p1a: Jynx|Jynx|100/100\n|move|p2a: Chansey|Thunder Wave|p1a: Jynx\n|-status|p1a: Jynx|par\n|\n|upkeep\n|turn|6\n|inactive|Sceptross has 270 seconds left.\n|inactive|Kaz has 270 seconds left.\n|\n|t:|1737900341\n|move|p1a: Jynx|Submission|p2a: Chansey\n|-supereffective|p2a: Chansey\n|-damage|p2a: Chansey|70/100 par\n|-damage|p1a: Jynx|85/100 par|[from] Recoil|[of] p2a: Chansey\n|cant|p2a: Chansey|par\n|\n|upkeep\n|turn|7\n|inactive|Kaz has 240 seconds left.\n|\n|t:|1737900371\n|cant|p1a: Jynx|par\n|cant|p2a: Chansey|par\n|\n|upkeep\n|turn|8\n|\n|t:|1737900377\n|move|p1a: Jynx|Submission|p2a: Chansey\n|-crit|p2a: Chansey\n|-supereffective|p2a: Chansey\n|-damage|p2a: Chansey|12/100 par\n|-damage|p1a: Jynx|54/100 par|[from] Recoil|[of] p2a: Chansey\n|move|p2a: Chansey|Soft-Boiled|p2a: Chansey\n|-heal|p2a: Chansey|62/100 par\n|\n|upkeep\n|turn|9\n|\n|t:|1737900384\n|switch|p1a: Snorlax|Snorlax|100/100\n|move|p2a: Chansey|Soft-Boiled|p2a: Chansey\n|-heal|p2a: Chansey|100/100 par\n|\n|upkeep\n|turn|10\n|inactive|Sceptross has 270 seconds left.\n|\n|t:|1737900437\n|move|p1a: Snorlax|Body Slam|p2a: Chansey\n|-damage|p2a: Chansey|60/100 par\n|move|p2a: Chansey|Thunder Wave|p1a: Snorlax\n|-status|p1a: Snorlax|par\n|\n|upkeep\n|turn|11\n|\n|t:|1737900445\n|switch|p2a: Snorlax|Snorlax|100/100\n|cant|p1a: Snorlax|par\n|\n|upkeep\n|turn|12\n|inactive|Sceptross has 270 seconds left.\n|\n|t:|1737900450\n|move|p2a: Snorlax|Earthquake|p1a: Snorlax\n|-damage|p1a: Snorlax|79/100 par\n|move|p1a: Snorlax|Body Slam|p2a: Snorlax\n|-damage|p2a: Snorlax|73/100\n|\n|upkeep\n|turn|13\n|inactive|Kaz has 270 seconds left.\n|inactive|Sceptross has 270 seconds left.\n|\n|t:|1737900485\n|move|p2a: Snorlax|Body Slam|p1a: Snorlax|[miss]\n|-miss|p2a: Snorlax\n|-hint|In Gen 1, moves with 100% accuracy can still miss 1/256 of the time.\n|move|p1a: Snorlax|Body Slam|p2a: Snorlax\n|-damage|p2a: Snorlax|48/100\n|\n|upkeep\n|turn|14\n|\n|t:|1737900498\n|switch|p2a: Gengar|Gengar|100/100 slp\n|move|p1a: Snorlax|Body Slam|p2a: Gengar\n|-immune|p2a: Gengar\n|\n|upkeep\n|turn|15\n|\n|t:|1737900501\n|cant|p2a: Gengar|slp\n|move|p1a: Snorlax|Earthquake|p2a: Gengar\n|-supereffective|p2a: Gengar\n|-damage|p2a: Gengar|31/100 slp\n|\n|upkeep\n|turn|16\n|inactive|Sceptross has 240 seconds left.\n|inactive|Kaz has 270 seconds left.\n|\n|t:|1737900560\n|switch|p2a: Snorlax|Snorlax|48/100\n|move|p1a: Snorlax|Earthquake|p2a: Snorlax\n|-damage|p2a: Snorlax|26/100\n|\n|upkeep\n|turn|17\n|inactive|Sceptross has 210 seconds left.\n|inactive|Sceptross has 180 seconds left.\n|\n|t:|1737900628\n|switch|p1a: Jynx|Jynx|54/100 par\n|move|p2a: Snorlax|Rest|p2a: Snorlax\n|-status|p2a: Snorlax|slp|[from] move: Rest\n|-heal|p2a: Snorlax|100/100 slp|[silent]\n|\n|upkeep\n|turn|18\n|\n|t:|1737900638\n|cant|p2a: Snorlax|slp\n|move|p1a: Jynx|Blizzard|p2a: Snorlax\n|-damage|p2a: Snorlax|67/100 slp\n|\n|upkeep\n|turn|19\n|\n|t:|1737900660\n|-curestatus|p2a: Snorlax|slp|[msg]\n|cant|p1a: Jynx|par\n|\n|upkeep\n|turn|20\n|\n|t:|1737900681\n|move|p2a: Snorlax|Body Slam|p1a: Jynx\n|-damage|p1a: Jynx|0 fnt\n|faint|p1a: Jynx\n|inactive|Kaz has 240 seconds left.\n|\n|t:|1737900707\n|switch|p1a: Exeggutor|Exeggutor|100/100\n|turn|21\n|\n|t:|1737900724\n|switch|p2a: Exeggutor|Exeggutor|100/100\n|move|p1a: Exeggutor|Psychic|p2a: Exeggutor\n|-crit|p2a: Exeggutor\n|-resisted|p2a: Exeggutor\n|-damage|p2a: Exeggutor|72/100\n|\n|upkeep\n|turn|22\n|inactive|Kaz has 240 seconds left.\n|inactive|Kaz has 210 seconds left.\n|inactive|Kaz has 180 seconds left.\n|\n|t:|1737900805\n|move|p1a: Exeggutor|Explosion|p2a: Exeggutor\n|-damage|p2a: Exeggutor|0 fnt\n|faint|p2a: Exeggutor\n|faint|p1a: Exeggutor\n|inactive|Sceptross has 150 seconds left.\n|inactive|Kaz has 150 seconds left.\n|inactive|Kaz has 120 seconds left.\n|\n|t:|1737900868\n|switch|p2a: Starmie|Starmie|81/100\n|switch|p1a: Starmie|Starmie|67/100\n|turn|23\n|\n|t:|1737900872\n|switch|p2a: Chansey|Chansey|60/100 par\n|move|p1a: Starmie|Recover|p1a: Starmie\n|-heal|p1a: Starmie|100/100\n|\n|upkeep\n|turn|24\n|\n|t:|1737900876\n|switch|p1a: Snorlax|Snorlax|79/100 par\n|move|p2a: Chansey|Soft-Boiled|p2a: Chansey\n|-heal|p2a: Chansey|100/100 par\n|\n|upkeep\n|turn|25\n|inactive|Sceptross has 150 seconds left.\n|\n|t:|1737900894\n|switch|p2a: Gengar|Gengar|31/100 slp\n|cant|p1a: Snorlax|par\n|\n|upkeep\n|turn|26\n|inactive|Kaz has 150 seconds left.\n|\n|t:|1737900904\n|switch|p2a: Snorlax|Snorlax|67/100\n|switch|p1a: Tauros|Tauros|100/100\n|\n|upkeep\n|turn|27\n|\n|t:|1737900918\n|move|p1a: Tauros|Body Slam|p2a: Snorlax\n|-crit|p2a: Snorlax\n|-damage|p2a: Snorlax|17/100\n|move|p2a: Snorlax|Body Slam|p1a: Tauros\n|-crit|p1a: Tauros\n|-damage|p1a: Tauros|42/100\n|\n|upkeep\n|turn|28\n|inactive|Sceptross has 150 seconds left.\n|inactive|Kaz has 150 seconds left.\n|inactive|Sceptross has 120 seconds left.\n|\n|t:|1737900972\n|switch|p2a: Gengar|Gengar|31/100 slp\n|move|p1a: Tauros|Blizzard|p2a: Gengar\n|-crit|p2a: Gengar\n|-damage|p2a: Gengar|0 fnt\n|faint|p2a: Gengar\n|inactive|Sceptross has 120 seconds left.\n|inactive|Sceptross has 90 seconds left.\n|\n|t:|1737901009\n|switch|p2a: Tauros|Tauros|100/100\n|turn|29\n|inactive|Kaz has 150 seconds left.\n|\n|t:|1737901017\n|switch|p1a: Starmie|Starmie|100/100\n|move|p2a: Tauros|Body Slam|p1a: Starmie\n|-damage|p1a: Starmie|65/100\n|\n|upkeep\n|turn|30\n|inactive|Sceptross has 90 seconds left.\n|\n|t:|1737901041\n|switch|p2a: Chansey|Chansey|100/100 par\n|move|p1a: Starmie|Recover|p1a: Starmie\n|-heal|p1a: Starmie|100/100\n|\n|upkeep\n|turn|31\n|inactive|Sceptross has 90 seconds left.\n|inactive|Kaz has 150 seconds left.\n|inactive|Sceptross has 60 seconds left.\n|\n|t:|1737901077\n|switch|p1a: Snorlax|Snorlax|79/100 par\n|switch|p2a: Snorlax|Snorlax|17/100\n|\n|upkeep\n|turn|32\n|\n|t:|1737901081\n|switch|p1a: Tauros|Tauros|42/100\n|move|p2a: Snorlax|Self-Destruct|p1a: Tauros\n|-crit|p1a: Tauros\n|-damage|p1a: Tauros|0 fnt\n|faint|p1a: Tauros\n|faint|p2a: Snorlax\n|inactive|Kaz has 150 seconds left.\n|inactive|Sceptross has 60 seconds left.\n|inactive|Kaz has 120 seconds left.\n|inactive|Sceptross has 30 seconds left.\n|\n|t:|1737901142\n|switch|p1a: Starmie|Starmie|100/100\n|switch|p2a: Starmie|Starmie|81/100\n|turn|33\n|inactive|Sceptross has 30 seconds left.\n|\n|t:|1737901158\n|move|p2a: Starmie|Thunder Wave|p1a: Starmie\n|-status|p1a: Starmie|par\n|move|p1a: Starmie|Thunder Wave|p2a: Starmie\n|-status|p2a: Starmie|par\n|\n|upkeep\n|turn|34\n|inactive|Sceptross has 30 seconds left.\n|\n|t:|1737901169\n|switch|p2a: Chansey|Chansey|100/100 par\n|move|p1a: Starmie|Surf|p2a: Chansey\n|-crit|p2a: Chansey\n|-damage|p2a: Chansey|69/100 par\n|\n|upkeep\n|turn|35\n|\n|t:|1737901174\n|switch|p1a: Snorlax|Snorlax|79/100 par\n|cant|p2a: Chansey|par\n|\n|upkeep\n|turn|36\n|\n|t:|1737901189\n|switch|p2a: Starmie|Starmie|81/100 par\n|cant|p1a: Snorlax|par\n|\n|upkeep\n|turn|37\n|\n|t:|1737901195\n|switch|p1a: Starmie|Starmie|100/100 par\n|move|p2a: Starmie|Psychic|p1a: Starmie\n|-resisted|p1a: Starmie\n|-damage|p1a: Starmie|85/100 par\n|\n|upkeep\n|turn|38\n|\n|t:|1737901202\n|switch|p2a: Chansey|Chansey|69/100 par\n|move|p1a: Starmie|Surf|p2a: Chansey\n|-damage|p2a: Chansey|54/100 par\n|\n|upkeep\n|turn|39\n|\n|t:|1737901205\n|switch|p1a: Snorlax|Snorlax|79/100 par\n|move|p2a: Chansey|Soft-Boiled|p2a: Chansey\n|-heal|p2a: Chansey|100/100 par\n|\n|upkeep\n|turn|40\n|\n|t:|1737901208\n|switch|p2a: Starmie|Starmie|81/100 par\n|move|p1a: Snorlax|Body Slam|p2a: Starmie\n|-damage|p2a: Starmie|45/100 par\n|\n|upkeep\n|turn|41\n|\n|t:|1737901212\n|cant|p2a: Starmie|par\n|move|p1a: Snorlax|Body Slam|p2a: Starmie\n|-damage|p2a: Starmie|8/100 par\n|\n|upkeep\n|turn|42\n|inactive|Sceptross has 90 seconds left.\n|\n|t:|1737901219\n|cant|p2a: Starmie|par\n|move|p1a: Snorlax|Hyper Beam|p2a: Starmie\n|-damage|p2a: Starmie|0 fnt\n|faint|p2a: Starmie\n|inactive|Sceptross has 90 seconds left.\n|\n|t:|1737901230\n|switch|p2a: Tauros|Tauros|100/100\n|turn|43\n|inactive|Kaz has 180 seconds left.\n|\n|t:|1737901251\n|move|p2a: Tauros|Body Slam|p1a: Snorlax\n|-damage|p1a: Snorlax|53/100 par\n|move|p1a: Snorlax|Body Slam|p2a: Tauros\n|-damage|p2a: Tauros|71/100\n|\n|upkeep\n|turn|44\n|\n|t:|1737901258\n|move|p2a: Tauros|Hyper Beam|p1a: Snorlax\n|-damage|p1a: Snorlax|13/100 par\n|-mustrecharge|p2a: Tauros\n|move|p1a: Snorlax|Self-Destruct|p2a: Tauros\n|-damage|p2a: Tauros|0 fnt\n|faint|p2a: Tauros\n|faint|p1a: Snorlax\n|inactive|Kaz has 180 seconds left.\n|\n|t:|1737901271\n|switch|p2a: Chansey|Chansey|100/100 par\n|switch|p1a: Starmie|Starmie|85/100 par\n|turn|45\n|\n|t:|1737901275\n|move|p1a: Starmie|Surf|p2a: Chansey\n|-damage|p2a: Chansey|85/100 par\n|move|p2a: Chansey|Thunderbolt|p1a: Starmie\n|-supereffective|p1a: Starmie\n|-damage|p1a: Starmie|39/100 par\n|\n|upkeep\n|turn|46\n|\n|t:|1737901280\n|move|p1a: Starmie|Surf|p2a: Chansey\n|-damage|p2a: Chansey|69/100 par\n|cant|p2a: Chansey|par\n|\n|upkeep\n|turn|47\n|\n|t:|1737901283\n|move|p1a: Starmie|Surf|p2a: Chansey\n|-damage|p2a: Chansey|53/100 par\n|cant|p2a: Chansey|par\n|\n|upkeep\n|turn|48\n|\n|t:|1737901289\n|switch|p1a: Zapdos|Zapdos|100/100\n|cant|p2a: Chansey|par\n|\n|upkeep\n|turn|49\n|inactive|Sceptross has 150 seconds left.\n|\n|t:|1737901294\n|move|p1a: Zapdos|Drill Peck|p2a: Chansey\n|-damage|p2a: Chansey|20/100 par\n|move|p2a: Chansey|Soft-Boiled|p2a: Chansey\n|-heal|p2a: Chansey|70/100 par\n|\n|upkeep\n|turn|50\n|inactive|Sceptross has 150 seconds left.\n|\n|t:|1737901312\n|move|p1a: Zapdos|Drill Peck|p2a: Chansey\n|-damage|p2a: Chansey|39/100 par\n|move|p2a: Chansey|Soft-Boiled|p2a: Chansey\n|-heal|p2a: Chansey|89/100 par\n|\n|upkeep\n|turn|51\n|\n|t:|1737901315\n|move|p1a: Zapdos|Drill Peck|p2a: Chansey\n|-damage|p2a: Chansey|53/100 par\n|move|p2a: Chansey|Thunder Wave|p1a: Zapdos\n|-status|p1a: Zapdos|par\n|\n|upkeep\n|turn|52\n|\n|t:|1737901317\n|cant|p1a: Zapdos|par\n|move|p2a: Chansey|Soft-Boiled|p2a: Chansey\n|-heal|p2a: Chansey|100/100 par\n|\n|upkeep\n|turn|53\n|\n|t:|1737901320\n|move|p1a: Zapdos|Drill Peck|p2a: Chansey\n|-damage|p2a: Chansey|69/100 par\n|move|p2a: Chansey|Ice Beam|p1a: Zapdos\n|-supereffective|p1a: Zapdos\n|-damage|p1a: Zapdos|66/100 par\n|\n|upkeep\n|turn|54\n|\n|t:|1737901323\n|move|p1a: Zapdos|Drill Peck|p2a: Chansey\n|-damage|p2a: Chansey|33/100 par\n|move|p2a: Chansey|Soft-Boiled|p2a: Chansey\n|-heal|p2a: Chansey|83/100 par\n|\n|upkeep\n|turn|55\n|\n|t:|1737901325\n|move|p1a: Zapdos|Drill Peck|p2a: Chansey\n|-damage|p2a: Chansey|48/100 par\n|move|p2a: Chansey|Soft-Boiled|p2a: Chansey\n|-heal|p2a: Chansey|98/100 par\n|\n|upkeep\n|turn|56\n|\n|t:|1737901331\n|move|p1a: Zapdos|Drill Peck|p2a: Chansey\n|-damage|p2a: Chansey|67/100 par\n|move|p2a: Chansey|Ice Beam|p1a: Zapdos\n|-supereffective|p1a: Zapdos\n|-damage|p1a: Zapdos|31/100 par\n|\n|upkeep\n|turn|57\n|\n|t:|1737901335\n|cant|p1a: Zapdos|par\n|cant|p2a: Chansey|par\n|\n|upkeep\n|turn|58\n|\n|t:|1737901337\n|cant|p1a: Zapdos|par\n|move|p2a: Chansey|Soft-Boiled|p2a: Chansey\n|-heal|p2a: Chansey|100/100 par\n|\n|upkeep\n|turn|59\n|\n|t:|1737901339\n|move|p1a: Zapdos|Drill Peck|p2a: Chansey\n|-damage|p2a: Chansey|68/100 par\n|cant|p2a: Chansey|par\n|\n|upkeep\n|turn|60\n|\n|t:|1737901345\n|move|p1a: Zapdos|Drill Peck|p2a: Chansey\n|-damage|p2a: Chansey|32/100 par\n|move|p2a: Chansey|Soft-Boiled|p2a: Chansey\n|-heal|p2a: Chansey|82/100 par\n|\n|upkeep\n|turn|61\n|\n|t:|1737901348\n|move|p1a: Zapdos|Drill Peck|p2a: Chansey\n|-damage|p2a: Chansey|49/100 par\n|move|p2a: Chansey|Soft-Boiled|p2a: Chansey\n|-heal|p2a: Chansey|99/100 par\n|\n|upkeep\n|turn|62\n|\n|t:|1737901351\n|move|p1a: Zapdos|Drill Peck|p2a: Chansey\n|-damage|p2a: Chansey|62/100 par\n|cant|p2a: Chansey|par\n|\n|upkeep\n|turn|63\n|inactive|Sceptross has 270 seconds left.\n|\n|t:|1737901356\n|cant|p1a: Zapdos|par\n|cant|p2a: Chansey|par\n|\n|upkeep\n|turn|64\n|\n|t:|1737901359\n|move|p1a: Zapdos|Drill Peck|p2a: Chansey\n|-crit|p2a: Chansey\n|-damage|p2a: Chansey|0 fnt\n|faint|p2a: Chansey\n|\n|win|Kaz\n|c|☆Kaz|gg\n|c|☆Sceptross|gg\n|player|p1|\n","uploadtime":1737901359,"views":"2293","formatid":"gen1ou","rating":null,"private":0,"password":null}