{"id":"smogtours-gen1ou-817523","format":"[Gen 1] OU","players":["Prinz","WarumFelix"],"log":"|inactive|Battle timer is ON: inactive players will automatically lose when time's up.\n|t:|1738492691\n|gametype|singles\n|player|p1|Prinz|policeman-gen4|\n|player|p2|WarumFelix|boarder|\n|teamsize|p1|6\n|teamsize|p2|6\n|gen|1\n|tier|[Gen 1] OU\n|rule|Desync Clause Mod: Desyncs changed to move failure.\n|rule|Sleep Clause Mod: Limit one foe put to sleep\n|rule|Freeze Clause Mod: Limit one foe frozen\n|rule|Species Clause: Limit one of each Pokémon\n|rule|OHKO Clause: OHKO moves are banned\n|rule|Evasion Moves Clause: Evasion moves are banned\n|rule|Endless Battle Clause: Forcing endless battles is banned\n|rule|HP Percentage Mod: HP is shown in percentages\n|\n|t:|1738492691\n|start\n|switch|p1a: Alakazam|Alakazam|100/100\n|switch|p2a: Jynx|Jynx|100/100\n|turn|1\n|c|☆WarumFelix|glhf\n|c|☆Prinz|u2\n|\n|t:|1738492715\n|switch|p2a: Chansey|Chansey|100/100\n|move|p1a: Alakazam|Thunder Wave|p2a: Chansey\n|-status|p2a: Chansey|par\n|\n|upkeep\n|turn|2\n|\n|t:|1738492726\n|move|p1a: Alakazam|Psychic|p2a: Chansey\n|-damage|p2a: Chansey|82/100 par\n|cant|p2a: Chansey|par\n|\n|upkeep\n|turn|3\n|\n|t:|1738492741\n|move|p1a: Alakazam|Psychic|p2a: Chansey\n|-crit|p2a: Chansey\n|-damage|p2a: Chansey|45/100 par\n|-unboost|p2a: Chansey|spa|1\n|-unboost|p2a: Chansey|spd|1\n|move|p2a: Chansey|Soft-Boiled|p2a: Chansey\n|-heal|p2a: Chansey|95/100 par\n|\n|upkeep\n|turn|4\n|rated|Smogon Premier League\n|\n|t:|1738492758\n|switch|p2a: Exeggutor|Exeggutor|100/100\n|move|p1a: Alakazam|Psychic|p2a: Exeggutor\n|-crit|p2a: Exeggutor\n|-resisted|p2a: Exeggutor\n|-damage|p2a: Exeggutor|71/100\n|\n|upkeep\n|turn|5\n|\n|t:|1738492764\n|switch|p2a: Chansey|Chansey|95/100 par\n|move|p1a: Alakazam|Seismic Toss|p2a: Chansey\n|-damage|p2a: Chansey|80/100 par\n|\n|upkeep\n|turn|6\n|\n|t:|1738492772\n|move|p1a: Alakazam|Psychic|p2a: Chansey\n|-damage|p2a: Chansey|64/100 par\n|move|p2a: Chansey|Sing|p1a: Alakazam\n|-status|p1a: Alakazam|slp|[from] move: Sing\n|\n|upkeep\n|turn|7\n|\n|t:|1738492781\n|switch|p1a: Snorlax|Snorlax|100/100\n|cant|p2a: Chansey|par\n|\n|upkeep\n|turn|8\n|\n|t:|1738492786\n|switch|p2a: Snorlax|Snorlax|100/100\n|move|p1a: Snorlax|Body Slam|p2a: Snorlax\n|-damage|p2a: Snorlax|72/100\n|\n|upkeep\n|turn|9\n|\n|t:|1738492793\n|move|p2a: Snorlax|Body Slam|p1a: Snorlax\n|-damage|p1a: Snorlax|74/100\n|move|p1a: Snorlax|Body Slam|p2a: Snorlax\n|-damage|p2a: Snorlax|46/100\n|\n|upkeep\n|turn|10\n|\n|t:|1738492812\n|switch|p1a: Gengar|Gengar|100/100\n|move|p2a: Snorlax|Reflect|p2a: Snorlax\n|-start|p2a: Snorlax|Reflect\n|\n|upkeep\n|turn|11\n|inactive|WarumFelix has 270 seconds left.\n|inactive|Prinz has 270 seconds left.\n|\n|t:|1738492848\n|switch|p2a: Chansey|Chansey|64/100 par\n|move|p1a: Gengar|Hypnosis|p2a: Chansey\n|-fail|p2a: Chansey\n|\n|upkeep\n|turn|12\n|inactive|Prinz has 270 seconds left.\n|inactive|WarumFelix has 240 seconds left.\n|inactive|Prinz has 240 seconds left.\n|\n|t:|1738492902\n|switch|p1a: Snorlax|Snorlax|74/100\n|move|p2a: Chansey|Thunder Wave|p1a: Snorlax\n|-status|p1a: Snorlax|par\n|\n|upkeep\n|turn|13\n|inactive|WarumFelix has 210 seconds left.\n|\n|t:|1738492928\n|switch|p2a: Starmie|Starmie|100/100\n|move|p1a: Snorlax|Body Slam|p2a: Starmie\n|-damage|p2a: Starmie|64/100\n|\n|upkeep\n|turn|14\n|inactive|WarumFelix has 210 seconds left.\n|\n|t:|1738492945\n|move|p2a: Starmie|Surf|p1a: Snorlax\n|-damage|p1a: Snorlax|45/100 par\n|move|p1a: Snorlax|Self-Destruct|p2a: Starmie\n|-damage|p2a: Starmie|0 fnt\n|faint|p2a: Starmie\n|faint|p1a: Snorlax\n|inactive|Prinz has 240 seconds left.\n|inactive|WarumFelix has 210 seconds left.\n|inactive|Prinz has 210 seconds left.\n|inactive|WarumFelix has 180 seconds left.\n|\n|t:|1738492995\n|switch|p2a: Exeggutor|Exeggutor|71/100\n|switch|p1a: Tauros|Tauros|100/100\n|turn|15\n|\n|t:|1738493005\n|switch|p1a: Exeggutor|Exeggutor|100/100\n|move|p2a: Exeggutor|Stun Spore|p1a: Exeggutor\n|-status|p1a: Exeggutor|par\n|\n|upkeep\n|turn|16\n|inactive|Prinz has 210 seconds left.\n|\n|t:|1738493032\n|switch|p2a: Chansey|Chansey|64/100 par\n|move|p1a: Exeggutor|Stun Spore|p2a: Chansey\n|-fail|p2a: Chansey|par\n|\n|upkeep\n|turn|17\n|\n|t:|1738493039\n|move|p1a: Exeggutor|Explosion|p2a: Chansey\n|-damage|p2a: Chansey|0 fnt\n|faint|p2a: Chansey\n|faint|p1a: Exeggutor\n|\n|t:|1738493048\n|switch|p1a: Gengar|Gengar|100/100\n|switch|p2a: Tauros|Tauros|100/100\n|turn|18\n|\n|t:|1738493055\n|switch|p1a: Articuno|Articuno|100/100\n|move|p2a: Tauros|Earthquake|p1a: Articuno\n|-immune|p1a: Articuno\n|\n|upkeep\n|turn|19\n|inactive|WarumFelix has 180 seconds left.\n|inactive|WarumFelix has 150 seconds left.\n|\n|t:|1738493112\n|switch|p2a: Jynx|Jynx|100/100\n|move|p1a: Articuno|Blizzard|p2a: Jynx\n|-resisted|p2a: Jynx\n|-damage|p2a: Jynx|74/100\n|\n|upkeep\n|turn|20\n|inactive|Prinz has 210 seconds left.\n|inactive|Prinz has 180 seconds left.\n|inactive|WarumFelix has 120 seconds left.\n|\n|t:|1738493185\n|switch|p1a: Gengar|Gengar|100/100\n|move|p2a: Jynx|Blizzard|p1a: Gengar\n|-damage|p1a: Gengar|62/100\n|\n|upkeep\n|turn|21\n|inactive|WarumFelix has 120 seconds left.\n|inactive|Prinz has 150 seconds left.\n|inactive|WarumFelix has 90 seconds left.\n|inactive|Prinz has 120 seconds left.\n|\n|t:|1738493254\n|switch|p2a: Snorlax|Snorlax|46/100\n|move|p1a: Gengar|Thunderbolt|p2a: Snorlax\n|-damage|p2a: Snorlax|24/100\n|\n|upkeep\n|turn|22\n|inactive|Prinz has 120 seconds left.\n|inactive|WarumFelix has 60 seconds left.\n|\n|t:|1738493280\n|move|p1a: Gengar|Thunderbolt|p2a: Snorlax\n|-damage|p2a: Snorlax|3/100\n|move|p2a: Snorlax|Rest|p2a: Snorlax\n|-status|p2a: Snorlax|slp|[from] move: Rest\n|-heal|p2a: Snorlax|100/100 slp|[silent]\n|\n|upkeep\n|turn|23\n|inactive|Prinz has 120 seconds left.\n|\n|t:|1738493288\n|move|p1a: Gengar|Night Shade|p2a: Snorlax\n|-damage|p2a: Snorlax|81/100 slp\n|cant|p2a: Snorlax|slp\n|\n|upkeep\n|turn|24\n|\n|t:|1738493290\n|move|p1a: Gengar|Thunderbolt|p2a: Snorlax\n|-damage|p2a: Snorlax|58/100 slp\n|-curestatus|p2a: Snorlax|slp|[msg]\n|\n|upkeep\n|turn|25\n|inactive|WarumFelix has 60 seconds left.\n|inactive|Prinz has 120 seconds left.\n|\n|t:|1738493328\n|switch|p2a: Exeggutor|Exeggutor|71/100\n|move|p1a: Gengar|Thunderbolt|p2a: Exeggutor\n|-resisted|p2a: Exeggutor\n|-damage|p2a: Exeggutor|62/100\n|\n|upkeep\n|turn|26\n|inactive|Prinz has 120 seconds left.\n|inactive|Prinz has 90 seconds left.\n|\n|t:|1738493369\n|move|p1a: Gengar|Hypnosis|p2a: Exeggutor\n|-status|p2a: Exeggutor|slp|[from] move: Hypnosis\n|-curestatus|p2a: Exeggutor|slp|[msg]\n|\n|upkeep\n|turn|27\n|inactive|Prinz has 90 seconds left.\n|\n|t:|1738493390\n|move|p1a: Gengar|Explosion|p2a: Exeggutor\n|-damage|p2a: Exeggutor|0 fnt\n|faint|p2a: Exeggutor\n|faint|p1a: Gengar\n|inactive|WarumFelix has 60 seconds left.\n|inactive|Prinz has 60 seconds left.\n|inactive|WarumFelix has 30 seconds left.\n|inactive|WarumFelix has 20 seconds left.\n|\n|t:|1738493443\n|switch|p1a: Tauros|Tauros|100/100\n|switch|p2a: Tauros|Tauros|100/100\n|turn|28\n|inactive|WarumFelix has 30 seconds left this turn.\n|\n|t:|1738493448\n|move|p2a: Tauros|Body Slam|p1a: Tauros\n|-damage|p1a: Tauros|72/100\n|move|p1a: Tauros|Body Slam|p2a: Tauros\n|-crit|p2a: Tauros\n|-damage|p2a: Tauros|41/100\n|\n|upkeep\n|turn|29\n|inactive|WarumFelix has 30 seconds left.\n|inactive|WarumFelix has 20 seconds left.\n|inactive|WarumFelix has 15 seconds left.\n|inactive|WarumFelix has 10 seconds left.\n|inactive|Prinz has 30 seconds left.\n|inactive|WarumFelix has 5 seconds left.\n|\n|t:|1738493489\n|switch|p2a: Snorlax|Snorlax|58/100\n|move|p1a: Tauros|Body Slam|p2a: Snorlax\n|-damage|p2a: Snorlax|33/100\n|\n|upkeep\n|turn|30\n|inactive|WarumFelix has 15 seconds left this turn.\n|inactive|Prinz has 30 seconds left.\n|\n|t:|1738493496\n|move|p1a: Tauros|Hyper Beam|p2a: Snorlax\n|-damage|p2a: Snorlax|0 fnt\n|faint|p2a: Snorlax\n|inactive|WarumFelix has 20 seconds left this turn.\n|\n|t:|1738493501\n|switch|p2a: Tauros|Tauros|41/100\n|turn|31\n|inactive|WarumFelix has 30 seconds left this turn.\n|\n|t:|1738493509\n|move|p1a: Tauros|Hyper Beam|p2a: Tauros\n|-damage|p2a: Tauros|0 fnt\n|faint|p2a: Tauros\n|\n|t:|1738493510\n|switch|p2a: Jynx|Jynx|74/100\n|turn|32\n|c|☆Prinz|hmm\n|\n|t:|1738493525\n|move|p1a: Tauros|Hyper Beam|p2a: Jynx|[miss]\n|-miss|p1a: Tauros\n|move|p2a: Jynx|Blizzard|p1a: Tauros|[miss]\n|-miss|p2a: Jynx\n|\n|upkeep\n|turn|33\n|\n|t:|1738493529\n|move|p1a: Tauros|Hyper Beam|p2a: Jynx\n|-damage|p2a: Jynx|0 fnt\n|faint|p2a: Jynx\n|\n|win|Prinz\n|c|☆WarumFelix|ggs\n|c|☆Prinz|ggs\n|player|p2|\n|player|p1|\n","uploadtime":1738493529,"views":"1672","formatid":"gen1ou","rating":null,"private":0,"password":null}