{"id":"smogtours-gen1ou-902154","format":"[Gen 1] OU","players":["BeeOrSomething","Girls See Ghosts"],"log":"|inactive|Battle timer is ON: inactive players will automatically lose when time's up.\n|t:|1769290139\n|gametype|singles\n|player|p1|BeeOrSomething|#beeorsomething|\n|player|p2|Girls See Ghosts|#rbtt9hoopers|\n|gen|1\n|tier|[Gen 1] OU\n|rule|Desync Clause Mod: Desyncs changed to move failure.\n|rule|Sleep Clause Mod: Limit one foe put to sleep\n|rule|Freeze Clause Mod: Limit one foe frozen\n|rule|Species Clause: Limit one of each Pokémon\n|rule|OHKO Clause: OHKO moves are banned\n|rule|Evasion Moves Clause: Evasion moves are banned\n|rule|Endless Battle Clause: Forcing endless battles is banned\n|rule|HP Percentage Mod: HP is shown in percentages\n|\n|t:|1769290139\n|teamsize|p1|6\n|teamsize|p2|6\n|start\n|switch|p1a: Crazy Dave|Starmie|100/100\n|switch|p2a: Alakazam|Alakazam|100/100\n|turn|1\n|c|☆BeeOrSomething|glhf\n|c|☆Girls See Ghosts|u2\n|inactive|Girls See Ghosts has 270 seconds left.\n|\n|t:|1769290183\n|switch|p1a: King Gnomus|Chansey|100/100\n|move|p2a: Alakazam|Seismic Toss|p1a: King Gnomus\n|-damage|p1a: King Gnomus|86/100\n|\n|upkeep\n|turn|2\n|\n|t:|1769290192\n|move|p2a: Alakazam|Psychic|p1a: King Gnomus\n|-damage|p1a: King Gnomus|69/100\n|move|p1a: King Gnomus|Sing|p2a: Alakazam\n|-status|p2a: Alakazam|slp|[from] move: Sing\n|\n|upkeep\n|turn|3\n|rated|Smogon Premier League\n|\n|t:|1769290208\n|switch|p2a: Chansey|Chansey|100/100\n|move|p1a: King Gnomus|Thunder Wave|p2a: Chansey\n|-status|p2a: Chansey|par\n|\n|upkeep\n|turn|4\n|inactive|BeeOrSomething has 270 seconds left.\n|\n|t:|1769290243\n|move|p1a: King Gnomus|Seismic Toss|p2a: Chansey\n|-damage|p2a: Chansey|86/100 par\n|move|p2a: Chansey|Ice Beam|p1a: King Gnomus\n|-damage|p1a: King Gnomus|58/100\n|\n|upkeep\n|turn|5\n|\n|t:|1769290251\n|move|p1a: King Gnomus|Seismic Toss|p2a: Chansey\n|-damage|p2a: Chansey|72/100 par\n|move|p2a: Chansey|Ice Beam|p1a: King Gnomus\n|-damage|p1a: King Gnomus|47/100\n|-status|p1a: King Gnomus|frz\n|\n|upkeep\n|turn|6\n|\n|t:|1769290262\n|switch|p1a: Giga Gargantuar|Snorlax|100/100\n|switch|p2a: Exeggutor|Exeggutor|100/100\n|\n|upkeep\n|turn|7\n|\n|t:|1769290270\n|switch|p1a: Crazy Dave|Starmie|100/100\n|move|p2a: Exeggutor|Sleep Powder|p1a: Crazy Dave|[miss]\n|-miss|p2a: Exeggutor\n|\n|upkeep\n|turn|8\n|\n|t:|1769290275\n|switch|p2a: Chansey|Chansey|72/100 par\n|move|p1a: Crazy Dave|Thunder Wave|p2a: Chansey\n|-fail|p2a: Chansey|par\n|\n|upkeep\n|turn|9\n|inactive|Girls See Ghosts has 270 seconds left.\n|inactive|BeeOrSomething has 270 seconds left.\n|\n|t:|1769290350\n|move|p1a: Crazy Dave|Thunder Wave|p2a: Chansey\n|-fail|p2a: Chansey|par\n|move|p2a: Chansey|Thunder Wave|p1a: Crazy Dave\n|-status|p1a: Crazy Dave|par\n|\n|upkeep\n|turn|10\n|\n|t:|1769290354\n|switch|p1a: Giga Gargantuar|Snorlax|100/100\n|move|p2a: Chansey|Thunder Wave|p1a: Giga Gargantuar\n|-status|p1a: Giga Gargantuar|par\n|\n|upkeep\n|turn|11\n|\n|t:|1769290367\n|switch|p2a: Snorlax|Snorlax|100/100\n|move|p1a: Giga Gargantuar|Body Slam|p2a: Snorlax\n|-damage|p2a: Snorlax|72/100\n|\n|upkeep\n|turn|12\n|\n|t:|1769290373\n|move|p2a: Snorlax|Body Slam|p1a: Giga Gargantuar\n|-damage|p1a: Giga Gargantuar|72/100 par\n|move|p1a: Giga Gargantuar|Reflect|p1a: Giga Gargantuar\n|-start|p1a: Giga Gargantuar|Reflect\n|\n|upkeep\n|turn|13\n|inactive|Girls See Ghosts has 270 seconds left.\n|\n|t:|1769290380\n|move|p2a: Snorlax|Reflect|p2a: Snorlax\n|-start|p2a: Snorlax|Reflect\n|move|p1a: Giga Gargantuar|Body Slam|p2a: Snorlax\n|-damage|p2a: Snorlax|58/100\n|\n|upkeep\n|turn|14\n|\n|t:|1769290385\n|move|p2a: Snorlax|Body Slam|p1a: Giga Gargantuar\n|-damage|p1a: Giga Gargantuar|59/100 par\n|move|p1a: Giga Gargantuar|Rest|p1a: Giga Gargantuar\n|-status|p1a: Giga Gargantuar|slp|[from] move: Rest\n|-heal|p1a: Giga Gargantuar|100/100 slp|[silent]\n|\n|upkeep\n|turn|15\n|\n|t:|1769290389\n|move|p2a: Snorlax|Body Slam|p1a: Giga Gargantuar\n|-damage|p1a: Giga Gargantuar|87/100 slp\n|cant|p1a: Giga Gargantuar|slp\n|\n|upkeep\n|turn|16\n|\n|t:|1769290391\n|move|p2a: Snorlax|Body Slam|p1a: Giga Gargantuar\n|-damage|p1a: Giga Gargantuar|74/100 slp\n|-curestatus|p1a: Giga Gargantuar|slp|[msg]\n|\n|upkeep\n|turn|17\n|\n|t:|1769290395\n|move|p2a: Snorlax|Body Slam|p1a: Giga Gargantuar\n|-damage|p1a: Giga Gargantuar|61/100\n|move|p1a: Giga Gargantuar|Body Slam|p2a: Snorlax\n|-damage|p2a: Snorlax|45/100\n|\n|upkeep\n|turn|18\n|\n|t:|1769290401\n|switch|p1a: Captain Smasher|Exeggutor|100/100\n|move|p2a: Snorlax|Rest|p2a: Snorlax\n|-status|p2a: Snorlax|slp|[from] move: Rest\n|-heal|p2a: Snorlax|100/100 slp|[silent]\n|\n|upkeep\n|turn|19\n|\n|t:|1769290409\n|move|p1a: Captain Smasher|Psychic|p2a: Snorlax\n|-damage|p2a: Snorlax|69/100 slp\n|cant|p2a: Snorlax|slp\n|\n|upkeep\n|turn|20\n|\n|t:|1769290419\n|switch|p2a: Exeggutor|Exeggutor|100/100\n|move|p1a: Captain Smasher|Psychic|p2a: Exeggutor\n|-resisted|p2a: Exeggutor\n|-damage|p2a: Exeggutor|87/100\n|-unboost|p2a: Exeggutor|spa|1\n|-unboost|p2a: Exeggutor|spd|1\n|\n|upkeep\n|turn|21\n|\n|t:|1769290431\n|switch|p1a: Crazy Dave|Starmie|100/100 par\n|switch|p2a: Snorlax|Snorlax|69/100 slp\n|\n|upkeep\n|turn|22\n|\n|t:|1769290437\n|-curestatus|p2a: Snorlax|slp|[msg]\n|move|p1a: Crazy Dave|Surf|p2a: Snorlax\n|-damage|p2a: Snorlax|40/100\n|\n|upkeep\n|turn|23\n|\n|t:|1769290446\n|switch|p1a: Dr Zomboss|Rhydon|100/100\n|move|p2a: Snorlax|Body Slam|p1a: Dr Zomboss\n|-resisted|p1a: Dr Zomboss\n|-damage|p1a: Dr Zomboss|88/100\n|\n|upkeep\n|turn|24\n|\n|t:|1769290468\n|switch|p1a: Captain Smasher|Exeggutor|100/100\n|switch|p2a: Exeggutor|Exeggutor|87/100\n|\n|upkeep\n|turn|25\n|\n|t:|1769290476\n|switch|p1a: Crazy Dave|Starmie|100/100 par\n|move|p2a: Exeggutor|Psychic|p1a: Crazy Dave\n|-resisted|p1a: Crazy Dave\n|-damage|p1a: Crazy Dave|81/100 par\n|\n|upkeep\n|turn|26\n|\n|t:|1769290498\n|switch|p2a: Chansey|Chansey|72/100 par\n|move|p1a: Crazy Dave|Thunder Wave|p2a: Chansey\n|-fail|p2a: Chansey|par\n|\n|upkeep\n|turn|27\n|inactive|Girls See Ghosts has 270 seconds left.\n|\n|t:|1769290515\n|switch|p1a: Giga Gargantuar|Snorlax|61/100\n|move|p2a: Chansey|Thunder Wave|p1a: Giga Gargantuar\n|-status|p1a: Giga Gargantuar|par\n|\n|upkeep\n|turn|28\n|inactive|Girls See Ghosts has 270 seconds left.\n|\n|t:|1769290548\n|switch|p2a: Snorlax|Snorlax|40/100\n|move|p1a: Giga Gargantuar|Body Slam|p2a: Snorlax\n|-crit|p2a: Snorlax\n|-damage|p2a: Snorlax|0 fnt\n|faint|p2a: Snorlax\n|\n|t:|1769290563\n|switch|p2a: Exeggutor|Exeggutor|87/100\n|turn|29\n|inactive|BeeOrSomething has 270 seconds left.\n|inactive|BeeOrSomething has 240 seconds left.\n|inactive|BeeOrSomething has 210 seconds left.\n|\n|t:|1769290661\n|move|p2a: Exeggutor|Psychic|p1a: Giga Gargantuar\n|-damage|p1a: Giga Gargantuar|32/100 par\n|-unboost|p1a: Giga Gargantuar|spa|1\n|-unboost|p1a: Giga Gargantuar|spd|1\n|move|p1a: Giga Gargantuar|Self-Destruct|p2a: Exeggutor\n|-damage|p2a: Exeggutor|0 fnt\n|faint|p2a: Exeggutor\n|faint|p1a: Giga Gargantuar\n|\n|t:|1769290676\n|switch|p2a: Chansey|Chansey|72/100 par\n|switch|p1a: Captain Smasher|Exeggutor|100/100\n|turn|30\n|\n|t:|1769290687\n|switch|p2a: Starmie|Starmie|100/100\n|move|p1a: Captain Smasher|Psychic|p2a: Starmie\n|-resisted|p2a: Starmie\n|-damage|p2a: Starmie|80/100\n|\n|upkeep\n|turn|31\n|\n|t:|1769290703\n|move|p2a: Starmie|Recover|p2a: Starmie\n|-heal|p2a: Starmie|100/100\n|move|p1a: Captain Smasher|Stun Spore|p2a: Starmie\n|-status|p2a: Starmie|par\n|\n|upkeep\n|turn|32\n|inactive|BeeOrSomething has 210 seconds left.\n|\n|t:|1769290743\n|switch|p1a: Crazy Dave|Starmie|81/100 par\n|move|p2a: Starmie|Blizzard|p1a: Crazy Dave\n|-resisted|p1a: Crazy Dave\n|-damage|p1a: Crazy Dave|68/100 par\n|\n|upkeep\n|turn|33\n|\n|t:|1769290761\n|switch|p2a: Chansey|Chansey|72/100 par\n|move|p1a: Crazy Dave|Surf|p2a: Chansey\n|-damage|p2a: Chansey|58/100 par\n|\n|upkeep\n|turn|34\n|inactive|BeeOrSomething has 180 seconds left.\n|\n|t:|1769290789\n|move|p1a: Crazy Dave|Surf|p2a: Chansey\n|-damage|p2a: Chansey|43/100 par\n|move|p2a: Chansey|Soft-Boiled|p2a: Chansey\n|-heal|p2a: Chansey|93/100 par\n|\n|upkeep\n|turn|35\n|\n|t:|1769290792\n|cant|p1a: Crazy Dave|par\n|move|p2a: Chansey|Ice Beam|p1a: Crazy Dave\n|-resisted|p1a: Crazy Dave\n|-damage|p1a: Crazy Dave|57/100 par\n|\n|upkeep\n|turn|36\n|\n|t:|1769290798\n|move|p1a: Crazy Dave|Surf|p2a: Chansey\n|-damage|p2a: Chansey|77/100 par\n|cant|p2a: Chansey|par\n|\n|upkeep\n|turn|37\n|\n|t:|1769290802\n|move|p1a: Crazy Dave|Recover|p1a: Crazy Dave\n|-heal|p1a: Crazy Dave|100/100 par\n|cant|p2a: Chansey|par\n|\n|upkeep\n|turn|38\n|\n|t:|1769290805\n|move|p1a: Crazy Dave|Surf|p2a: Chansey\n|-damage|p2a: Chansey|62/100 par\n|move|p2a: Chansey|Ice Beam|p1a: Crazy Dave\n|-resisted|p1a: Crazy Dave\n|-damage|p1a: Crazy Dave|89/100 par\n|\n|upkeep\n|turn|39\n|inactive|BeeOrSomething has 210 seconds left.\n|\n|t:|1769290817\n|move|p1a: Crazy Dave|Surf|p2a: Chansey\n|-damage|p2a: Chansey|45/100 par\n|move|p2a: Chansey|Soft-Boiled|p2a: Chansey\n|-heal|p2a: Chansey|95/100 par\n|\n|upkeep\n|turn|40\n|\n|t:|1769290821\n|cant|p1a: Crazy Dave|par\n|cant|p2a: Chansey|par\n|\n|upkeep\n|turn|41\n|\n|t:|1769290824\n|move|p1a: Crazy Dave|Surf|p2a: Chansey\n|-damage|p2a: Chansey|79/100 par\n|move|p2a: Chansey|Ice Beam|p1a: Crazy Dave\n|-resisted|p1a: Crazy Dave\n|-damage|p1a: Crazy Dave|78/100 par\n|\n|upkeep\n|turn|42\n|\n|t:|1769290827\n|move|p1a: Crazy Dave|Surf|p2a: Chansey\n|-damage|p2a: Chansey|63/100 par\n|move|p2a: Chansey|Thunderbolt|p1a: Crazy Dave\n|-supereffective|p1a: Crazy Dave\n|-damage|p1a: Crazy Dave|33/100 par\n|\n|upkeep\n|turn|43\n|\n|t:|1769290832\n|switch|p1a: Dr Zomboss|Rhydon|88/100\n|cant|p2a: Chansey|par\n|\n|upkeep\n|turn|44\n|\n|t:|1769290844\n|move|p1a: Dr Zomboss|Earthquake|p2a: Chansey\n|-damage|p2a: Chansey|7/100 par\n|move|p2a: Chansey|Ice Beam|p1a: Dr Zomboss\n|-supereffective|p1a: Dr Zomboss\n|-damage|p1a: Dr Zomboss|26/100\n|\n|upkeep\n|turn|45\n|\n|t:|1769290867\n|move|p1a: Dr Zomboss|Earthquake|p2a: Chansey\n|-damage|p2a: Chansey|0 fnt\n|faint|p2a: Chansey\n|\n|t:|1769290869\n|switch|p2a: Tauros|Tauros|100/100\n|turn|46\n|inactive|BeeOrSomething has 270 seconds left.\n|\n|t:|1769290882\n|switch|p1a: King Gnomus|Chansey|47/100 frz\n|move|p2a: Tauros|Earthquake|p1a: King Gnomus\n|-damage|p1a: King Gnomus|15/100 frz\n|\n|upkeep\n|turn|47\n|\n|t:|1769290891\n|move|p2a: Tauros|Body Slam|p1a: King Gnomus\n|-crit|p1a: King Gnomus\n|-damage|p1a: King Gnomus|0 fnt\n|faint|p1a: King Gnomus\n|inactive|BeeOrSomething has 270 seconds left.\n|\n|t:|1769290906\n|switch|p1a: Zombot 1000|Tauros|100/100\n|turn|48\n|\n|t:|1769290911\n|move|p1a: Zombot 1000|Body Slam|p2a: Tauros\n|-damage|p2a: Tauros|73/100\n|move|p2a: Tauros|Body Slam|p1a: Zombot 1000\n|-crit|p1a: Zombot 1000\n|-damage|p1a: Zombot 1000|45/100\n|\n|upkeep\n|turn|49\n|inactive|BeeOrSomething has 270 seconds left.\n|inactive|Girls See Ghosts has 270 seconds left.\n|\n|t:|1769290967\n|switch|p1a: Crazy Dave|Starmie|33/100 par\n|move|p2a: Tauros|Earthquake|p1a: Crazy Dave\n|-damage|p1a: Crazy Dave|6/100 par\n|\n|upkeep\n|turn|50\n|\n|t:|1769290972\n|move|p2a: Tauros|Body Slam|p1a: Crazy Dave\n|-damage|p1a: Crazy Dave|0 fnt\n|faint|p1a: Crazy Dave\n|\n|t:|1769290973\n|switch|p1a: Captain Smasher|Exeggutor|100/100\n|turn|51\n|\n|t:|1769290993\n|switch|p2a: Starmie|Starmie|100/100 par\n|move|p1a: Captain Smasher|Psychic|p2a: Starmie\n|-resisted|p2a: Starmie\n|-damage|p2a: Starmie|80/100 par\n|\n|upkeep\n|turn|52\n|\n|t:|1769291001\n|move|p1a: Captain Smasher|Psychic|p2a: Starmie\n|-resisted|p2a: Starmie\n|-damage|p2a: Starmie|63/100 par\n|move|p2a: Starmie|Blizzard|p1a: Captain Smasher|[miss]\n|-miss|p2a: Starmie\n|\n|upkeep\n|turn|53\n|inactive|BeeOrSomething has 270 seconds left.\n|\n|t:|1769291011\n|switch|p1a: Dr Zomboss|Rhydon|26/100\n|move|p2a: Starmie|Recover|p2a: Starmie\n|-heal|p2a: Starmie|100/100 par\n|\n|upkeep\n|turn|54\n|\n|t:|1769291015\n|move|p1a: Dr Zomboss|Earthquake|p2a: Starmie\n|-damage|p2a: Starmie|49/100 par\n|cant|p2a: Starmie|par\n|\n|upkeep\n|turn|55\n|\n|t:|1769291025\n|switch|p2a: Tauros|Tauros|73/100\n|move|p1a: Dr Zomboss|Earthquake|p2a: Tauros\n|-damage|p2a: Tauros|34/100\n|\n|upkeep\n|turn|56\n|inactive|Girls See Ghosts has 270 seconds left.\n|\n|t:|1769291075\n|switch|p1a: Captain Smasher|Exeggutor|100/100\n|move|p2a: Tauros|Earthquake|p1a: Captain Smasher\n|-resisted|p1a: Captain Smasher\n|-damage|p1a: Captain Smasher|90/100\n|\n|upkeep\n|turn|57\n|\n|t:|1769291097\n|switch|p2a: Alakazam|Alakazam|100/100 slp\n|switch|p1a: Dr Zomboss|Rhydon|26/100\n|\n|upkeep\n|turn|58\n|\n|t:|1769291103\n|-curestatus|p2a: Alakazam|slp|[msg]\n|move|p1a: Dr Zomboss|Substitute|p1a: Dr Zomboss\n|-start|p1a: Dr Zomboss|Substitute\n|-damage|p1a: Dr Zomboss|1/100\n|\n|upkeep\n|turn|59\n|\n|t:|1769291107\n|move|p2a: Alakazam|Psychic|p1a: Dr Zomboss\n|-end|p1a: Dr Zomboss|Substitute\n|move|p1a: Dr Zomboss|Body Slam|p2a: Alakazam\n|-damage|p2a: Alakazam|62/100\n|\n|upkeep\n|turn|60\n|\n|t:|1769291116\n|switch|p1a: Captain Smasher|Exeggutor|90/100\n|move|p2a: Alakazam|Seismic Toss|p1a: Captain Smasher\n|-damage|p1a: Captain Smasher|64/100\n|\n|upkeep\n|turn|61\n|\n|t:|1769291139\n|switch|p2a: Starmie|Starmie|49/100 par\n|move|p1a: Captain Smasher|Sleep Powder|p2a: Starmie\n|-fail|p2a: Starmie\n|\n|upkeep\n|turn|62\n|inactive|Girls See Ghosts has 270 seconds left.\n|\n|t:|1769291174\n|switch|p1a: Dr Zomboss|Rhydon|1/100\n|cant|p2a: Starmie|par\n|\n|upkeep\n|turn|63\n|inactive|Girls See Ghosts has 240 seconds left.\n|\n|t:|1769291228\n|move|p1a: Dr Zomboss|Earthquake|p2a: Starmie\n|-damage|p2a: Starmie|1/100 par\n|move|p2a: Starmie|Psychic|p1a: Dr Zomboss\n|-damage|p1a: Dr Zomboss|0 fnt\n|faint|p1a: Dr Zomboss\n|\n|t:|1769291237\n|switch|p1a: Captain Smasher|Exeggutor|64/100\n|turn|64\n|inactive|BeeOrSomething has 270 seconds left.\n|inactive|BeeOrSomething has 240 seconds left.\n|inactive|BeeOrSomething has 210 seconds left.\n|inactive|BeeOrSomething has 180 seconds left.\n|c|☆BeeOrSomething|genuine missclick\n|c|☆Girls See Ghosts|yea thats a rough one\n|inactive|BeeOrSomething has 150 seconds left.\n|inactive|BeeOrSomething has 120 seconds left.\n|inactive|BeeOrSomething has 90 seconds left.\n|inactive|BeeOrSomething has 60 seconds left.\n|\n|t:|1769291483\n|switch|p1a: Zombot 1000|Tauros|45/100\n|move|p2a: Starmie|Thunder Wave|p1a: Zombot 1000\n|-status|p1a: Zombot 1000|par\n|\n|upkeep\n|turn|65\n|inactive|BeeOrSomething has 60 seconds left.\n|\n|t:|1769291495\n|cant|p2a: Starmie|par\n|move|p1a: Zombot 1000|Hyper Beam|p2a: Starmie\n|-damage|p2a: Starmie|0 fnt\n|faint|p2a: Starmie\n|\n|t:|1769291512\n|switch|p2a: Tauros|Tauros|34/100\n|turn|66\n|\n|t:|1769291517\n|move|p2a: Tauros|Hyper Beam|p1a: Zombot 1000\n|-damage|p1a: Zombot 1000|0 fnt\n|faint|p1a: Zombot 1000\n|\n|t:|1769291521\n|switch|p1a: Captain Smasher|Exeggutor|64/100\n|turn|67\n|inactive|Girls See Ghosts has 240 seconds left.\n|\n|t:|1769291530\n|move|p2a: Tauros|Hyper Beam|p1a: Captain Smasher\n|-damage|p1a: Captain Smasher|16/100\n|-mustrecharge|p2a: Tauros\n|move|p1a: Captain Smasher|Psychic|p2a: Tauros\n|-damage|p2a: Tauros|0 fnt\n|faint|p2a: Tauros\n|\n|t:|1769291533\n|switch|p2a: Alakazam|Alakazam|62/100\n|turn|68\n|inactive|BeeOrSomething has 90 seconds left.\n|\n|t:|1769291540\n|move|p2a: Alakazam|Seismic Toss|p1a: Captain Smasher\n|-damage|p1a: Captain Smasher|0 fnt\n|faint|p1a: Captain Smasher\n|\n|win|Girls See Ghosts\n|c|☆Girls See Ghosts|gg unfortunate ending\n|player|p1|\n","uploadtime":1769291540,"views":"1234","formatid":"gen1ou","rating":null,"private":0,"password":null}