{"id":"smogtours-gen1ou-946262","format":"[Gen 1] OU","players":["Louna","corvinus II"],"log":"|inactive|Battle timer is ON: inactive players will automatically lose when time's up.\n|t:|1781382432\n|gametype|singles\n|player|p1|Louna|#rbyplvmightymagmars|\n|player|p2|corvinus II|erika-gen1|\n|gen|1\n|tier|[Gen 1] OU\n|rule|Desync Clause Mod: Desyncs changed to move failure.\n|rule|HP Percentage Mod: HP is shown in percentages\n|rule|Endless Battle Clause: Forcing endless battles is banned\n|rule|Sleep Clause Mod: Limit one foe put to sleep\n|rule|Freeze Clause Mod: Limit one foe frozen\n|rule|Species Clause: Limit one of each Pokémon\n|rule|OHKO Clause: OHKO moves are banned\n|rule|Evasion Moves Clause: Evasion moves are banned\n|\n|t:|1781382432\n|teamsize|p1|6\n|teamsize|p2|6\n|start\n|switch|p1a: Gengar|Gengar|100/100\n|switch|p2a: Alakazam|Alakazam|100/100\n|turn|1\n|inactive|corvinus II also wants the timer to be on.\n|c|☆Louna|hf\n|c|☆corvinus II|glhf\n|inactive|corvinus II has 270 seconds left.\n|inactive|corvinus II has 240 seconds left.\n|\n|t:|1781382519\n|switch|p1a: Chansey|Chansey|100/100\n|move|p2a: Alakazam|Thunder Wave|p1a: Chansey\n|-status|p1a: Chansey|par\n|\n|upkeep\n|turn|2\n|inactive|corvinus II has 270 seconds left.\n|\n|t:|1781382542\n|move|p2a: Alakazam|Psychic|p1a: Chansey\n|-damage|p1a: Chansey|83/100 par\n|-unboost|p1a: Chansey|spa|1\n|-unboost|p1a: Chansey|spd|1\n|move|p1a: Chansey|Sing|p2a: Alakazam\n|-status|p2a: Alakazam|slp|[from] move: Sing\n|\n|upkeep\n|turn|3\n|inactive|corvinus II has 270 seconds left.\n|\n|t:|1781382557\n|switch|p1a: Skyrio|Snorlax|100/100\n|cant|p2a: Alakazam|slp\n|\n|upkeep\n|turn|4\n|\n|t:|1781382563\n|switch|p2a: Exeggutor|Exeggutor|100/100\n|move|p1a: Skyrio|Body Slam|p2a: Exeggutor\n|-damage|p2a: Exeggutor|73/100\n|\n|upkeep\n|turn|5\n|\n|t:|1781382566\n|switch|p1a: Chansey|Chansey|83/100 par\n|move|p2a: Exeggutor|Psychic|p1a: Chansey\n|-damage|p1a: Chansey|66/100 par\n|\n|upkeep\n|turn|6\n|\n|t:|1781382572\n|move|p2a: Exeggutor|Psychic|p1a: Chansey\n|-damage|p1a: Chansey|50/100 par\n|move|p1a: Chansey|Soft-Boiled|p1a: Chansey\n|-heal|p1a: Chansey|99/100 par\n|\n|upkeep\n|turn|7\n|\n|t:|1781382579\n|move|p2a: Exeggutor|Psychic|p1a: Chansey\n|-crit|p1a: Chansey\n|-damage|p1a: Chansey|64/100 par\n|-unboost|p1a: Chansey|spa|1\n|-unboost|p1a: Chansey|spd|1\n|cant|p1a: Chansey|par\n|\n|upkeep\n|turn|8\n|inactive|corvinus II has 270 seconds left.\n|\n|t:|1781382619\n|move|p2a: Exeggutor|Psychic|p1a: Chansey\n|-damage|p1a: Chansey|37/100 par\n|-unboost|p1a: Chansey|spa|1\n|-unboost|p1a: Chansey|spd|1\n|move|p1a: Chansey|Soft-Boiled|p1a: Chansey\n|-heal|p1a: Chansey|87/100 par\n|\n|upkeep\n|turn|9\n|\n|t:|1781382633\n|switch|p1a: Starmie|Starmie|100/100\n|move|p2a: Exeggutor|Sleep Powder|p1a: Starmie|[miss]\n|-miss|p2a: Exeggutor\n|\n|upkeep\n|turn|10\n|\n|t:|1781382640\n|switch|p1a: Chansey|Chansey|87/100 par\n|move|p2a: Exeggutor|Psychic|p1a: Chansey\n|-damage|p1a: Chansey|71/100 par\n|\n|upkeep\n|turn|11\n|\n|t:|1781382646\n|move|p2a: Exeggutor|Psychic|p1a: Chansey\n|-damage|p1a: Chansey|54/100 par\n|-unboost|p1a: Chansey|spa|1\n|-unboost|p1a: Chansey|spd|1\n|move|p1a: Chansey|Soft-Boiled|p1a: Chansey\n|-heal|p1a: Chansey|100/100 par\n|\n|upkeep\n|turn|12\n|\n|t:|1781382650\n|move|p2a: Exeggutor|Sleep Powder|p1a: Chansey\n|-fail|p1a: Chansey\n|move|p1a: Chansey|Thunder Wave|p2a: Exeggutor\n|-status|p2a: Exeggutor|par\n|\n|upkeep\n|turn|13\n|\n|t:|1781382658\n|switch|p1a: Starmie|Starmie|100/100\n|move|p2a: Exeggutor|Psychic|p1a: Starmie\n|-resisted|p1a: Starmie\n|-damage|p1a: Starmie|81/100\n|\n|upkeep\n|turn|14\n|\n|t:|1781382661\n|switch|p1a: Chansey|Chansey|100/100 par\n|switch|p2a: Chansey|Chansey|100/100\n|\n|upkeep\n|turn|15\n|\n|t:|1781382665\n|move|p2a: Chansey|Seismic Toss|p1a: Chansey\n|-damage|p1a: Chansey|86/100 par\n|cant|p1a: Chansey|par\n|\n|upkeep\n|turn|16\n|\n|t:|1781382668\n|move|p2a: Chansey|Seismic Toss|p1a: Chansey\n|-damage|p1a: Chansey|72/100 par\n|move|p1a: Chansey|Ice Beam|p2a: Chansey\n|-damage|p2a: Chansey|90/100\n|\n|upkeep\n|turn|17\n|\n|t:|1781382677\n|switch|p2a: Snorlax|Snorlax|100/100\n|move|p1a: Chansey|Thunder Wave|p2a: Snorlax\n|-status|p2a: Snorlax|par\n|\n|upkeep\n|turn|18\n|\n|t:|1781382684\n|switch|p1a: Skyrio|Snorlax|100/100\n|move|p2a: Snorlax|Body Slam|p1a: Skyrio\n|-damage|p1a: Skyrio|72/100\n|\n|upkeep\n|turn|19\n|\n|t:|1781382689\n|move|p1a: Skyrio|Body Slam|p2a: Snorlax\n|-damage|p2a: Snorlax|72/100 par\n|cant|p2a: Snorlax|par\n|\n|upkeep\n|turn|20\n|\n|t:|1781382697\n|switch|p2a: Chansey|Chansey|90/100\n|move|p1a: Skyrio|Reflect|p1a: Skyrio\n|-start|p1a: Skyrio|Reflect\n|\n|upkeep\n|turn|21\n|\n|t:|1781382706\n|switch|p2a: Rhydon|Rhydon|100/100\n|switch|p1a: Chansey|Chansey|72/100 par\n|\n|upkeep\n|turn|22\n|\n|t:|1781382717\n|switch|p1a: Starmie|Starmie|81/100\n|move|p2a: Rhydon|Body Slam|p1a: Starmie\n|-damage|p1a: Starmie|53/100\n|-status|p1a: Starmie|par\n|\n|upkeep\n|turn|23\n|inactive|Louna has 270 seconds left.\n|inactive|corvinus II has 270 seconds left.\n|inactive|corvinus II has 240 seconds left.\n|\n|t:|1781382788\n|switch|p2a: Chansey|Chansey|90/100\n|move|p1a: Starmie|Blizzard|p2a: Chansey\n|-damage|p2a: Chansey|77/100\n|\n|upkeep\n|turn|24\n|\n|t:|1781382794\n|move|p2a: Chansey|Seismic Toss|p1a: Starmie\n|-damage|p1a: Starmie|22/100 par\n|cant|p1a: Starmie|par\n|\n|upkeep\n|turn|25\n|\n|t:|1781382800\n|switch|p2a: Rhydon|Rhydon|100/100\n|switch|p1a: Chansey|Chansey|72/100 par\n|\n|upkeep\n|turn|26\n|\n|t:|1781382812\n|move|p2a: Rhydon|Earthquake|p1a: Chansey\n|-damage|p1a: Chansey|16/100 par\n|move|p1a: Chansey|Ice Beam|p2a: Rhydon\n|-supereffective|p2a: Rhydon\n|-damage|p2a: Rhydon|39/100\n|\n|upkeep\n|turn|27\n|\n|t:|1781382824\n|switch|p1a: Starmie|Starmie|22/100 par\n|move|p2a: Rhydon|Earthquake|p1a: Starmie\n|-damage|p1a: Starmie|0 fnt\n|faint|p1a: Starmie\n|\n|t:|1781382827\n|switch|p1a: Tauros|Tauros|100/100\n|turn|28\n|inactive|corvinus II has 240 seconds left.\n|inactive|corvinus II has 210 seconds left.\n|inactive|corvinus II has 180 seconds left.\n|inactive|corvinus II has 150 seconds left.\n|inactive|corvinus II has 120 seconds left.\n|\n|t:|1781382991\n|switch|p2a: Snorlax|Snorlax|72/100 par\n|move|p1a: Tauros|Blizzard|p2a: Snorlax\n|-damage|p2a: Snorlax|52/100 par\n|\n|upkeep\n|turn|29\n|\n|t:|1781383004\n|switch|p1a: Gengar|Gengar|100/100\n|move|p2a: Snorlax|Body Slam|p1a: Gengar\n|-immune|p1a: Gengar\n|\n|upkeep\n|turn|30\n|\n|t:|1781383012\n|move|p1a: Gengar|Psychic|p2a: Snorlax\n|-crit|p2a: Snorlax\n|-damage|p2a: Snorlax|10/100 par\n|move|p2a: Snorlax|Body Slam|p1a: Gengar\n|-immune|p1a: Gengar\n|\n|upkeep\n|turn|31\n|\n|t:|1781383027\n|switch|p2a: Exeggutor|Exeggutor|73/100 par\n|move|p1a: Gengar|Psychic|p2a: Exeggutor\n|-crit|p2a: Exeggutor\n|-resisted|p2a: Exeggutor\n|-damage|p2a: Exeggutor|54/100 par\n|-unboost|p2a: Exeggutor|spa|1\n|-unboost|p2a: Exeggutor|spd|1\n|\n|upkeep\n|turn|32\n|\n|t:|1781383048\n|move|p1a: Gengar|Psychic|p2a: Exeggutor\n|-resisted|p2a: Exeggutor\n|-damage|p2a: Exeggutor|41/100 par\n|-unboost|p2a: Exeggutor|spa|1\n|-unboost|p2a: Exeggutor|spd|1\n|move|p2a: Exeggutor|Sleep Powder|p1a: Gengar|[miss]\n|-miss|p2a: Exeggutor\n|\n|upkeep\n|turn|33\n|\n|t:|1781383062\n|switch|p1a: Chansey|Chansey|16/100 par\n|cant|p2a: Exeggutor|par\n|\n|upkeep\n|turn|34\n|inactive|corvinus II has 150 seconds left.\n|\n|t:|1781383067\n|switch|p2a: Tauros|Tauros|100/100\n|move|p1a: Chansey|Soft-Boiled|p1a: Chansey\n|-heal|p1a: Chansey|66/100 par\n|\n|upkeep\n|turn|35\n|inactive|corvinus II has 150 seconds left.\n|\n|t:|1781383080\n|switch|p1a: Gengar|Gengar|100/100\n|move|p2a: Tauros|Hyper Beam|p1a: Gengar\n|-immune|p1a: Gengar\n|\n|upkeep\n|turn|36\n|\n|t:|1781383087\n|move|p2a: Tauros|Earthquake|p1a: Gengar\n|-crit|p1a: Gengar\n|-supereffective|p1a: Gengar\n|-damage|p1a: Gengar|0 fnt\n|faint|p1a: Gengar\n|inactive|Louna has 270 seconds left.\n|\n|t:|1781383123\n|switch|p1a: Tauros|Tauros|100/100\n|turn|37\n|inactive|corvinus II has 150 seconds left.\n|\n|t:|1781383168\n|move|p2a: Tauros|Body Slam|p1a: Tauros\n|-crit|p1a: Tauros\n|-damage|p1a: Tauros|42/100\n|move|p1a: Tauros|Body Slam|p2a: Tauros\n|-damage|p2a: Tauros|73/100\n|\n|upkeep\n|turn|38\n|inactive|Louna has 270 seconds left.\n|\n|t:|1781383209\n|move|p1a: Tauros|Body Slam|p2a: Tauros\n|-damage|p2a: Tauros|44/100\n|move|p2a: Tauros|Body Slam|p1a: Tauros\n|-damage|p1a: Tauros|16/100\n|\n|upkeep\n|turn|39\n|inactive|Louna has 240 seconds left.\n|inactive|corvinus II has 120 seconds left.\n|\n|t:|1781383226\n|move|p2a: Tauros|Body Slam|p1a: Tauros\n|-damage|p1a: Tauros|0 fnt\n|faint|p1a: Tauros\n|inactive|Louna has 240 seconds left.\n|c|☆Louna|def not my day ig \n|c|☆Louna|gg\n|-message|Louna forfeited.\n|\n|win|corvinus II\n|c|☆corvinus II|gg\n|player|p1|\n","uploadtime":1781383243,"views":"63","formatid":"gen1ou","rating":null,"private":0,"password":null}