{"id":"smogtours-gen1ou-961950","format":"[Gen 1] OU","players":["marcoasd","1000papercranes"],"log":"|inactive|Battle timer is ON: inactive players will automatically lose when time's up.\n|t:|1786054711\n|gametype|singles\n|player|p1|marcoasd|265|\n|player|p2|1000papercranes|psychic-gen1rb|\n|gen|1\n|tier|[Gen 1] OU\n|rule|Desync Clause Mod: Desyncs resolve to link battle behavior from the acting player's perspective.\n|rule|HP Percentage Mod: HP is shown in percentages\n|rule|Endless Battle Clause: Forcing endless battles is banned\n|rule|Sleep Clause Mod: Limit one foe put to sleep\n|rule|Freeze Clause Mod: Limit one foe frozen\n|rule|Species Clause: Limit one of each Pokémon\n|rule|OHKO Clause: OHKO moves are banned\n|rule|Evasion Moves Clause: Evasion moves are banned\n|\n|t:|1786054711\n|teamsize|p1|6\n|teamsize|p2|6\n|start\n|switch|p1a: Starmie|Starmie|100/100\n|switch|p2a: Zapdos|Zapdos|100/100\n|turn|1\n|\n|t:|1786054722\n|move|p1a: Starmie|Blizzard|p2a: Zapdos\n|-supereffective|p2a: Zapdos\n|-damage|p2a: Zapdos|57/100\n|move|p2a: Zapdos|Thunderbolt|p1a: Starmie\n|-supereffective|p1a: Starmie\n|-damage|p1a: Starmie|21/100\n|\n|upkeep\n|turn|2\n|\n|t:|1786054730\n|switch|p1a: Alakazam|Alakazam|100/100\n|move|p2a: Zapdos|Thunderbolt|p1a: Alakazam\n|-damage|p1a: Alakazam|66/100\n|\n|upkeep\n|turn|3\n|\n|t:|1786054736\n|switch|p2a: Exeggutor|Exeggutor|100/100\n|move|p1a: Alakazam|Psychic|p2a: Exeggutor\n|-resisted|p2a: Exeggutor\n|-damage|p2a: Exeggutor|86/100\n|\n|upkeep\n|turn|4\n|\n|t:|1786054742\n|move|p1a: Alakazam|Thunder Wave|p2a: Exeggutor\n|-status|p2a: Exeggutor|par\n|move|p2a: Exeggutor|Sleep Powder|p1a: Alakazam\n|-status|p1a: Alakazam|slp|[from] move: Sleep Powder\n|\n|upkeep\n|turn|5\n|\n|t:|1786054749\n|switch|p1a: Chansey|Chansey|100/100\n|switch|p2a: Zapdos|Zapdos|57/100\n|\n|upkeep\n|turn|6\n|\n|t:|1786054757\n|switch|p2a: Chansey|Chansey|100/100\n|move|p1a: Chansey|Seismic Toss|p2a: Chansey\n|-damage|p2a: Chansey|86/100\n|\n|upkeep\n|turn|7\n|\n|t:|1786054786\n|move|p2a: Chansey|Thunder Wave|p1a: Chansey\n|-status|p1a: Chansey|par\n|move|p1a: Chansey|Thunder Wave|p2a: Chansey\n|-status|p2a: Chansey|par\n|\n|upkeep\n|turn|8\n|\n|t:|1786054792\n|cant|p2a: Chansey|par\n|move|p1a: Chansey|Reflect|p1a: Chansey\n|-start|p1a: Chansey|Reflect\n|\n|upkeep\n|turn|9\n|\n|t:|1786054794\n|move|p1a: Chansey|Seismic Toss|p2a: Chansey\n|-damage|p2a: Chansey|72/100 par\n|move|p2a: Chansey|Defense Curl|p2a: Chansey\n|-boost|p2a: Chansey|def|1\n|\n|upkeep\n|turn|10\n|\n|t:|1786054799\n|cant|p2a: Chansey|par\n|move|p1a: Chansey|Seismic Toss|p2a: Chansey\n|-damage|p2a: Chansey|58/100 par\n|\n|upkeep\n|turn|11\n|\n|t:|1786054808\n|switch|p1a: Starmie|Starmie|21/100\n|move|p2a: Chansey|Thunder Wave|p1a: Starmie\n|-status|p1a: Starmie|par\n|\n|upkeep\n|turn|12\n|\n|t:|1786054814\n|cant|p1a: Starmie|par\n|move|p2a: Chansey|Seismic Toss|p1a: Starmie\n|-damage|p1a: Starmie|0 fnt\n|faint|p1a: Starmie\n|\n|t:|1786054828\n|switch|p1a: Tauros|Tauros|100/100\n|turn|13\n|\n|t:|1786054833\n|move|p1a: Tauros|Body Slam|p2a: Chansey\n|-damage|p2a: Chansey|29/100 par\n|move|p2a: Chansey|Soft-Boiled|p2a: Chansey\n|-heal|p2a: Chansey|79/100 par\n|\n|upkeep\n|turn|14\n|\n|t:|1786054840\n|move|p1a: Tauros|Body Slam|p2a: Chansey\n|-damage|p2a: Chansey|51/100 par\n|move|p2a: Chansey|Thunder Wave|p1a: Tauros\n|-status|p1a: Tauros|par\n|\n|upkeep\n|turn|15\n|\n|t:|1786054844\n|cant|p1a: Tauros|par\n|move|p2a: Chansey|Soft-Boiled|p2a: Chansey\n|-heal|p2a: Chansey|100/100 par\n|\n|upkeep\n|turn|16\n|\n|t:|1786054846\n|move|p1a: Tauros|Body Slam|p2a: Chansey\n|-damage|p2a: Chansey|73/100 par\n|move|p2a: Chansey|Defense Curl|p2a: Chansey\n|-boost|p2a: Chansey|def|1\n|\n|upkeep\n|turn|17\n|\n|t:|1786054849\n|move|p2a: Chansey|Seismic Toss|p1a: Tauros\n|-damage|p1a: Tauros|72/100 par\n|move|p1a: Tauros|Body Slam|p2a: Chansey\n|-damage|p2a: Chansey|54/100 par\n|\n|upkeep\n|turn|18\n|\n|t:|1786054853\n|cant|p2a: Chansey|par\n|move|p1a: Tauros|Body Slam|p2a: Chansey\n|-crit|p2a: Chansey\n|-damage|p2a: Chansey|0 fnt\n|faint|p2a: Chansey\n|inactive|1000papercranes has 270 seconds left.\n|\n|t:|1786054895\n|switch|p2a: Cloyster|Cloyster|100/100\n|turn|19\n|\n|t:|1786054901\n|switch|p1a: Chansey|Chansey|100/100 par\n|move|p2a: Cloyster|Blizzard|p1a: Chansey\n|-damage|p1a: Chansey|84/100 par\n|\n|upkeep\n|turn|20\n|\n|t:|1786054906\n|move|p2a: Cloyster|Clamp|p1a: Chansey\n|-damage|p1a: Chansey|79/100 par\n|cant|p1a: Chansey|partiallytrapped\n|\n|upkeep\n|turn|21\n|\n|t:|1786054913\n|switch|p1a: Alakazam|Alakazam|66/100 slp\n|move|p2a: Cloyster|Clamp|p1a: Alakazam\n|-damage|p1a: Alakazam|55/100 slp\n|\n|upkeep\n|turn|22\n|\n|t:|1786054916\n|switch|p2a: Tauros|Tauros|100/100\n|cant|p1a: Alakazam|slp\n|\n|upkeep\n|turn|23\n|\n|t:|1786054930\n|switch|p1a: Snorlax|Snorlax|100/100\n|move|p2a: Tauros|Body Slam|p1a: Snorlax\n|-crit|p1a: Snorlax\n|-damage|p1a: Snorlax|50/100\n|\n|upkeep\n|turn|24\n|\n|t:|1786054949\n|move|p2a: Tauros|Body Slam|p1a: Snorlax\n|-damage|p1a: Snorlax|24/100\n|move|p1a: Snorlax|Body Slam|p2a: Tauros\n|-damage|p2a: Tauros|68/100\n|\n|upkeep\n|turn|25\n|\n|t:|1786054964\n|switch|p1a: Alakazam|Alakazam|55/100 slp\n|move|p2a: Tauros|Body Slam|p1a: Alakazam\n|-damage|p1a: Alakazam|4/100 slp\n|\n|upkeep\n|turn|26\n|\n|t:|1786054969\n|-curestatus|p1a: Alakazam|slp|[msg]\n|move|p2a: Tauros|Body Slam|p1a: Alakazam\n|-damage|p1a: Alakazam|0 fnt\n|faint|p1a: Alakazam\n|\n|t:|1786054974\n|switch|p1a: Exeggutor|Exeggutor|100/100\n|turn|27\n|\n|t:|1786054977\n|switch|p2a: Exeggutor|Exeggutor|86/100 par\n|move|p1a: Exeggutor|Psychic|p2a: Exeggutor\n|-resisted|p2a: Exeggutor\n|-damage|p2a: Exeggutor|72/100 par\n|\n|upkeep\n|turn|28\n|\n|t:|1786054981\n|switch|p1a: Chansey|Chansey|79/100 par\n|move|p2a: Exeggutor|Psychic|p1a: Chansey\n|-damage|p1a: Chansey|61/100 par\n|\n|upkeep\n|turn|29\n|\n|t:|1786054997\n|switch|p2a: Cloyster|Cloyster|100/100\n|move|p1a: Chansey|Soft-Boiled|p1a: Chansey\n|-heal|p1a: Chansey|100/100 par\n|\n|upkeep\n|turn|30\n|\n|t:|1786055012\n|move|p2a: Cloyster|Clamp|p1a: Chansey\n|-damage|p1a: Chansey|96/100 par\n|cant|p1a: Chansey|partiallytrapped\n|\n|upkeep\n|turn|31\n|\n|t:|1786055015\n|move|p2a: Cloyster|Clamp|p1a: Chansey|[from] Clamp\n|-damage|p1a: Chansey|91/100 par\n|\n|upkeep\n|turn|32\n|\n|t:|1786055018\n|move|p2a: Cloyster|Clamp|p1a: Chansey|[from] Clamp\n|-damage|p1a: Chansey|86/100 par\n|\n|upkeep\n|turn|33\n|\n|t:|1786055020\n|move|p2a: Cloyster|Clamp|p1a: Chansey|[from] Clamp\n|-damage|p1a: Chansey|81/100 par\n|\n|upkeep\n|turn|34\n|\n|t:|1786055025\n|move|p2a: Cloyster|Explosion|p1a: Chansey\n|-crit|p1a: Chansey\n|-damage|p1a: Chansey|0 fnt\n|faint|p1a: Chansey\n|faint|p2a: Cloyster\n|\n|t:|1786055033\n|switch|p2a: Zapdos|Zapdos|57/100\n|switch|p1a: Exeggutor|Exeggutor|100/100\n|turn|35\n|\n|t:|1786055040\n|switch|p2a: Exeggutor|Exeggutor|72/100 par\n|move|p1a: Exeggutor|Sleep Powder|p2a: Exeggutor\n|-fail|p2a: Exeggutor\n|\n|upkeep\n|turn|36\n|\n|t:|1786055045\n|move|p1a: Exeggutor|Psychic|p2a: Exeggutor\n|-resisted|p2a: Exeggutor\n|-damage|p2a: Exeggutor|59/100 par\n|cant|p2a: Exeggutor|par\n|\n|upkeep\n|turn|37\n|\n|t:|1786055050\n|switch|p1a: Tauros|Tauros|72/100 par\n|move|p2a: Exeggutor|Sleep Powder|p1a: Tauros\n|-fail|p1a: Tauros\n|\n|upkeep\n|turn|38\n|\n|t:|1786055073\n|move|p1a: Tauros|Hyper Beam|p2a: Exeggutor\n|-damage|p2a: Exeggutor|10/100 par\n|-mustrecharge|p1a: Tauros\n|move|p2a: Exeggutor|Psychic|p1a: Tauros\n|-damage|p1a: Tauros|31/100 par\n|-unboost|p1a: Tauros|spa|1\n|-unboost|p1a: Tauros|spd|1\n|\n|upkeep\n|turn|39\n|\n|t:|1786055081\n|cant|p2a: Exeggutor|par\n|cant|p1a: Tauros|recharge\n|\n|upkeep\n|turn|40\n|\n|t:|1786055087\n|switch|p1a: Exeggutor|Exeggutor|100/100\n|move|p2a: Exeggutor|Psychic|p1a: Exeggutor\n|-resisted|p1a: Exeggutor\n|-damage|p1a: Exeggutor|87/100\n|\n|upkeep\n|turn|41\n|\n|t:|1786055090\n|move|p1a: Exeggutor|Psychic|p2a: Exeggutor\n|-resisted|p2a: Exeggutor\n|-damage|p2a: Exeggutor|0 fnt\n|faint|p2a: Exeggutor\n|\n|t:|1786055105\n|switch|p2a: Zapdos|Zapdos|57/100\n|turn|42\n|\n|t:|1786055111\n|move|p2a: Zapdos|Drill Peck|p1a: Exeggutor\n|-supereffective|p1a: Exeggutor\n|-damage|p1a: Exeggutor|39/100\n|move|p1a: Exeggutor|Sleep Powder|p2a: Zapdos\n|-status|p2a: Zapdos|slp|[from] move: Sleep Powder\n|\n|upkeep\n|turn|43\n|\n|t:|1786055122\n|-curestatus|p2a: Zapdos|slp|[msg]\n|move|p1a: Exeggutor|Stun Spore|p2a: Zapdos\n|-status|p2a: Zapdos|par\n|\n|upkeep\n|turn|44\n|\n|t:|1786055126\n|move|p1a: Exeggutor|Psychic|p2a: Zapdos\n|-crit|p2a: Zapdos\n|-damage|p2a: Zapdos|1/100 par\n|-unboost|p2a: Zapdos|spa|1\n|-unboost|p2a: Zapdos|spd|1\n|move|p2a: Zapdos|Drill Peck|p1a: Exeggutor\n|-supereffective|p1a: Exeggutor\n|-damage|p1a: Exeggutor|0 fnt\n|faint|p1a: Exeggutor\n|inactive|marcoasd has 270 seconds left.\n|\n|t:|1786055176\n|switch|p1a: Snorlax|Snorlax|24/100\n|turn|45\n|\n|t:|1786055185\n|switch|p2a: Tauros|Tauros|68/100\n|move|p1a: Snorlax|Reflect|p1a: Snorlax\n|-start|p1a: Snorlax|Reflect\n|\n|upkeep\n|turn|46\n|\n|t:|1786055190\n|switch|p2a: Snorlax|Snorlax|100/100\n|move|p1a: Snorlax|Rest|p1a: Snorlax\n|-status|p1a: Snorlax|slp|[from] move: Rest\n|-heal|p1a: Snorlax|100/100 slp|[silent]\n|\n|upkeep\n|turn|47\n|\n|t:|1786055196\n|cant|p1a: Snorlax|slp\n|move|p2a: Snorlax|Reflect|p2a: Snorlax\n|-start|p2a: Snorlax|Reflect\n|\n|upkeep\n|turn|48\n|\n|t:|1786055198\n|-curestatus|p1a: Snorlax|slp|[msg]\n|move|p2a: Snorlax|Amnesia|p2a: Snorlax\n|-boost|p2a: Snorlax|spa|2\n|-boost|p2a: Snorlax|spd|2\n|\n|upkeep\n|turn|49\n|\n|t:|1786055203\n|move|p1a: Snorlax|Body Slam|p2a: Snorlax\n|-damage|p2a: Snorlax|87/100\n|move|p2a: Snorlax|Amnesia|p2a: Snorlax\n|-boost|p2a: Snorlax|spa|2\n|-boost|p2a: Snorlax|spd|2\n|\n|upkeep\n|turn|50\n|\n|t:|1786055205\n|move|p2a: Snorlax|Thunderbolt|p1a: Snorlax\n|-damage|p1a: Snorlax|61/100\n|move|p1a: Snorlax|Body Slam|p2a: Snorlax\n|-damage|p2a: Snorlax|73/100\n|\n|upkeep\n|turn|51\n|\n|t:|1786055210\n|move|p2a: Snorlax|Thunderbolt|p1a: Snorlax\n|-damage|p1a: Snorlax|21/100\n|move|p1a: Snorlax|Body Slam|p2a: Snorlax\n|-damage|p2a: Snorlax|61/100\n|\n|upkeep\n|turn|52\n|\n|t:|1786055217\n|move|p2a: Snorlax|Thunderbolt|p1a: Snorlax\n|-damage|p1a: Snorlax|0 fnt\n|faint|p1a: Snorlax\n|c|☆marcoasd|gg\n|\n|t:|1786055221\n|switch|p1a: Tauros|Tauros|31/100 par\n|turn|53\n|c|☆1000papercranes|gg\n|\n|t:|1786055225\n|move|p2a: Snorlax|Thunderbolt|p1a: Tauros\n|-damage|p1a: Tauros|0 fnt\n|faint|p1a: Tauros\n|\n|win|1000papercranes\n|player|p1|\n|player|p1|marcoasd|265|\n|player|p1|\n","uploadtime":1786055225,"views":"74","formatid":"gen1ou","rating":null,"private":0,"password":null}