{"id":"smogtours-gen1ou-971949","format":"[Gen 1] OU","players":["LNumbers","wooooo rby"],"log":"|inactive|Battle timer is ON: inactive players will automatically lose when time's up.\n|t:|1789505105\n|gametype|singles\n|player|p1|LNumbers|#rbywc2026|\n|player|p2|wooooo rby|lucas|\n|gen|1\n|tier|[Gen 1] OU\n|rule|Desync Clause Mod: Desyncs resolve to link battle behavior from the acting player's perspective.\n|rule|HP Percentage Mod: HP is shown in percentages\n|rule|Endless Battle Clause: Forcing endless battles is banned\n|rule|Sleep Clause Mod: Limit one foe put to sleep\n|rule|Freeze Clause Mod: Limit one foe frozen\n|rule|Species Clause: Limit one of each Pokémon\n|rule|OHKO Clause: OHKO moves are banned\n|rule|Evasion Moves Clause: Evasion moves are banned\n|\n|t:|1789505105\n|teamsize|p1|6\n|teamsize|p2|6\n|start\n|switch|p1a: Alakazam|Alakazam|100/100\n|switch|p2a: Gengar|Gengar|100/100\n|turn|1\n|c|☆LNumbers|hf\n|c|☆wooooo rby|hf\n|inactive|LNumbers has 270 seconds left.\n|\n|t:|1789505159\n|switch|p1a: Exeggutor|Exeggutor|100/100\n|switch|p2a: Chansey|Chansey|100/100\n|\n|upkeep\n|turn|2\n|inactive|LNumbers has 270 seconds left.\n|\n|t:|1789505211\n|move|p1a: Exeggutor|Sleep Powder|p2a: Chansey|[miss]\n|-miss|p1a: Exeggutor\n|move|p2a: Chansey|Thunder Wave|p1a: Exeggutor\n|-status|p1a: Exeggutor|par\n|\n|upkeep\n|turn|3\n|\n|t:|1789505219\n|move|p2a: Chansey|Seismic Toss|p1a: Exeggutor\n|-damage|p1a: Exeggutor|75/100 par\n|move|p1a: Exeggutor|Sleep Powder|p2a: Chansey|[miss]\n|-miss|p1a: Exeggutor\n|\n|upkeep\n|turn|4\n|\n|t:|1789505222\n|move|p2a: Chansey|Seismic Toss|p1a: Exeggutor\n|-damage|p1a: Exeggutor|50/100 par\n|cant|p1a: Exeggutor|par\n|\n|upkeep\n|turn|5\n|inactive|LNumbers has 270 seconds left.\n|\n|t:|1789505232\n|switch|p2a: Gengar|Gengar|100/100\n|move|p1a: Exeggutor|Sleep Powder|p2a: Gengar\n|-status|p2a: Gengar|slp|[from] move: Sleep Powder\n|\n|upkeep\n|turn|6\n|\n|t:|1789505239\n|cant|p2a: Gengar|slp\n|move|p1a: Exeggutor|Stun Spore|p2a: Gengar\n|-fail|p2a: Gengar\n|\n|upkeep\n|turn|7\n|\n|t:|1789505254\n|switch|p2a: Exeggutor|Exeggutor|100/100\n|move|p1a: Exeggutor|Psychic|p2a: Exeggutor\n|-resisted|p2a: Exeggutor\n|-damage|p2a: Exeggutor|88/100\n|-unboost|p2a: Exeggutor|spa|1\n|-unboost|p2a: Exeggutor|spd|1\n|\n|upkeep\n|turn|8\n|\n|t:|1789505261\n|move|p2a: Exeggutor|Psychic|p1a: Exeggutor\n|-resisted|p1a: Exeggutor\n|-damage|p1a: Exeggutor|40/100 par\n|cant|p1a: Exeggutor|par\n|\n|upkeep\n|turn|9\n|\n|t:|1789505265\n|move|p2a: Exeggutor|Psychic|p1a: Exeggutor\n|-resisted|p1a: Exeggutor\n|-damage|p1a: Exeggutor|32/100 par\n|cant|p1a: Exeggutor|par\n|\n|upkeep\n|turn|10\n|\n|t:|1789505276\n|move|p2a: Exeggutor|Psychic|p1a: Exeggutor\n|-resisted|p1a: Exeggutor\n|-damage|p1a: Exeggutor|23/100 par\n|-unboost|p1a: Exeggutor|spa|1\n|-unboost|p1a: Exeggutor|spd|1\n|cant|p1a: Exeggutor|par\n|\n|upkeep\n|turn|11\n|\n|t:|1789505287\n|move|p2a: Exeggutor|Psychic|p1a: Exeggutor\n|-resisted|p1a: Exeggutor\n|-damage|p1a: Exeggutor|9/100 par\n|move|p1a: Exeggutor|Explosion|p2a: Exeggutor\n|-damage|p2a: Exeggutor|13/100\n|faint|p1a: Exeggutor\n|\n|t:|1789505304\n|switch|p1a: Tauros|Tauros|100/100\n|turn|12\n|inactive|LNumbers has 270 seconds left.\n|\n|t:|1789505329\n|switch|p2a: Snorlax|Snorlax|100/100\n|move|p1a: Tauros|Blizzard|p2a: Snorlax\n|-damage|p2a: Snorlax|81/100\n|\n|upkeep\n|turn|13\n|inactive|LNumbers has 270 seconds left.\n|inactive|LNumbers has 240 seconds left.\n|\n|t:|1789505374\n|move|p1a: Tauros|Body Slam|p2a: Snorlax\n|-damage|p2a: Snorlax|55/100\n|move|p2a: Snorlax|Body Slam|p1a: Tauros\n|-damage|p1a: Tauros|71/100\n|\n|upkeep\n|turn|14\n|inactive|LNumbers has 240 seconds left.\n|\n|t:|1789505406\n|move|p1a: Tauros|Body Slam|p2a: Snorlax\n|-damage|p2a: Snorlax|28/100\n|move|p2a: Snorlax|Body Slam|p1a: Tauros\n|-damage|p1a: Tauros|42/100\n|\n|upkeep\n|turn|15\n|inactive|LNumbers has 210 seconds left.\n|inactive|LNumbers has 180 seconds left.\n|\n|t:|1789505456\n|switch|p2a: Gengar|Gengar|100/100 slp\n|move|p1a: Tauros|Hyper Beam|p2a: Gengar\n|-immune|p2a: Gengar\n|\n|upkeep\n|turn|16\n|\n|t:|1789505462\n|move|p1a: Tauros|Body Slam|p2a: Gengar\n|-immune|p2a: Gengar\n|cant|p2a: Gengar|slp\n|\n|upkeep\n|turn|17\n|\n|t:|1789505466\n|switch|p1a: Starmie|Starmie|100/100\n|cant|p2a: Gengar|slp\n|\n|upkeep\n|turn|18\n|\n|t:|1789505472\n|switch|p2a: Chansey|Chansey|100/100\n|move|p1a: Starmie|Thunder Wave|p2a: Chansey\n|-status|p2a: Chansey|par\n|\n|upkeep\n|turn|19\n|\n|t:|1789505492\n|switch|p1a: Tauros|Tauros|42/100\n|move|p2a: Chansey|Thunder Wave|p1a: Tauros\n|-status|p1a: Tauros|par\n|\n|upkeep\n|turn|20\n|\n|t:|1789505498\n|switch|p1a: Snorlax|Snorlax|100/100\n|switch|p2a: Gengar|Gengar|100/100 slp\n|\n|upkeep\n|turn|21\n|inactive|LNumbers has 180 seconds left.\n|\n|t:|1789505550\n|switch|p2a: Starmie|Starmie|100/100\n|move|p1a: Snorlax|Hyper Beam|p2a: Starmie\n|-damage|p2a: Starmie|41/100\n|-mustrecharge|p1a: Snorlax\n|\n|upkeep\n|turn|22\n|inactive|wooooo rby has 270 seconds left.\n|\n|t:|1789505582\n|move|p2a: Starmie|Thunder Wave|p1a: Snorlax\n|-status|p1a: Snorlax|par\n|cant|p1a: Snorlax|recharge\n|\n|upkeep\n|turn|23\n|\n|t:|1789505586\n|switch|p2a: Gengar|Gengar|100/100 slp\n|move|p1a: Snorlax|Body Slam|p2a: Gengar\n|-immune|p2a: Gengar\n|\n|upkeep\n|turn|24\n|\n|t:|1789505592\n|switch|p2a: Snorlax|Snorlax|28/100\n|move|p1a: Snorlax|Earthquake|p2a: Snorlax\n|-damage|p2a: Snorlax|9/100\n|\n|upkeep\n|turn|25\n|inactive|wooooo rby has 270 seconds left.\n|\n|t:|1789505613\n|switch|p1a: Cloyster|Cloyster|100/100\n|move|p2a: Snorlax|Self-Destruct|p1a: Cloyster\n|-crit|p1a: Cloyster\n|-damage|p1a: Cloyster|0 fnt\n|faint|p1a: Cloyster\n|faint|p2a: Snorlax\n|inactive|wooooo rby has 270 seconds left.\n|inactive|LNumbers has 180 seconds left.\n|\n|t:|1789505651\n|switch|p1a: Alakazam|Alakazam|100/100\n|switch|p2a: Starmie|Starmie|41/100\n|turn|26\n|\n|t:|1789505662\n|move|p1a: Alakazam|Thunder Wave|p2a: Starmie\n|-status|p2a: Starmie|par\n|cant|p2a: Starmie|par\n|\n|upkeep\n|turn|27\n|\n|t:|1789505678\n|move|p1a: Alakazam|Seismic Toss|p2a: Starmie\n|-damage|p2a: Starmie|10/100 par\n|move|p2a: Starmie|Recover|p2a: Starmie\n|-heal|p2a: Starmie|60/100 par\n|\n|upkeep\n|turn|28\n|\n|t:|1789505684\n|move|p1a: Alakazam|Seismic Toss|p2a: Starmie\n|-damage|p2a: Starmie|29/100 par\n|cant|p2a: Starmie|par\n|\n|upkeep\n|turn|29\n|inactive|LNumbers has 150 seconds left.\n|\n|t:|1789505722\n|switch|p2a: Chansey|Chansey|100/100 par\n|move|p1a: Alakazam|Seismic Toss|p2a: Chansey\n|-damage|p2a: Chansey|86/100 par\n|\n|upkeep\n|turn|30\n|\n|t:|1789505747\n|switch|p1a: Snorlax|Snorlax|100/100 par\n|move|p2a: Chansey|Reflect|p2a: Chansey\n|-start|p2a: Chansey|Reflect\n|\n|upkeep\n|turn|31\n|\n|t:|1789505753\n|move|p2a: Chansey|Seismic Toss|p1a: Snorlax\n|-damage|p1a: Snorlax|81/100 par\n|move|p1a: Snorlax|Body Slam|p2a: Chansey\n|-damage|p2a: Chansey|65/100 par\n|\n|upkeep\n|turn|32\n|inactive|LNumbers has 120 seconds left.\n|\n|t:|1789505777\n|cant|p2a: Chansey|par\n|move|p1a: Snorlax|Body Slam|p2a: Chansey\n|-damage|p2a: Chansey|43/100 par\n|\n|upkeep\n|turn|33\n|inactive|LNumbers has 120 seconds left.\n|\n|t:|1789505797\n|cant|p2a: Chansey|par\n|move|p1a: Snorlax|Body Slam|p2a: Chansey\n|-damage|p2a: Chansey|21/100 par\n|\n|upkeep\n|turn|34\n|inactive|LNumbers has 120 seconds left.\n|inactive|wooooo rby has 270 seconds left.\n|inactive|LNumbers has 90 seconds left.\n|\n|t:|1789505840\n|switch|p2a: Gengar|Gengar|100/100 slp\n|move|p1a: Snorlax|Hyper Beam|p2a: Gengar\n|-immune|p2a: Gengar\n|\n|upkeep\n|turn|35\n|inactive|LNumbers has 90 seconds left.\n|inactive|wooooo rby has 270 seconds left.\n|inactive|wooooo rby has 240 seconds left.\n|inactive|LNumbers has 60 seconds left.\n|\n|t:|1789505899\n|switch|p2a: Tauros|Tauros|100/100\n|cant|p1a: Snorlax|par\n|\n|upkeep\n|turn|36\n|inactive|LNumbers has 30 seconds left.\n|\n|t:|1789505938\n|switch|p1a: Tauros|Tauros|42/100 par\n|move|p2a: Tauros|Body Slam|p1a: Tauros\n|-damage|p1a: Tauros|14/100 par\n|\n|upkeep\n|turn|37\n|\n|t:|1789505957\n|move|p2a: Tauros|Body Slam|p1a: Tauros\n|-crit|p1a: Tauros\n|-damage|p1a: Tauros|0 fnt\n|faint|p1a: Tauros\n|inactive|LNumbers has 30 seconds left.\n|inactive|LNumbers has 20 seconds left.\n|inactive|LNumbers has 15 seconds left.\n|\n|t:|1789505985\n|switch|p1a: Starmie|Starmie|100/100\n|turn|38\n|inactive|LNumbers has 25 seconds left this turn.\n|inactive|LNumbers has 20 seconds left.\n|inactive|LNumbers has 15 seconds left.\n|inactive|LNumbers has 10 seconds left.\n|inactive|LNumbers has 5 seconds left.\n|\n|t:|1789506008\n|move|p1a: Starmie|Psychic|p2a: Tauros\n|-crit|p2a: Tauros\n|-damage|p2a: Tauros|27/100\n|move|p2a: Tauros|Body Slam|p1a: Starmie\n|-crit|p1a: Starmie\n|-damage|p1a: Starmie|40/100\n|\n|upkeep\n|turn|39\n|inactive|LNumbers has 15 seconds left this turn.\n|inactive|wooooo rby has 240 seconds left.\n|\n|t:|1789506028\n|move|p1a: Starmie|Psychic|p2a: Tauros\n|-damage|p2a: Tauros|0 fnt\n|faint|p2a: Tauros\n|inactive|wooooo rby has 240 seconds left.\n|\n|t:|1789506034\n|switch|p2a: Starmie|Starmie|29/100 par\n|turn|40\n|inactive|LNumbers has 30 seconds left this turn.\n|\n|t:|1789506041\n|move|p1a: Starmie|Psychic|p2a: Starmie\n|-crit|p2a: Starmie\n|-resisted|p2a: Starmie\n|-damage|p2a: Starmie|0 fnt\n|faint|p2a: Starmie\n|\n|t:|1789506046\n|switch|p2a: Chansey|Chansey|21/100 par\n|turn|41\n|\n|t:|1789506051\n|move|p1a: Starmie|Psychic|p2a: Chansey\n|-damage|p2a: Chansey|6/100 par\n|move|p2a: Chansey|Soft-Boiled|p2a: Chansey\n|-heal|p2a: Chansey|56/100 par\n|\n|upkeep\n|turn|42\n|inactive|wooooo rby has 270 seconds left.\n|inactive|LNumbers has 30 seconds left.\n|\n|t:|1789506071\n|move|p1a: Starmie|Recover|p1a: Starmie\n|-heal|p1a: Starmie|89/100\n|move|p2a: Chansey|Soft-Boiled|p2a: Chansey\n|-heal|p2a: Chansey|100/100 par\n|\n|upkeep\n|turn|43\n|inactive|wooooo rby has 270 seconds left.\n|inactive|LNumbers has 30 seconds left.\n|\n|t:|1789506095\n|move|p1a: Starmie|Psychic|p2a: Chansey\n|-crit|p2a: Chansey\n|-damage|p2a: Chansey|71/100 par\n|move|p2a: Chansey|Reflect|p2a: Chansey\n|-start|p2a: Chansey|Reflect\n|\n|upkeep\n|turn|44\n|\n|t:|1789506099\n|switch|p1a: Snorlax|Snorlax|81/100 par\n|cant|p2a: Chansey|par\n|\n|upkeep\n|turn|45\n|\n|t:|1789506111\n|move|p2a: Chansey|Soft-Boiled|p2a: Chansey\n|-heal|p2a: Chansey|100/100 par\n|move|p1a: Snorlax|Body Slam|p2a: Chansey\n|-damage|p2a: Chansey|79/100 par\n|\n|upkeep\n|turn|46\n|\n|t:|1789506115\n|move|p2a: Chansey|Seismic Toss|p1a: Snorlax\n|-damage|p1a: Snorlax|62/100 par\n|cant|p1a: Snorlax|par\n|\n|upkeep\n|turn|47\n|\n|t:|1789506118\n|cant|p2a: Chansey|par\n|cant|p1a: Snorlax|par\n|\n|upkeep\n|turn|48\n|\n|t:|1789506120\n|move|p2a: Chansey|Seismic Toss|p1a: Snorlax\n|-damage|p1a: Snorlax|43/100 par\n|cant|p1a: Snorlax|par\n|\n|upkeep\n|turn|49\n|\n|t:|1789506126\n|cant|p2a: Chansey|par\n|cant|p1a: Snorlax|par\n|\n|upkeep\n|turn|50\n|\n|t:|1789506129\n|move|p2a: Chansey|Soft-Boiled|p2a: Chansey\n|-heal|p2a: Chansey|100/100 par\n|move|p1a: Snorlax|Rest|p1a: Snorlax\n|-status|p1a: Snorlax|slp|[from] move: Rest\n|-heal|p1a: Snorlax|100/100 slp|[silent]\n|\n|upkeep\n|turn|51\n|\n|t:|1789506137\n|switch|p1a: Alakazam|Alakazam|100/100\n|move|p2a: Chansey|Seismic Toss|p1a: Alakazam\n|-damage|p1a: Alakazam|69/100\n|\n|upkeep\n|turn|52\n|\n|t:|1789506143\n|move|p1a: Alakazam|Psychic|p2a: Chansey\n|-damage|p2a: Chansey|82/100 par\n|cant|p2a: Chansey|par\n|\n|upkeep\n|turn|53\n|\n|t:|1789506146\n|move|p1a: Alakazam|Psychic|p2a: Chansey\n|-damage|p2a: Chansey|65/100 par\n|cant|p2a: Chansey|par\n|\n|upkeep\n|turn|54\n|\n|t:|1789506149\n|move|p1a: Alakazam|Seismic Toss|p2a: Chansey\n|-damage|p2a: Chansey|51/100 par\n|move|p2a: Chansey|Thunder Wave|p1a: Alakazam\n|-status|p1a: Alakazam|par\n|\n|upkeep\n|turn|55\n|\n|t:|1789506151\n|move|p1a: Alakazam|Psychic|p2a: Chansey\n|-damage|p2a: Chansey|32/100 par\n|move|p2a: Chansey|Soft-Boiled|p2a: Chansey\n|-heal|p2a: Chansey|82/100 par\n|\n|upkeep\n|turn|56\n|\n|t:|1789506162\n|move|p1a: Alakazam|Recover|p1a: Alakazam\n|-heal|p1a: Alakazam|100/100 par\n|move|p2a: Chansey|Seismic Toss|p1a: Alakazam\n|-damage|p1a: Alakazam|69/100 par\n|\n|upkeep\n|turn|57\n|inactive|LNumbers has 150 seconds left.\n|\n|t:|1789506171\n|move|p1a: Alakazam|Psychic|p2a: Chansey\n|-damage|p2a: Chansey|64/100 par\n|cant|p2a: Chansey|par\n|\n|upkeep\n|turn|58\n|\n|t:|1789506175\n|cant|p1a: Alakazam|par\n|cant|p2a: Chansey|par\n|\n|upkeep\n|turn|59\n|\n|t:|1789506180\n|move|p1a: Alakazam|Recover|p1a: Alakazam\n|-heal|p1a: Alakazam|100/100 par\n|move|p2a: Chansey|Soft-Boiled|p2a: Chansey\n|-hint|In Gen 1, recovery moves fail if (user's maximum HP - user's current HP + 1) is divisible by 256, unless the current hp is also divisible by 256.\n|-fail|p2a: Chansey\n|\n|upkeep\n|turn|60\n|\n|t:|1789506182\n|switch|p1a: Snorlax|Snorlax|100/100 slp\n|move|p2a: Chansey|Seismic Toss|p1a: Snorlax\n|-damage|p1a: Snorlax|81/100 slp\n|\n|upkeep\n|turn|61\n|\n|t:|1789506189\n|cant|p1a: Snorlax|slp\n|cant|p2a: Chansey|par\n|\n|upkeep\n|turn|62\n|\n|t:|1789506192\n|-curestatus|p1a: Snorlax|slp|[msg]\n|cant|p2a: Chansey|par\n|\n|upkeep\n|turn|63\n|\n|t:|1789506197\n|move|p1a: Snorlax|Body Slam|p2a: Chansey\n|-damage|p2a: Chansey|42/100 par\n|move|p2a: Chansey|Thunder Wave|p1a: Snorlax\n|-status|p1a: Snorlax|par\n|\n|upkeep\n|turn|64\n|\n|t:|1789506200\n|move|p2a: Chansey|Soft-Boiled|p2a: Chansey\n|-heal|p2a: Chansey|92/100 par\n|move|p1a: Snorlax|Body Slam|p2a: Chansey\n|-damage|p2a: Chansey|71/100 par\n|\n|upkeep\n|turn|65\n|\n|t:|1789506209\n|cant|p2a: Chansey|par\n|cant|p1a: Snorlax|par\n|\n|upkeep\n|turn|66\n|\n|t:|1789506211\n|move|p2a: Chansey|Seismic Toss|p1a: Snorlax\n|-damage|p1a: Snorlax|62/100 par\n|move|p1a: Snorlax|Body Slam|p2a: Chansey\n|-damage|p2a: Chansey|49/100 par\n|\n|upkeep\n|turn|67\n|\n|t:|1789506216\n|move|p2a: Chansey|Soft-Boiled|p2a: Chansey\n|-heal|p2a: Chansey|99/100 par\n|move|p1a: Snorlax|Body Slam|p2a: Chansey\n|-damage|p2a: Chansey|79/100 par\n|\n|upkeep\n|turn|68\n|\n|t:|1789506217\n|cant|p2a: Chansey|par\n|move|p1a: Snorlax|Body Slam|p2a: Chansey\n|-crit|p2a: Chansey\n|-damage|p2a: Chansey|0 fnt\n|faint|p2a: Chansey\n|\n|t:|1789506225\n|switch|p2a: Gengar|Gengar|100/100 slp\n|turn|69\n|\n|t:|1789506228\n|cant|p2a: Gengar|slp\n|cant|p1a: Snorlax|par\n|\n|upkeep\n|turn|70\n|\n|t:|1789506231\n|cant|p2a: Gengar|slp\n|move|p1a: Snorlax|Earthquake|p2a: Gengar\n|-supereffective|p2a: Gengar\n|-damage|p2a: Gengar|27/100 slp\n|\n|upkeep\n|turn|71\n|\n|t:|1789506234\n|-curestatus|p2a: Gengar|slp|[msg]\n|move|p1a: Snorlax|Earthquake|p2a: Gengar\n|-supereffective|p2a: Gengar\n|-damage|p2a: Gengar|0 fnt\n|faint|p2a: Gengar\n|\n|t:|1789506237\n|switch|p2a: Exeggutor|Exeggutor|13/100\n|turn|72\n|\n|t:|1789506245\n|move|p2a: Exeggutor|Rest|p2a: Exeggutor\n|-status|p2a: Exeggutor|slp|[from] move: Rest\n|-heal|p2a: Exeggutor|100/100 slp|[silent]\n|move|p1a: Snorlax|Body Slam|p2a: Exeggutor\n|-crit|p2a: Exeggutor\n|-damage|p2a: Exeggutor|47/100 slp\n|\n|upkeep\n|turn|73\n|\n|t:|1789506247\n|cant|p2a: Exeggutor|slp\n|move|p1a: Snorlax|Hyper Beam|p2a: Exeggutor\n|-damage|p2a: Exeggutor|0 fnt\n|faint|p2a: Exeggutor\n|\n|win|LNumbers\n|c|☆wooooo rby|ggs\n|c|☆LNumbers|ggs\n|c|☆LNumbers|/log LNumbers made the replay of this battle unlisted.\n|player|p2|\n","uploadtime":1789506247,"views":"106","formatid":"gen1ou","rating":null,"private":2,"password":null}