{"id":"smogtours-gen1ou-948092","format":"[Gen 1] OU","players":["LLLiolae","Soda Krys"],"log":"|inactive|Battle timer is ON: inactive players will automatically lose when time's up.\n|t:|1781903023\n|gametype|singles\n|player|p1|LLLiolae|lucas|\n|player|p2|Soda Krys|gwynn|\n|gen|1\n|tier|[Gen 1] OU\n|rule|Desync Clause Mod: Desyncs changed to move failure.\n|rule|HP Percentage Mod: HP is shown in percentages\n|rule|Endless Battle Clause: Forcing endless battles is banned\n|rule|Sleep Clause Mod: Limit one foe put to sleep\n|rule|Freeze Clause Mod: Limit one foe frozen\n|rule|Species Clause: Limit one of each Pokémon\n|rule|OHKO Clause: OHKO moves are banned\n|rule|Evasion Moves Clause: Evasion moves are banned\n|\n|t:|1781903023\n|teamsize|p1|6\n|teamsize|p2|6\n|start\n|switch|p1a: Jynx|Jynx|100/100\n|switch|p2a: Illegal|Jolteon|100/100\n|turn|1\n|c|☆Soda Krys|hf\n|\n|t:|1781903041\n|move|p2a: Illegal|Thunder Wave|p1a: Jynx\n|-status|p1a: Jynx|par\n|move|p1a: Jynx|Lovely Kiss|p2a: Illegal|[miss]\n|-miss|p1a: Jynx\n|\n|upkeep\n|turn|2\n|\n|t:|1781903045\n|move|p2a: Illegal|Pin Missile|p1a: Jynx\n|-supereffective|p1a: Jynx\n|-damage|p1a: Jynx|91/100 par\n|-damage|p1a: Jynx|81/100 par\n|-damage|p1a: Jynx|71/100 par\n|-hitcount|p1a: Jynx|3\n|cant|p1a: Jynx|par\n|\n|upkeep\n|turn|3\n|\n|t:|1781903057\n|move|p2a: Illegal|Pin Missile|p1a: Jynx|[miss]\n|-miss|p2a: Illegal\n|move|p1a: Jynx|Lovely Kiss|p2a: Illegal\n|-status|p2a: Illegal|slp|[from] move: Lovely Kiss\n|\n|upkeep\n|turn|4\n|\n|t:|1781903063\n|switch|p1a: Snorlax|Snorlax|100/100\n|cant|p2a: Illegal|slp\n|\n|upkeep\n|turn|5\n|\n|t:|1781903070\n|switch|p2a: Stateside|Exeggutor|100/100\n|move|p1a: Snorlax|Body Slam|p2a: Stateside\n|-damage|p2a: Stateside|73/100\n|\n|upkeep\n|turn|6\n|\n|t:|1781903073\n|switch|p2a: Tonight|Snorlax|100/100\n|switch|p1a: Jynx|Jynx|71/100 par\n|\n|upkeep\n|turn|7\n|\n|t:|1781903081\n|switch|p1a: Snorlax|Snorlax|100/100\n|move|p2a: Tonight|Body Slam|p1a: Snorlax\n|-damage|p1a: Snorlax|74/100\n|\n|upkeep\n|turn|8\n|\n|t:|1781903085\n|move|p1a: Snorlax|Reflect|p1a: Snorlax\n|-start|p1a: Snorlax|Reflect\n|move|p2a: Tonight|Body Slam|p1a: Snorlax\n|-damage|p1a: Snorlax|60/100\n|\n|upkeep\n|turn|9\n|\n|t:|1781903091\n|move|p2a: Tonight|Body Slam|p1a: Snorlax\n|-damage|p1a: Snorlax|47/100\n|move|p1a: Snorlax|Body Slam|p2a: Tonight\n|-damage|p2a: Tonight|73/100\n|\n|upkeep\n|turn|10\n|\n|t:|1781903095\n|move|p2a: Tonight|Body Slam|p1a: Snorlax\n|-damage|p1a: Snorlax|33/100\n|move|p1a: Snorlax|Ice Beam|p2a: Tonight\n|-damage|p2a: Tonight|59/100\n|\n|upkeep\n|turn|11\n|\n|t:|1781903098\n|move|p2a: Tonight|Body Slam|p1a: Snorlax\n|-crit|p1a: Snorlax\n|-damage|p1a: Snorlax|0 fnt\n|faint|p1a: Snorlax\n|\n|t:|1781903119\n|switch|p1a: Tauros|Tauros|100/100\n|turn|12\n|\n|t:|1781903124\n|move|p1a: Tauros|Blizzard|p2a: Tonight\n|-crit|p2a: Tonight\n|-damage|p2a: Tonight|25/100\n|move|p2a: Tonight|Body Slam|p1a: Tauros\n|-damage|p1a: Tauros|72/100\n|\n|upkeep\n|turn|13\n|\n|t:|1781903141\n|switch|p2a: Stars|Tauros|100/100\n|move|p1a: Tauros|Blizzard|p2a: Stars\n|-damage|p2a: Stars|76/100\n|\n|upkeep\n|turn|14\n|\n|t:|1781903149\n|move|p1a: Tauros|Body Slam|p2a: Stars\n|-damage|p2a: Stars|47/100\n|move|p2a: Stars|Body Slam|p1a: Tauros\n|-damage|p1a: Tauros|41/100\n|\n|upkeep\n|turn|15\n|\n|t:|1781903154\n|switch|p1a: Starmie|Starmie|100/100\n|move|p2a: Stars|Body Slam|p1a: Starmie\n|-crit|p1a: Starmie\n|-damage|p1a: Starmie|29/100\n|-status|p1a: Starmie|par\n|\n|upkeep\n|turn|16\n|\n|t:|1781903160\n|move|p2a: Stars|Body Slam|p1a: Starmie\n|-damage|p1a: Starmie|0 fnt\n|faint|p1a: Starmie\n|\n|t:|1781903165\n|switch|p1a: Tauros|Tauros|41/100\n|turn|17\n|\n|t:|1781903168\n|move|p1a: Tauros|Hyper Beam|p2a: Stars\n|-damage|p2a: Stars|0 fnt\n|faint|p2a: Stars\n|\n|t:|1781903169\n|switch|p2a: Noises|Zapdos|100/100\n|turn|18\n|\n|t:|1781903173\n|switch|p1a: Rhydon|Rhydon|100/100\n|move|p2a: Noises|Thunder Wave|p1a: Rhydon\n|-immune|p1a: Rhydon\n|\n|upkeep\n|turn|19\n|\n|t:|1781903180\n|switch|p2a: Girl Like Me|Starmie|100/100\n|move|p1a: Rhydon|Body Slam|p2a: Girl Like Me\n|-damage|p2a: Girl Like Me|74/100\n|\n|upkeep\n|turn|20\n|\n|t:|1781903185\n|switch|p1a: Jynx|Jynx|71/100 par\n|move|p2a: Girl Like Me|Psychic|p1a: Jynx\n|-crit|p1a: Jynx\n|-resisted|p1a: Jynx\n|-damage|p1a: Jynx|38/100 par\n|\n|upkeep\n|turn|21\n|\n|t:|1781903196\n|switch|p2a: Tonight|Snorlax|25/100\n|move|p1a: Jynx|Rest|p1a: Jynx\n|-status|p1a: Jynx|slp|[from] move: Rest\n|-heal|p1a: Jynx|100/100 slp|[silent]\n|\n|upkeep\n|turn|22\n|\n|t:|1781903206\n|switch|p1a: Chansey|Chansey|100/100\n|move|p2a: Tonight|Surf|p1a: Chansey\n|-damage|p1a: Chansey|93/100\n|\n|upkeep\n|turn|23\n|\n|t:|1781903228\n|switch|p1a: Tauros|Tauros|41/100\n|move|p2a: Tonight|Body Slam|p1a: Tauros\n|-damage|p1a: Tauros|10/100\n|\n|upkeep\n|turn|24\n|\n|t:|1781903241\n|switch|p2a: Illegal|Jolteon|100/100 slp\n|move|p1a: Tauros|Hyper Beam|p2a: Illegal\n|-damage|p2a: Illegal|24/100 slp\n|-mustrecharge|p1a: Tauros\n|\n|upkeep\n|turn|25\n|\n|t:|1781903244\n|cant|p2a: Illegal|slp\n|cant|p1a: Tauros|recharge\n|\n|upkeep\n|turn|26\n|\n|t:|1781903246\n|cant|p2a: Illegal|slp\n|move|p1a: Tauros|Body Slam|p2a: Illegal\n|-damage|p2a: Illegal|0 fnt\n|faint|p2a: Illegal\n|\n|t:|1781903248\n|switch|p2a: Girl Like Me|Starmie|74/100\n|turn|27\n|\n|t:|1781903253\n|switch|p1a: Chansey|Chansey|93/100\n|move|p2a: Girl Like Me|Thunder Wave|p1a: Chansey\n|-status|p1a: Chansey|par\n|\n|upkeep\n|turn|28\n|\n|t:|1781903258\n|switch|p2a: Tonight|Snorlax|25/100\n|cant|p1a: Chansey|par\n|\n|upkeep\n|turn|29\n|\n|t:|1781903262\n|move|p2a: Tonight|Body Slam|p1a: Chansey\n|-damage|p1a: Chansey|53/100 par\n|move|p1a: Chansey|Thunder Wave|p2a: Tonight\n|-status|p2a: Tonight|par\n|\n|upkeep\n|turn|30\n|\n|t:|1781903266\n|cant|p1a: Chansey|par\n|move|p2a: Tonight|Body Slam|p1a: Chansey\n|-damage|p1a: Chansey|14/100 par\n|\n|upkeep\n|turn|31\n|\n|t:|1781903268\n|cant|p1a: Chansey|par\n|move|p2a: Tonight|Hyper Beam|p1a: Chansey\n|-damage|p1a: Chansey|0 fnt\n|faint|p1a: Chansey\n|\n|t:|1781903278\n|switch|p1a: Tauros|Tauros|10/100\n|turn|32\n|\n|t:|1781903281\n|move|p1a: Tauros|Body Slam|p2a: Tonight\n|-damage|p2a: Tonight|1/100 par\n|cant|p2a: Tonight|par\n|\n|upkeep\n|turn|33\n|\n|t:|1781903284\n|move|p1a: Tauros|Body Slam|p2a: Tonight\n|-damage|p2a: Tonight|0 fnt\n|faint|p2a: Tonight\n|\n|t:|1781903285\n|switch|p2a: Girl Like Me|Starmie|74/100\n|turn|34\n|\n|t:|1781903288\n|switch|p1a: Jynx|Jynx|100/100 slp\n|move|p2a: Girl Like Me|Blizzard|p1a: Jynx\n|-resisted|p1a: Jynx\n|-damage|p1a: Jynx|87/100 slp\n|\n|upkeep\n|turn|35\n|\n|t:|1781903292\n|switch|p2a: Stateside|Exeggutor|73/100\n|cant|p1a: Jynx|slp\n|\n|upkeep\n|turn|36\n|\n|t:|1781903299\n|-curestatus|p1a: Jynx|slp|[msg]\n|move|p2a: Stateside|Sleep Powder|p1a: Jynx\n|-status|p1a: Jynx|slp|[from] move: Sleep Powder\n|\n|upkeep\n|turn|37\n|\n|t:|1781903303\n|cant|p1a: Jynx|slp\n|move|p2a: Stateside|Psychic|p1a: Jynx\n|-resisted|p1a: Jynx\n|-damage|p1a: Jynx|69/100 slp\n|-unboost|p1a: Jynx|spa|1\n|-unboost|p1a: Jynx|spd|1\n|\n|upkeep\n|turn|38\n|\n|t:|1781903305\n|cant|p1a: Jynx|slp\n|move|p2a: Stateside|Psychic|p1a: Jynx\n|-resisted|p1a: Jynx\n|-damage|p1a: Jynx|39/100 slp\n|\n|upkeep\n|turn|39\n|\n|t:|1781903307\n|cant|p1a: Jynx|slp\n|move|p2a: Stateside|Psychic|p1a: Jynx\n|-resisted|p1a: Jynx\n|-damage|p1a: Jynx|10/100 slp\n|\n|upkeep\n|turn|40\n|c|☆LLLiolae|ggs!\n|-message|LLLiolae forfeited.\n|\n|win|Soda Krys\n|c|☆Soda Krys|gg\n|player|p1|\n|player|p2|\n","uploadtime":1781903312,"views":"84","formatid":"gen1ou","rating":null,"private":0,"password":null}