{"id":"smogtours-gen1ou-963738","format":"[Gen 1] OU","players":["Serpi n_n","1000papercranes"],"log":"|inactive|Battle timer is ON: inactive players will automatically lose when time's up.\n|t:|1786800067\n|gametype|singles\n|player|p1|Serpi n_n|#rbywc2023|\n|player|p2|1000papercranes|psychic-gen1rb|\n|gen|1\n|tier|[Gen 1] OU\n|rule|Desync Clause Mod: Desyncs resolve to link battle behavior from the acting player's perspective.\n|rule|HP Percentage Mod: HP is shown in percentages\n|rule|Endless Battle Clause: Forcing endless battles is banned\n|rule|Sleep Clause Mod: Limit one foe put to sleep\n|rule|Freeze Clause Mod: Limit one foe frozen\n|rule|Species Clause: Limit one of each Pokémon\n|rule|OHKO Clause: OHKO moves are banned\n|rule|Evasion Moves Clause: Evasion moves are banned\n|\n|t:|1786800067\n|teamsize|p1|6\n|teamsize|p2|6\n|start\n|switch|p1a: Gengar|Gengar|100/100\n|switch|p2a: Alakazam|Alakazam|100/100\n|turn|1\n|c|☆Serpi n_n|hf\n|c|☆1000papercranes|Gl Hf\n|\n|t:|1786800101\n|switch|p2a: Exeggutor|Exeggutor|100/100\n|move|p1a: Gengar|Hypnosis|p2a: Exeggutor\n|-status|p2a: Exeggutor|slp|[from] move: Hypnosis\n|\n|upkeep\n|turn|2\n|inactive|Serpi n_n has 270 seconds left.\n|\n|t:|1786800145\n|switch|p2a: Chansey|Chansey|100/100\n|move|p1a: Gengar|Night Shade|p2a: Chansey\n|-damage|p2a: Chansey|86/100\n|\n|upkeep\n|turn|3\n|inactive|Serpi n_n has 240 seconds left.\n|\n|t:|1786800179\n|move|p1a: Gengar|Night Shade|p2a: Chansey\n|-damage|p2a: Chansey|72/100\n|move|p2a: Chansey|Thunder Wave|p1a: Gengar\n|-status|p1a: Gengar|par\n|\n|upkeep\n|turn|4\n|inactive|Serpi n_n has 240 seconds left.\n|\n|t:|1786800191\n|switch|p2a: Rhydon|Rhydon|100/100\n|move|p1a: Gengar|Night Shade|p2a: Rhydon\n|-damage|p2a: Rhydon|76/100\n|\n|upkeep\n|turn|5\n|inactive|Serpi n_n has 240 seconds left.\n|\n|t:|1786800205\n|switch|p1a: Exeggutor|Exeggutor|100/100\n|move|p2a: Rhydon|Rock Slide|p1a: Exeggutor\n|-damage|p1a: Exeggutor|69/100\n|\n|upkeep\n|turn|6\n|inactive|Serpi n_n has 240 seconds left.\n|\n|t:|1786800228\n|switch|p1a: Tauros|Tauros|100/100\n|switch|p2a: Chansey|Chansey|72/100\n|\n|upkeep\n|turn|7\n|\n|t:|1786800257\n|switch|p1a: Gengar|Gengar|100/100 par\n|move|p2a: Chansey|Thunder Wave|p1a: Gengar\n|-fail|p1a: Gengar|par\n|\n|upkeep\n|turn|8\n|\n|t:|1786800270\n|switch|p2a: Rhydon|Rhydon|76/100\n|move|p1a: Gengar|Psychic|p2a: Rhydon\n|-damage|p2a: Rhydon|45/100\n|-unboost|p2a: Rhydon|spa|1\n|-unboost|p2a: Rhydon|spd|1\n|\n|upkeep\n|turn|9\n|\n|t:|1786800278\n|switch|p1a: Starmie|Starmie|100/100\n|move|p2a: Rhydon|Earthquake|p1a: Starmie\n|-crit|p1a: Starmie\n|-damage|p1a: Starmie|0 fnt\n|faint|p1a: Starmie\n|\n|t:|1786800282\n|switch|p1a: Tauros|Tauros|100/100\n|turn|10\n|inactive|1000papercranes has 270 seconds left.\n|inactive|Serpi n_n has 210 seconds left.\n|\n|t:|1786800332\n|switch|p2a: Cloyster|Cloyster|100/100\n|move|p1a: Tauros|Body Slam|p2a: Cloyster\n|-damage|p2a: Cloyster|78/100\n|-status|p2a: Cloyster|par\n|\n|upkeep\n|turn|11\n|inactive|Serpi n_n has 210 seconds left.\n|\n|t:|1786800354\n|switch|p1a: Gengar|Gengar|100/100 par\n|move|p2a: Cloyster|Blizzard|p1a: Gengar|[miss]\n|-miss|p2a: Cloyster\n|\n|upkeep\n|turn|12\n|\n|t:|1786800370\n|switch|p2a: Chansey|Chansey|72/100\n|move|p1a: Gengar|Explosion|p2a: Chansey\n|-damage|p2a: Chansey|0 fnt\n|faint|p2a: Chansey\n|faint|p1a: Gengar\n|inactive|1000papercranes has 270 seconds left.\n|inactive|Serpi n_n has 180 seconds left.\n|\n|t:|1786800404\n|switch|p2a: Cloyster|Cloyster|78/100 par\n|switch|p1a: Snorlax|Snorlax|100/100\n|turn|13\n|\n|t:|1786800410\n|move|p1a: Snorlax|Body Slam|p2a: Cloyster\n|-damage|p2a: Cloyster|54/100 par\n|cant|p2a: Cloyster|par\n|\n|upkeep\n|turn|14\n|\n|t:|1786800414\n|move|p1a: Snorlax|Body Slam|p2a: Cloyster\n|-damage|p2a: Cloyster|32/100 par\n|move|p2a: Cloyster|Rest|p2a: Cloyster\n|-status|p2a: Cloyster|slp|[from] move: Rest\n|-heal|p2a: Cloyster|100/100 slp|[silent]\n|\n|upkeep\n|turn|15\n|\n|t:|1786800417\n|move|p1a: Snorlax|Body Slam|p2a: Cloyster\n|-damage|p2a: Cloyster|79/100 slp\n|cant|p2a: Cloyster|slp\n|\n|upkeep\n|turn|16\n|\n|t:|1786800419\n|move|p1a: Snorlax|Body Slam|p2a: Cloyster\n|-damage|p2a: Cloyster|56/100 slp\n|-curestatus|p2a: Cloyster|slp|[msg]\n|\n|upkeep\n|turn|17\n|\n|t:|1786800421\n|move|p1a: Snorlax|Body Slam|p2a: Cloyster\n|-damage|p2a: Cloyster|33/100\n|move|p2a: Cloyster|Blizzard|p1a: Snorlax\n|-damage|p1a: Snorlax|70/100\n|\n|upkeep\n|turn|18\n|\n|t:|1786800428\n|switch|p2a: Rhydon|Rhydon|45/100\n|move|p1a: Snorlax|Hyper Beam|p2a: Rhydon\n|-resisted|p2a: Rhydon\n|-damage|p2a: Rhydon|26/100\n|-mustrecharge|p1a: Snorlax\n|\n|upkeep\n|turn|19\n|\n|t:|1786800432\n|move|p2a: Rhydon|Earthquake|p1a: Snorlax\n|-damage|p1a: Snorlax|33/100\n|cant|p1a: Snorlax|recharge\n|\n|upkeep\n|turn|20\n|\n|t:|1786800444\n|switch|p2a: Cloyster|Cloyster|33/100\n|switch|p1a: Exeggutor|Exeggutor|69/100\n|\n|upkeep\n|turn|21\n|\n|t:|1786800450\n|switch|p1a: Snorlax|Snorlax|33/100\n|move|p2a: Cloyster|Blizzard|p1a: Snorlax\n|-damage|p1a: Snorlax|0 fnt\n|faint|p1a: Snorlax\n|\n|t:|1786800452\n|switch|p1a: Tauros|Tauros|100/100\n|turn|22\n|inactive|Serpi n_n has 240 seconds left.\n|\n|t:|1786800464\n|switch|p2a: Rhydon|Rhydon|26/100\n|move|p1a: Tauros|Hyper Beam|p2a: Rhydon\n|-resisted|p2a: Rhydon\n|-damage|p2a: Rhydon|6/100\n|-mustrecharge|p1a: Tauros\n|\n|upkeep\n|turn|23\n|\n|t:|1786800470\n|cant|p1a: Tauros|recharge\n|move|p2a: Rhydon|Earthquake|p1a: Tauros\n|-damage|p1a: Tauros|56/100\n|\n|upkeep\n|turn|24\n|inactive|1000papercranes has 270 seconds left.\n|\n|t:|1786800515\n|move|p1a: Tauros|Body Slam|p2a: Rhydon\n|-resisted|p2a: Rhydon\n|-damage|p2a: Rhydon|0 fnt\n|faint|p2a: Rhydon\n|\n|t:|1786800517\n|switch|p2a: Tauros|Tauros|100/100\n|turn|25\n|inactive|Serpi n_n has 270 seconds left.\n|\n|t:|1786800528\n|move|p2a: Tauros|Body Slam|p1a: Tauros\n|-crit|p1a: Tauros\n|-damage|p1a: Tauros|4/100\n|move|p1a: Tauros|Blizzard|p2a: Tauros\n|-damage|p2a: Tauros|72/100\n|\n|upkeep\n|turn|26\n|inactive|Serpi n_n has 270 seconds left.\n|\n|t:|1786800536\n|move|p1a: Tauros|Hyper Beam|p2a: Tauros\n|-damage|p2a: Tauros|23/100\n|-mustrecharge|p1a: Tauros\n|move|p2a: Tauros|Body Slam|p1a: Tauros\n|-damage|p1a: Tauros|0 fnt\n|faint|p1a: Tauros\n|inactive|Serpi n_n has 270 seconds left.\n|\n|t:|1786800566\n|switch|p1a: Exeggutor|Exeggutor|69/100\n|turn|27\n|\n|t:|1786800574\n|move|p2a: Tauros|Hyper Beam|p1a: Exeggutor\n|-damage|p1a: Exeggutor|15/100\n|-mustrecharge|p2a: Tauros\n|move|p1a: Exeggutor|Psychic|p2a: Tauros\n|-damage|p2a: Tauros|0 fnt\n|faint|p2a: Tauros\n|\n|t:|1786800584\n|switch|p2a: Alakazam|Alakazam|100/100\n|turn|28\n|inactive|Serpi n_n has 270 seconds left.\n|\n|t:|1786800594\n|move|p2a: Alakazam|Seismic Toss|p1a: Exeggutor\n|-damage|p1a: Exeggutor|0 fnt\n|faint|p1a: Exeggutor\n|\n|t:|1786800595\n|switch|p1a: Zapdos|Zapdos|100/100\n|turn|29\n|\n|t:|1786800600\n|move|p2a: Alakazam|Thunder Wave|p1a: Zapdos\n|-status|p1a: Zapdos|par\n|cant|p1a: Zapdos|par\n|\n|upkeep\n|turn|30\n|\n|t:|1786800602\n|move|p2a: Alakazam|Psychic|p1a: Zapdos\n|-crit|p1a: Zapdos\n|-damage|p1a: Zapdos|45/100 par\n|cant|p1a: Zapdos|par\n|\n|upkeep\n|turn|31\n|\n|t:|1786800607\n|move|p2a: Alakazam|Psychic|p1a: Zapdos\n|-crit|p1a: Zapdos\n|-damage|p1a: Zapdos|0 fnt\n|faint|p1a: Zapdos\n|\n|win|1000papercranes\n","uploadtime":1786800607,"views":"108","formatid":"gen1ou","rating":null,"private":0,"password":null}