{"id":"smogtours-gen1ou-949564","format":"[Gen 1] OU","players":["big will 2024","corvinus II"],"log":"|inactive|Battle timer is ON: inactive players will automatically lose when time's up.\n|t:|1782091764\n|gametype|singles\n|player|p1|big will 2024|morty-gen2|\n|player|p2|corvinus II|skullgrunt|\n|gen|1\n|tier|[Gen 1] OU\n|rule|Desync Clause Mod: Desyncs changed to move failure.\n|rule|HP Percentage Mod: HP is shown in percentages\n|rule|Endless Battle Clause: Forcing endless battles is banned\n|rule|Sleep Clause Mod: Limit one foe put to sleep\n|rule|Freeze Clause Mod: Limit one foe frozen\n|rule|Species Clause: Limit one of each Pokémon\n|rule|OHKO Clause: OHKO moves are banned\n|rule|Evasion Moves Clause: Evasion moves are banned\n|\n|t:|1782091764\n|teamsize|p1|6\n|teamsize|p2|6\n|start\n|switch|p1a: WhoYouThinkIAm?|Alakazam|100/100\n|switch|p2a: Starmie|Starmie|100/100\n|turn|1\n|inactive|big will 2024 also wants the timer to be on.\n|inactive|corvinus II also wants the timer to be on.\n|c|☆big will 2024|hf\n|c|☆corvinus II|glhf\n|inactive|corvinus II has 270 seconds left.\n|inactive|big will 2024 has 270 seconds left.\n|inactive|corvinus II has 240 seconds left.\n|\n|t:|1782091837\n|move|p1a: WhoYouThinkIAm?|Thunder Wave|p2a: Starmie\n|-status|p2a: Starmie|par\n|cant|p2a: Starmie|par\n|\n|upkeep\n|turn|2\n|\n|t:|1782091846\n|move|p1a: WhoYouThinkIAm?|Seismic Toss|p2a: Starmie\n|-damage|p2a: Starmie|70/100 par\n|cant|p2a: Starmie|par\n|\n|upkeep\n|turn|3\n|\n|t:|1782091850\n|move|p1a: WhoYouThinkIAm?|Seismic Toss|p2a: Starmie\n|-damage|p2a: Starmie|39/100 par\n|move|p2a: Starmie|Thunder Wave|p1a: WhoYouThinkIAm?\n|-status|p1a: WhoYouThinkIAm?|par\n|\n|upkeep\n|turn|4\n|\n|t:|1782091856\n|switch|p2a: Chansey|Chansey|100/100\n|cant|p1a: WhoYouThinkIAm?|par\n|\n|upkeep\n|turn|5\n|\n|t:|1782091861\n|move|p2a: Chansey|Thunderbolt|p1a: WhoYouThinkIAm?\n|-damage|p1a: WhoYouThinkIAm?|80/100 par\n|move|p1a: WhoYouThinkIAm?|Thunder Wave|p2a: Chansey\n|-status|p2a: Chansey|par\n|\n|upkeep\n|turn|6\n|\n|t:|1782091868\n|move|p1a: WhoYouThinkIAm?|Psychic|p2a: Chansey\n|-damage|p2a: Chansey|84/100 par\n|-unboost|p2a: Chansey|spa|1\n|-unboost|p2a: Chansey|spd|1\n|move|p2a: Chansey|Thunderbolt|p1a: WhoYouThinkIAm?\n|-damage|p1a: WhoYouThinkIAm?|68/100 par\n|\n|upkeep\n|turn|7\n|\n|t:|1782091879\n|switch|p2a: Snorlax|Snorlax|100/100\n|move|p1a: WhoYouThinkIAm?|Psychic|p2a: Snorlax\n|-crit|p2a: Snorlax\n|-damage|p2a: Snorlax|42/100\n|\n|upkeep\n|turn|8\n|\n|t:|1782091896\n|switch|p2a: Exeggutor|Exeggutor|100/100\n|switch|p1a: rhymes like dimes|Snorlax|100/100\n|\n|upkeep\n|turn|9\n|\n|t:|1782091909\n|switch|p1a: WhoYouThinkIAm?|Alakazam|68/100 par\n|move|p2a: Exeggutor|Double-Edge|p1a: WhoYouThinkIAm?\n|-damage|p1a: WhoYouThinkIAm?|28/100 par\n|-damage|p2a: Exeggutor|93/100|[from] Recoil|[of] p1a: WhoYouThinkIAm?\n|\n|upkeep\n|turn|10\n|inactive|big will 2024 has 270 seconds left.\n|inactive|big will 2024 has 240 seconds left.\n|\n|t:|1782091969\n|switch|p1a: ?|Chansey|100/100\n|move|p2a: Exeggutor|Double-Edge|p1a: ?\n|-damage|p1a: ?|70/100\n|-damage|p2a: Exeggutor|79/100|[from] Recoil|[of] p1a: ?\n|\n|upkeep\n|turn|11\n|\n|t:|1782091975\n|move|p2a: Exeggutor|Sleep Powder|p1a: ?\n|-status|p1a: ?|slp|[from] move: Sleep Powder\n|cant|p1a: ?|slp\n|\n|upkeep\n|turn|12\n|inactive|big will 2024 has 240 seconds left.\n|\n|t:|1782092010\n|switch|p1a: greenbacks|Exeggutor|100/100\n|move|p2a: Exeggutor|Psychic|p1a: greenbacks\n|-resisted|p1a: greenbacks\n|-damage|p1a: greenbacks|88/100\n|-unboost|p1a: greenbacks|spa|1\n|-unboost|p1a: greenbacks|spd|1\n|\n|upkeep\n|turn|13\n|inactive|corvinus II has 270 seconds left.\n|\n|t:|1782092045\n|switch|p2a: Starmie|Starmie|39/100 par\n|switch|p1a: rhymes like dimes|Snorlax|100/100\n|\n|upkeep\n|turn|14\n|inactive|corvinus II has 270 seconds left.\n|inactive|big will 2024 has 210 seconds left.\n|inactive|corvinus II has 240 seconds left.\n|inactive|corvinus II has 210 seconds left.\n|inactive|big will 2024 has 180 seconds left.\n|inactive|corvinus II has 180 seconds left.\n|inactive|corvinus II has 150 seconds left.\n|\n|t:|1782092187\n|switch|p2a: Exeggutor|Exeggutor|79/100\n|move|p1a: rhymes like dimes|Body Slam|p2a: Exeggutor\n|-damage|p2a: Exeggutor|49/100\n|-status|p2a: Exeggutor|par\n|\n|upkeep\n|turn|15\n|\n|t:|1782092200\n|move|p1a: rhymes like dimes|Hyper Beam|p2a: Exeggutor\n|-damage|p2a: Exeggutor|0 fnt\n|faint|p2a: Exeggutor\n|\n|t:|1782092216\n|switch|p2a: Alakazam|Alakazam|100/100\n|turn|16\n|\n|t:|1782092231\n|move|p2a: Alakazam|Thunder Wave|p1a: rhymes like dimes\n|-status|p1a: rhymes like dimes|par\n|move|p1a: rhymes like dimes|Body Slam|p2a: Alakazam\n|-damage|p2a: Alakazam|51/100\n|\n|upkeep\n|turn|17\n|\n|t:|1782092242\n|move|p2a: Alakazam|Recover|p2a: Alakazam\n|-heal|p2a: Alakazam|100/100\n|move|p1a: rhymes like dimes|Body Slam|p2a: Alakazam\n|-damage|p2a: Alakazam|48/100\n|\n|upkeep\n|turn|18\n|\n|t:|1782092248\n|move|p2a: Alakazam|Recover|p2a: Alakazam\n|-heal|p2a: Alakazam|98/100\n|move|p1a: rhymes like dimes|Body Slam|p2a: Alakazam\n|-damage|p2a: Alakazam|42/100\n|\n|upkeep\n|turn|19\n|inactive|corvinus II has 150 seconds left.\n|inactive|big will 2024 has 150 seconds left.\n|\n|t:|1782092278\n|move|p2a: Alakazam|Recover|p2a: Alakazam\n|-heal|p2a: Alakazam|92/100\n|cant|p1a: rhymes like dimes|par\n|\n|upkeep\n|turn|20\n|inactive|big will 2024 has 150 seconds left.\n|inactive|corvinus II has 150 seconds left.\n|inactive|corvinus II has 120 seconds left.\n|\n|t:|1782092338\n|move|p2a: Alakazam|Psychic|p1a: rhymes like dimes\n|-damage|p1a: rhymes like dimes|70/100 par\n|move|p1a: rhymes like dimes|Body Slam|p2a: Alakazam\n|-crit|p2a: Alakazam\n|-damage|p2a: Alakazam|0 fnt\n|faint|p2a: Alakazam\n|\n|t:|1782092345\n|switch|p2a: Snorlax|Snorlax|42/100\n|turn|21\n|\n|t:|1782092358\n|switch|p1a: greenbacks|Exeggutor|88/100\n|move|p2a: Snorlax|Body Slam|p1a: greenbacks\n|-damage|p1a: greenbacks|57/100\n|\n|upkeep\n|turn|22\n|\n|t:|1782092361\n|switch|p2a: Starmie|Starmie|39/100 par\n|move|p1a: greenbacks|Psychic|p2a: Starmie\n|-resisted|p2a: Starmie\n|-damage|p2a: Starmie|18/100 par\n|-unboost|p2a: Starmie|spa|1\n|-unboost|p2a: Starmie|spd|1\n|\n|upkeep\n|turn|23\n|inactive|corvinus II has 120 seconds left.\n|\n|t:|1782092368\n|move|p1a: greenbacks|Psychic|p2a: Starmie\n|-resisted|p2a: Starmie\n|-damage|p2a: Starmie|0 fnt\n|faint|p2a: Starmie\n|\n|t:|1782092371\n|switch|p2a: Chansey|Chansey|84/100 par\n|turn|24\n|\n|t:|1782092375\n|move|p1a: greenbacks|Explosion|p2a: Chansey\n|-damage|p2a: Chansey|0 fnt\n|faint|p2a: Chansey\n|faint|p1a: greenbacks\n|c|+Estuardo19|whats this for will\n|c|☆big will 2024|rby inv\n|c|☆big will 2024|playins\n|c|+Estuardo19|oh\n|c|+Estuardo19|didnt knew it were one\n|\n|t:|1782092389\n|switch|p1a: rhymes like dimes|Snorlax|70/100 par\n|switch|p2a: Snorlax|Snorlax|42/100\n|turn|25\n|c|+Estuardo19|play in io mean\n|\n|t:|1782092401\n|move|p2a: Snorlax|Reflect|p2a: Snorlax\n|-start|p2a: Snorlax|Reflect\n|move|p1a: rhymes like dimes|Self-Destruct|p2a: Snorlax\n|-damage|p2a: Snorlax|0 fnt\n|faint|p2a: Snorlax\n|faint|p1a: rhymes like dimes\n|c|+Estuardo19|gl bro\n|\n|t:|1782092408\n|switch|p2a: Tauros|Tauros|100/100\n|switch|p1a: dead bent|Zapdos|100/100\n|turn|26\n|inactive|corvinus II has 150 seconds left.\n|\n|t:|1782092429\n|move|p2a: Tauros|Hyper Beam|p1a: dead bent\n|-damage|p1a: dead bent|51/100\n|-mustrecharge|p2a: Tauros\n|move|p1a: dead bent|Thunder Wave|p2a: Tauros\n|-status|p2a: Tauros|par\n|\n|upkeep\n|turn|27\n|\n|t:|1782092434\n|move|p1a: dead bent|Thunderbolt|p2a: Tauros\n|-damage|p2a: Tauros|57/100 par\n|cant|p2a: Tauros|recharge\n|\n|upkeep\n|turn|28\n|\n|t:|1782092437\n|move|p1a: dead bent|Thunderbolt|p2a: Tauros\n|-damage|p2a: Tauros|14/100 par\n|move|p2a: Tauros|Hyper Beam|p1a: dead bent|[miss]\n|-miss|p2a: Tauros\n|\n|upkeep\n|turn|29\n|\n|t:|1782092439\n|move|p1a: dead bent|Thunderbolt|p2a: Tauros\n|-damage|p2a: Tauros|0 fnt\n|faint|p2a: Tauros\n|\n|win|big will 2024\n|c|☆corvinus II|gg\n|c|☆big will 2024|gg\n","uploadtime":1782092439,"views":"65","formatid":"gen1ou","rating":null,"private":0,"password":null}