{"id":"smogtours-gen1ou-909604","format":"[Gen 1] OU","players":["Ct0wn","sadisticnarwhal"],"log":"|inactive|Battle timer is ON: inactive players will automatically lose when time's up.\n|t:|1771188744\n|gametype|singles\n|player|p1|Ct0wn|#splxviiclassiest2|\n|player|p2|sadisticnarwhal|#rcop2023useast|\n|gen|1\n|tier|[Gen 1] OU\n|rule|Desync Clause Mod: Desyncs changed to move failure.\n|rule|Sleep Clause Mod: Limit one foe put to sleep\n|rule|Freeze Clause Mod: Limit one foe frozen\n|rule|Species Clause: Limit one of each Pokémon\n|rule|OHKO Clause: OHKO moves are banned\n|rule|Evasion Moves Clause: Evasion moves are banned\n|rule|Endless Battle Clause: Forcing endless battles is banned\n|rule|HP Percentage Mod: HP is shown in percentages\n|\n|t:|1771188744\n|teamsize|p1|6\n|teamsize|p2|6\n|start\n|switch|p1a: Jynx|Jynx|100/100\n|switch|p2a: Starmie|Starmie|100/100\n|turn|1\n|c|☆sadisticnarwhal|hf\n|rated|Smogon Premier League\n|c|☆Ct0wn|Hf\n|\n|t:|1771188764\n|move|p2a: Starmie|Thunder Wave|p1a: Jynx\n|-status|p1a: Jynx|par\n|move|p1a: Jynx|Lovely Kiss|p2a: Starmie\n|-status|p2a: Starmie|slp|[from] move: Lovely Kiss\n|\n|upkeep\n|turn|2\n|\n|t:|1771188768\n|switch|p2a: Chansey|Chansey|100/100\n|switch|p1a: Tauros|Tauros|100/100\n|\n|upkeep\n|turn|3\n|\n|t:|1771188772\n|switch|p1a: Jynx|Jynx|100/100 par\n|move|p2a: Chansey|Seismic Toss|p1a: Jynx\n|-damage|p1a: Jynx|70/100 par\n|\n|upkeep\n|turn|4\n|\n|t:|1771188775\n|move|p2a: Chansey|Seismic Toss|p1a: Jynx\n|-damage|p1a: Jynx|40/100 par\n|move|p1a: Jynx|Ice Beam|p2a: Chansey\n|-damage|p2a: Chansey|87/100\n|\n|upkeep\n|turn|5\n|\n|t:|1771188778\n|move|p2a: Chansey|Seismic Toss|p1a: Jynx\n|-damage|p1a: Jynx|10/100 par\n|move|p1a: Jynx|Rest|p1a: Jynx\n|-status|p1a: Jynx|slp|[from] move: Rest\n|-heal|p1a: Jynx|100/100 slp|[silent]\n|\n|upkeep\n|turn|6\n|\n|t:|1771188780\n|move|p2a: Chansey|Seismic Toss|p1a: Jynx\n|-damage|p1a: Jynx|70/100 slp\n|cant|p1a: Jynx|slp\n|\n|upkeep\n|turn|7\n|\n|t:|1771188784\n|move|p2a: Chansey|Seismic Toss|p1a: Jynx\n|-damage|p1a: Jynx|40/100 slp\n|-curestatus|p1a: Jynx|slp|[msg]\n|\n|upkeep\n|turn|8\n|\n|t:|1771188792\n|move|p2a: Chansey|Thunder Wave|p1a: Jynx\n|-status|p1a: Jynx|par\n|move|p1a: Jynx|Ice Beam|p2a: Chansey\n|-damage|p2a: Chansey|72/100\n|\n|upkeep\n|turn|9\n|\n|t:|1771188798\n|move|p2a: Chansey|Seismic Toss|p1a: Jynx\n|-damage|p1a: Jynx|10/100 par\n|move|p1a: Jynx|Rest|p1a: Jynx\n|-status|p1a: Jynx|slp|[from] move: Rest\n|-heal|p1a: Jynx|100/100 slp|[silent]\n|\n|upkeep\n|turn|10\n|\n|t:|1771188800\n|move|p2a: Chansey|Seismic Toss|p1a: Jynx\n|-damage|p1a: Jynx|70/100 slp\n|cant|p1a: Jynx|slp\n|\n|upkeep\n|turn|11\n|\n|t:|1771188801\n|move|p2a: Chansey|Seismic Toss|p1a: Jynx\n|-damage|p1a: Jynx|40/100 slp\n|-curestatus|p1a: Jynx|slp|[msg]\n|\n|upkeep\n|turn|12\n|\n|t:|1771188803\n|switch|p1a: Alakazam|Alakazam|100/100\n|move|p2a: Chansey|Seismic Toss|p1a: Alakazam\n|-damage|p1a: Alakazam|69/100\n|\n|upkeep\n|turn|13\n|\n|t:|1771188808\n|switch|p1a: Jynx|Jynx|40/100\n|move|p2a: Chansey|Sing|p1a: Jynx|[miss]\n|-miss|p2a: Chansey\n|\n|upkeep\n|turn|14\n|\n|t:|1771188812\n|move|p1a: Jynx|Ice Beam|p2a: Chansey\n|-damage|p2a: Chansey|57/100\n|move|p2a: Chansey|Seismic Toss|p1a: Jynx\n|-damage|p1a: Jynx|10/100\n|\n|upkeep\n|turn|15\n|\n|t:|1771188815\n|move|p1a: Jynx|Ice Beam|p2a: Chansey\n|-crit|p2a: Chansey\n|-damage|p2a: Chansey|26/100\n|move|p2a: Chansey|Soft-Boiled|p2a: Chansey\n|-heal|p2a: Chansey|76/100\n|\n|upkeep\n|turn|16\n|\n|t:|1771188819\n|move|p1a: Jynx|Rest|p1a: Jynx\n|-status|p1a: Jynx|slp|[from] move: Rest\n|-heal|p1a: Jynx|100/100 slp|[silent]\n|move|p2a: Chansey|Seismic Toss|p1a: Jynx\n|-damage|p1a: Jynx|70/100 slp\n|\n|upkeep\n|turn|17\n|\n|t:|1771188821\n|cant|p1a: Jynx|slp\n|move|p2a: Chansey|Seismic Toss|p1a: Jynx\n|-damage|p1a: Jynx|40/100 slp\n|\n|upkeep\n|turn|18\n|\n|t:|1771188823\n|-curestatus|p1a: Jynx|slp|[msg]\n|move|p2a: Chansey|Thunder Wave|p1a: Jynx\n|-status|p1a: Jynx|par\n|\n|upkeep\n|turn|19\n|\n|t:|1771188826\n|move|p2a: Chansey|Seismic Toss|p1a: Jynx\n|-damage|p1a: Jynx|10/100 par\n|move|p1a: Jynx|Rest|p1a: Jynx\n|-status|p1a: Jynx|slp|[from] move: Rest\n|-heal|p1a: Jynx|100/100 slp|[silent]\n|\n|upkeep\n|turn|20\n|\n|t:|1771188827\n|move|p2a: Chansey|Seismic Toss|p1a: Jynx\n|-damage|p1a: Jynx|70/100 slp\n|cant|p1a: Jynx|slp\n|\n|upkeep\n|turn|21\n|\n|t:|1771188829\n|move|p2a: Chansey|Seismic Toss|p1a: Jynx\n|-damage|p1a: Jynx|40/100 slp\n|-curestatus|p1a: Jynx|slp|[msg]\n|\n|upkeep\n|turn|22\n|\n|t:|1771188834\n|move|p2a: Chansey|Seismic Toss|p1a: Jynx\n|-damage|p1a: Jynx|10/100\n|move|p1a: Jynx|Ice Beam|p2a: Chansey\n|-damage|p2a: Chansey|60/100\n|\n|upkeep\n|turn|23\n|\n|t:|1771188836\n|switch|p1a: Alakazam|Alakazam|69/100\n|move|p2a: Chansey|Sing|p1a: Alakazam\n|-status|p1a: Alakazam|slp|[from] move: Sing\n|\n|upkeep\n|turn|24\n|\n|t:|1771188840\n|switch|p1a: Chansey|Chansey|100/100\n|move|p2a: Chansey|Soft-Boiled|p2a: Chansey\n|-heal|p2a: Chansey|100/100\n|\n|upkeep\n|turn|25\n|\n|t:|1771188843\n|move|p1a: Chansey|Ice Beam|p2a: Chansey\n|-damage|p2a: Chansey|91/100\n|move|p2a: Chansey|Thunder Wave|p1a: Chansey\n|-status|p1a: Chansey|par\n|\n|upkeep\n|turn|26\n|inactive|sadisticnarwhal has 270 seconds left.\n|inactive|sadisticnarwhal has 240 seconds left.\n|inactive|sadisticnarwhal has 210 seconds left.\n|\n|t:|1771188935\n|switch|p2a: Starmie|Starmie|100/100 slp\n|move|p1a: Chansey|Ice Beam|p2a: Starmie\n|-resisted|p2a: Starmie\n|-damage|p2a: Starmie|88/100 slp\n|\n|upkeep\n|turn|27\n|\n|t:|1771188940\n|switch|p2a: Snorlax|Snorlax|100/100\n|move|p1a: Chansey|Thunderbolt|p2a: Snorlax\n|-damage|p2a: Snorlax|81/100\n|\n|upkeep\n|turn|28\n|\n|t:|1771188945\n|move|p2a: Snorlax|Reflect|p2a: Snorlax\n|-start|p2a: Snorlax|Reflect\n|move|p1a: Chansey|Thunder Wave|p2a: Snorlax\n|-status|p2a: Snorlax|par\n|\n|upkeep\n|turn|29\n|\n|t:|1771188953\n|switch|p1a: Rhydon|Rhydon|100/100\n|move|p2a: Snorlax|Body Slam|p1a: Rhydon\n|-resisted|p1a: Rhydon\n|-damage|p1a: Rhydon|90/100\n|\n|upkeep\n|turn|30\n|\n|t:|1771188958\n|move|p1a: Rhydon|Substitute|p1a: Rhydon\n|-start|p1a: Rhydon|Substitute\n|-damage|p1a: Rhydon|65/100\n|move|p2a: Snorlax|Body Slam|p1a: Rhydon\n|-resisted|p1a: Rhydon\n|-activate|p1a: Rhydon|Substitute|[damage]\n|\n|upkeep\n|turn|31\n|\n|t:|1771188964\n|move|p1a: Rhydon|Earthquake|p2a: Snorlax\n|-damage|p2a: Snorlax|63/100 par\n|move|p2a: Snorlax|Self-Destruct|p1a: Rhydon\n|-resisted|p1a: Rhydon\n|-end|p1a: Rhydon|Substitute\n|-hint|In Gen 1, the user of Self-Destruct will not take damage if it breaks a Substitute.\n|\n|upkeep\n|turn|32\n|\n|t:|1771188966\n|move|p1a: Rhydon|Earthquake|p2a: Snorlax\n|-damage|p2a: Snorlax|45/100 par\n|move|p2a: Snorlax|Rest|p2a: Snorlax\n|-status|p2a: Snorlax|slp|[from] move: Rest\n|-heal|p2a: Snorlax|100/100 slp|[silent]\n|\n|upkeep\n|turn|33\n|\n|t:|1771188970\n|move|p1a: Rhydon|Earthquake|p2a: Snorlax\n|-damage|p2a: Snorlax|84/100 slp\n|cant|p2a: Snorlax|slp\n|\n|upkeep\n|turn|34\n|\n|t:|1771188973\n|switch|p2a: Exeggutor|Exeggutor|100/100\n|move|p1a: Rhydon|Earthquake|p2a: Exeggutor\n|-resisted|p2a: Exeggutor\n|-damage|p2a: Exeggutor|81/100\n|\n|upkeep\n|turn|35\n|\n|t:|1771188979\n|switch|p1a: Chansey|Chansey|100/100 par\n|move|p2a: Exeggutor|Psychic|p1a: Chansey\n|-damage|p1a: Chansey|84/100 par\n|-unboost|p1a: Chansey|spa|1\n|-unboost|p1a: Chansey|spd|1\n|\n|upkeep\n|turn|36\n|\n|t:|1771188987\n|switch|p2a: Snorlax|Snorlax|84/100 slp\n|switch|p1a: Alakazam|Alakazam|69/100 slp\n|\n|upkeep\n|turn|37\n|\n|t:|1771188991\n|switch|p1a: Rhydon|Rhydon|65/100\n|-curestatus|p2a: Snorlax|slp|[msg]\n|\n|upkeep\n|turn|38\n|\n|t:|1771188998\n|switch|p2a: Exeggutor|Exeggutor|81/100\n|move|p1a: Rhydon|Substitute|p1a: Rhydon\n|-start|p1a: Rhydon|Substitute\n|-damage|p1a: Rhydon|40/100\n|\n|upkeep\n|turn|39\n|\n|t:|1771189006\n|move|p2a: Exeggutor|Psychic|p1a: Rhydon\n|-end|p1a: Rhydon|Substitute\n|move|p1a: Rhydon|Rock Slide|p2a: Exeggutor\n|-damage|p2a: Exeggutor|53/100\n|\n|upkeep\n|turn|40\n|\n|t:|1771189010\n|switch|p1a: Chansey|Chansey|84/100 par\n|move|p2a: Exeggutor|Psychic|p1a: Chansey\n|-damage|p1a: Chansey|66/100 par\n|\n|upkeep\n|turn|41\n|\n|t:|1771189039\n|switch|p2a: Snorlax|Snorlax|84/100\n|switch|p1a: Alakazam|Alakazam|69/100 slp\n|\n|upkeep\n|turn|42\n|\n|t:|1771189043\n|switch|p1a: Rhydon|Rhydon|40/100\n|move|p2a: Snorlax|Body Slam|p1a: Rhydon\n|-resisted|p1a: Rhydon\n|-damage|p1a: Rhydon|29/100\n|\n|upkeep\n|turn|43\n|\n|t:|1771189051\n|switch|p2a: Exeggutor|Exeggutor|53/100\n|move|p1a: Rhydon|Substitute|p1a: Rhydon\n|-start|p1a: Rhydon|Substitute\n|-damage|p1a: Rhydon|4/100\n|\n|upkeep\n|turn|44\n|\n|t:|1771189052\n|move|p2a: Exeggutor|Psychic|p1a: Rhydon\n|-end|p1a: Rhydon|Substitute\n|move|p1a: Rhydon|Rest|p1a: Rhydon\n|-status|p1a: Rhydon|slp|[from] move: Rest\n|-heal|p1a: Rhydon|100/100 slp|[silent]\n|\n|upkeep\n|turn|45\n|\n|t:|1771189060\n|switch|p1a: Chansey|Chansey|66/100 par\n|move|p2a: Exeggutor|Psychic|p1a: Chansey\n|-damage|p1a: Chansey|50/100 par\n|-unboost|p1a: Chansey|spa|1\n|-unboost|p1a: Chansey|spd|1\n|\n|upkeep\n|turn|46\n|\n|t:|1771189063\n|switch|p2a: Snorlax|Snorlax|84/100\n|move|p1a: Chansey|Soft-Boiled|p1a: Chansey\n|-heal|p1a: Chansey|99/100 par\n|\n|upkeep\n|turn|47\n|\n|t:|1771189067\n|switch|p2a: Rhydon|Rhydon|100/100\n|switch|p1a: Rhydon|Rhydon|100/100 slp\n|\n|upkeep\n|turn|48\n|\n|t:|1771189073\n|switch|p1a: Starmie|Starmie|100/100\n|move|p2a: Rhydon|Body Slam|p1a: Starmie\n|-crit|p1a: Starmie\n|-damage|p1a: Starmie|45/100\n|-status|p1a: Starmie|par\n|\n|upkeep\n|turn|49\n|\n|t:|1771189099\n|switch|p1a: Alakazam|Alakazam|69/100 slp\n|move|p2a: Rhydon|Earthquake|p1a: Alakazam\n|-damage|p1a: Alakazam|1/100 slp\n|\n|upkeep\n|turn|50\n|\n|t:|1771189102\n|switch|p1a: Jynx|Jynx|10/100\n|move|p2a: Rhydon|Earthquake|p1a: Jynx\n|-damage|p1a: Jynx|0 fnt\n|faint|p1a: Jynx\n|\n|t:|1771189105\n|switch|p1a: Tauros|Tauros|100/100\n|turn|51\n|inactive|sadisticnarwhal has 270 seconds left.\n|\n|t:|1771189137\n|switch|p2a: Starmie|Starmie|88/100 slp\n|move|p1a: Tauros|Blizzard|p2a: Starmie\n|-resisted|p2a: Starmie\n|-damage|p2a: Starmie|78/100 slp\n|\n|upkeep\n|turn|52\n|\n|t:|1771189140\n|cant|p2a: Starmie|slp\n|move|p1a: Tauros|Body Slam|p2a: Starmie\n|-damage|p2a: Starmie|46/100 slp\n|\n|upkeep\n|turn|53\n|\n|t:|1771189143\n|cant|p2a: Starmie|slp\n|move|p1a: Tauros|Body Slam|p2a: Starmie\n|-damage|p2a: Starmie|14/100 slp\n|\n|upkeep\n|turn|54\n|\n|t:|1771189148\n|switch|p1a: Starmie|Starmie|45/100 par\n|cant|p2a: Starmie|slp\n|\n|upkeep\n|turn|55\n|inactive|sadisticnarwhal has 270 seconds left.\n|inactive|sadisticnarwhal has 240 seconds left.\n|inactive|sadisticnarwhal has 210 seconds left.\n|inactive|sadisticnarwhal has 180 seconds left.\n|\n|t:|1771189276\n|switch|p2a: Chansey|Chansey|91/100\n|cant|p1a: Starmie|par\n|\n|upkeep\n|turn|56\n|\n|t:|1771189279\n|move|p2a: Chansey|Seismic Toss|p1a: Starmie\n|-damage|p1a: Starmie|14/100 par\n|cant|p1a: Starmie|par\n|\n|upkeep\n|turn|57\n|\n|t:|1771189286\n|switch|p1a: Alakazam|Alakazam|1/100 slp\n|move|p2a: Chansey|Seismic Toss|p1a: Alakazam\n|-damage|p1a: Alakazam|0 fnt\n|faint|p1a: Alakazam\n|\n|t:|1771189288\n|switch|p1a: Rhydon|Rhydon|100/100 slp\n|turn|58\n|\n|t:|1771189315\n|switch|p2a: Rhydon|Rhydon|100/100\n|cant|p1a: Rhydon|slp\n|\n|upkeep\n|turn|59\n|\n|t:|1771189331\n|switch|p1a: Starmie|Starmie|14/100 par\n|move|p2a: Rhydon|Earthquake|p1a: Starmie\n|-damage|p1a: Starmie|0 fnt\n|faint|p1a: Starmie\n|\n|t:|1771189333\n|switch|p1a: Tauros|Tauros|100/100\n|turn|60\n|\n|t:|1771189338\n|switch|p1a: Rhydon|Rhydon|100/100 slp\n|switch|p2a: Starmie|Starmie|14/100 slp\n|\n|upkeep\n|turn|61\n|\n|t:|1771189343\n|switch|p2a: Exeggutor|Exeggutor|53/100\n|-curestatus|p1a: Rhydon|slp|[msg]\n|\n|upkeep\n|turn|62\n|\n|t:|1771189347\n|switch|p1a: Chansey|Chansey|99/100 par\n|move|p2a: Exeggutor|Psychic|p1a: Chansey\n|-damage|p1a: Chansey|82/100 par\n|-unboost|p1a: Chansey|spa|1\n|-unboost|p1a: Chansey|spd|1\n|\n|upkeep\n|turn|63\n|inactive|sadisticnarwhal has 210 seconds left.\n|inactive|sadisticnarwhal has 180 seconds left.\n|\n|t:|1771189427\n|switch|p2a: Snorlax|Snorlax|84/100\n|move|p1a: Chansey|Ice Beam|p2a: Snorlax\n|-damage|p2a: Snorlax|72/100\n|\n|upkeep\n|turn|64\n|\n|t:|1771189433\n|switch|p1a: Rhydon|Rhydon|100/100\n|move|p2a: Snorlax|Body Slam|p1a: Rhydon\n|-resisted|p1a: Rhydon\n|-damage|p1a: Rhydon|88/100\n|\n|upkeep\n|turn|65\n|\n|t:|1771189439\n|move|p1a: Rhydon|Earthquake|p2a: Snorlax\n|-damage|p2a: Snorlax|40/100\n|move|p2a: Snorlax|Reflect|p2a: Snorlax\n|-start|p2a: Snorlax|Reflect\n|\n|upkeep\n|turn|66\n|\n|t:|1771189447\n|move|p1a: Rhydon|Earthquake|p2a: Snorlax\n|-damage|p2a: Snorlax|22/100\n|move|p2a: Snorlax|Body Slam|p1a: Rhydon\n|-resisted|p1a: Rhydon\n|-damage|p1a: Rhydon|77/100\n|\n|upkeep\n|turn|67\n|\n|t:|1771189458\n|move|p1a: Rhydon|Earthquake|p2a: Snorlax\n|-damage|p2a: Snorlax|5/100\n|move|p2a: Snorlax|Rest|p2a: Snorlax\n|-status|p2a: Snorlax|slp|[from] move: Rest\n|-heal|p2a: Snorlax|100/100 slp|[silent]\n|\n|upkeep\n|turn|68\n|\n|t:|1771189460\n|move|p1a: Rhydon|Earthquake|p2a: Snorlax\n|-damage|p2a: Snorlax|82/100 slp\n|cant|p2a: Snorlax|slp\n|\n|upkeep\n|turn|69\n|inactive|sadisticnarwhal has 210 seconds left.\n|\n|t:|1771189468\n|move|p1a: Rhydon|Earthquake|p2a: Snorlax\n|-damage|p2a: Snorlax|64/100 slp\n|-curestatus|p2a: Snorlax|slp|[msg]\n|\n|upkeep\n|turn|70\n|inactive|sadisticnarwhal has 210 seconds left.\n|inactive|sadisticnarwhal has 180 seconds left.\n|\n|t:|1771189534\n|switch|p2a: Starmie|Starmie|14/100 slp\n|move|p1a: Rhydon|Earthquake|p2a: Starmie\n|-damage|p2a: Starmie|0 fnt\n|faint|p2a: Starmie\n|\n|t:|1771189537\n|switch|p2a: Exeggutor|Exeggutor|53/100\n|turn|71\n|\n|t:|1771189542\n|switch|p1a: Chansey|Chansey|82/100 par\n|move|p2a: Exeggutor|Psychic|p1a: Chansey\n|-damage|p1a: Chansey|65/100 par\n|-unboost|p1a: Chansey|spa|1\n|-unboost|p1a: Chansey|spd|1\n|\n|upkeep\n|turn|72\n|inactive|Ct0wn disconnected and has 300 seconds to reconnect!\n|player|p1|\n|inactive|Ct0wn reconnected and has 295 seconds left.\n|player|p1|Ct0wn|#splxviiclassiest2|\n|inactive|sadisticnarwhal has 150 seconds left.\n|\n|t:|1771189575\n|switch|p2a: Rhydon|Rhydon|100/100\n|move|p1a: Chansey|Ice Beam|p2a: Rhydon\n|-supereffective|p2a: Rhydon\n|-damage|p2a: Rhydon|59/100\n|\n|upkeep\n|turn|73\n|inactive|Ct0wn has 270 seconds left.\n|inactive|Ct0wn has 240 seconds left.\n|\n|t:|1771189652\n|switch|p1a: Tauros|Tauros|100/100\n|move|p2a: Rhydon|Earthquake|p1a: Tauros\n|-damage|p1a: Tauros|59/100\n|\n|upkeep\n|turn|74\n|inactive|sadisticnarwhal has 150 seconds left.\n|inactive|sadisticnarwhal has 120 seconds left.\n|\n|t:|1771189706\n|move|p1a: Tauros|Earthquake|p2a: Rhydon\n|-supereffective|p2a: Rhydon\n|-damage|p2a: Rhydon|24/100\n|move|p2a: Rhydon|Earthquake|p1a: Tauros\n|-crit|p1a: Tauros\n|-damage|p1a: Tauros|0 fnt\n|faint|p1a: Tauros\n|\n|t:|1771189712\n|switch|p1a: Rhydon|Rhydon|77/100\n|turn|75\n|inactive|sadisticnarwhal has 120 seconds left.\n|\n|t:|1771189740\n|move|p1a: Rhydon|Earthquake|p2a: Rhydon\n|-supereffective|p2a: Rhydon\n|-damage|p2a: Rhydon|0 fnt\n|faint|p2a: Rhydon\n|\n|t:|1771189749\n|switch|p2a: Exeggutor|Exeggutor|53/100\n|turn|76\n|\n|t:|1771189752\n|switch|p1a: Chansey|Chansey|65/100 par\n|move|p2a: Exeggutor|Psychic|p1a: Chansey\n|-crit|p1a: Chansey\n|-damage|p1a: Chansey|34/100 par\n|-unboost|p1a: Chansey|spa|1\n|-unboost|p1a: Chansey|spd|1\n|\n|upkeep\n|turn|77\n|inactive|sadisticnarwhal has 120 seconds left.\n|inactive|sadisticnarwhal has 90 seconds left.\n|\n|t:|1771189798\n|move|p2a: Exeggutor|Explosion|p1a: Chansey\n|-damage|p1a: Chansey|0 fnt\n|faint|p1a: Chansey\n|faint|p2a: Exeggutor\n|\n|t:|1771189800\n|switch|p2a: Snorlax|Snorlax|64/100\n|switch|p1a: Rhydon|Rhydon|77/100\n|turn|78\n|\n|t:|1771189802\n|move|p1a: Rhydon|Substitute|p1a: Rhydon\n|-start|p1a: Rhydon|Substitute\n|-damage|p1a: Rhydon|52/100\n|move|p2a: Snorlax|Self-Destruct|p1a: Rhydon\n|-resisted|p1a: Rhydon\n|-end|p1a: Rhydon|Substitute\n|-hint|In Gen 1, the user of Self-Destruct will not take damage if it breaks a Substitute.\n|\n|upkeep\n|turn|79\n|\n|t:|1771189805\n|move|p1a: Rhydon|Earthquake|p2a: Snorlax\n|-damage|p2a: Snorlax|28/100\n|move|p2a: Snorlax|Self-Destruct|p1a: Rhydon\n|-resisted|p1a: Rhydon\n|-damage|p1a: Rhydon|18/100\n|faint|p2a: Snorlax\n|\n|t:|1771189807\n|switch|p2a: Tauros|Tauros|100/100\n|turn|80\n|\n|t:|1771189810\n|move|p2a: Tauros|Earthquake|p1a: Rhydon\n|-supereffective|p1a: Rhydon\n|-damage|p1a: Rhydon|0 fnt\n|faint|p1a: Rhydon\n|\n|win|sadisticnarwhal\n","uploadtime":1771189810,"views":"975","formatid":"gen1ou","rating":null,"private":0,"password":null}