{"id":"smogtours-gen1ou-956816","format":"[Gen 1] OU","players":["RoboKyII","wooooo rby"],"log":"|inactive|Battle timer is ON: inactive players will automatically lose when time's up.\n|t:|1784364578\n|gametype|singles\n|player|p1|RoboKyII|rosa-pokestar3|\n|player|p2|wooooo rby|lucas|\n|gen|1\n|tier|[Gen 1] OU\n|rule|Desync Clause Mod: Desyncs resolve to link battle behavior from the acting player's perspective.\n|rule|HP Percentage Mod: HP is shown in percentages\n|rule|Endless Battle Clause: Forcing endless battles is banned\n|rule|Sleep Clause Mod: Limit one foe put to sleep\n|rule|Freeze Clause Mod: Limit one foe frozen\n|rule|Species Clause: Limit one of each Pokémon\n|rule|OHKO Clause: OHKO moves are banned\n|rule|Evasion Moves Clause: Evasion moves are banned\n|\n|t:|1784364578\n|teamsize|p1|6\n|teamsize|p2|6\n|start\n|switch|p1a: Gengar|Gengar|100/100\n|switch|p2a: Starmie|Starmie|100/100\n|turn|1\n|c|☆wooooo rby|hf\n|\n|t:|1784364588\n|switch|p1a: Alakazam|Alakazam|100/100\n|move|p2a: Starmie|Psychic|p1a: Alakazam\n|-resisted|p1a: Alakazam\n|-damage|p1a: Alakazam|87/100\n|\n|upkeep\n|turn|2\n|\n|t:|1784364594\n|switch|p2a: Chansey|Chansey|100/100\n|move|p1a: Alakazam|Seismic Toss|p2a: Chansey\n|-damage|p2a: Chansey|86/100\n|\n|upkeep\n|turn|3\n|\n|t:|1784364600\n|switch|p1a: Gengar|Gengar|100/100\n|move|p2a: Chansey|Sing|p1a: Gengar|[miss]\n|-miss|p2a: Chansey\n|\n|upkeep\n|turn|4\n|\n|t:|1784364606\n|move|p1a: Gengar|Hypnosis|p2a: Chansey\n|-status|p2a: Chansey|slp|[from] move: Hypnosis\n|cant|p2a: Chansey|slp\n|\n|upkeep\n|turn|5\n|\n|t:|1784364612\n|move|p1a: Gengar|Thunderbolt|p2a: Chansey\n|-damage|p2a: Chansey|75/100 slp\n|cant|p2a: Chansey|slp\n|\n|upkeep\n|turn|6\n|\n|t:|1784364618\n|switch|p2a: Exeggutor|Exeggutor|100/100\n|move|p1a: Gengar|Explosion|p2a: Exeggutor\n|-damage|p2a: Exeggutor|43/100\n|faint|p1a: Gengar\n|\n|t:|1784364644\n|switch|p1a: Cloyster|Cloyster|100/100\n|turn|7\n|\n|t:|1784364650\n|switch|p2a: Starmie|Starmie|100/100\n|move|p1a: Cloyster|Blizzard|p2a: Starmie\n|-resisted|p2a: Starmie\n|-damage|p2a: Starmie|80/100\n|\n|upkeep\n|turn|8\n|\n|t:|1784364657\n|switch|p1a: Alakazam|Alakazam|87/100\n|move|p2a: Starmie|Recover|p2a: Starmie\n|-heal|p2a: Starmie|100/100\n|\n|upkeep\n|turn|9\n|\n|t:|1784364666\n|switch|p2a: Chansey|Chansey|75/100 slp\n|move|p1a: Alakazam|Psychic|p2a: Chansey\n|-crit|p2a: Chansey\n|-damage|p2a: Chansey|41/100 slp\n|-unboost|p2a: Chansey|spa|1\n|-unboost|p2a: Chansey|spd|1\n|\n|upkeep\n|turn|10\n|\n|t:|1784364674\n|switch|p2a: Starmie|Starmie|100/100\n|move|p1a: Alakazam|Seismic Toss|p2a: Starmie\n|-damage|p2a: Starmie|70/100\n|\n|upkeep\n|turn|11\n|\n|t:|1784364681\n|move|p1a: Alakazam|Thunder Wave|p2a: Starmie\n|-status|p2a: Starmie|par\n|move|p2a: Starmie|Thunder Wave|p1a: Alakazam\n|-status|p1a: Alakazam|par\n|\n|upkeep\n|turn|12\n|\n|t:|1784364689\n|move|p1a: Alakazam|Psychic|p2a: Starmie\n|-crit|p2a: Starmie\n|-resisted|p2a: Starmie\n|-damage|p2a: Starmie|31/100 par\n|-unboost|p2a: Starmie|spa|1\n|-unboost|p2a: Starmie|spd|1\n|move|p2a: Starmie|Recover|p2a: Starmie\n|-heal|p2a: Starmie|81/100 par\n|\n|upkeep\n|turn|13\n|\n|t:|1784364695\n|move|p1a: Alakazam|Seismic Toss|p2a: Starmie\n|-damage|p2a: Starmie|50/100 par\n|cant|p2a: Starmie|par\n|\n|upkeep\n|turn|14\n|\n|t:|1784364701\n|move|p1a: Alakazam|Psychic|p2a: Starmie\n|-crit|p2a: Starmie\n|-resisted|p2a: Starmie\n|-damage|p2a: Starmie|14/100 par\n|move|p2a: Starmie|Recover|p2a: Starmie\n|-heal|p2a: Starmie|64/100 par\n|\n|upkeep\n|turn|15\n|\n|t:|1784364707\n|move|p1a: Alakazam|Psychic|p2a: Starmie\n|-resisted|p2a: Starmie\n|-damage|p2a: Starmie|32/100 par\n|cant|p2a: Starmie|par\n|\n|upkeep\n|turn|16\n|\n|t:|1784364713\n|switch|p2a: Chansey|Chansey|41/100 slp\n|move|p1a: Alakazam|Psychic|p2a: Chansey\n|-crit|p2a: Chansey\n|-damage|p2a: Chansey|6/100 slp\n|\n|upkeep\n|turn|17\n|\n|t:|1784364720\n|-curestatus|p2a: Chansey|slp|[msg]\n|cant|p1a: Alakazam|par\n|\n|upkeep\n|turn|18\n|\n|t:|1784364726\n|switch|p1a: Exeggutor|Exeggutor|100/100\n|move|p2a: Chansey|Soft-Boiled|p2a: Chansey\n|-heal|p2a: Chansey|56/100\n|\n|upkeep\n|turn|19\n|\n|t:|1784364733\n|switch|p2a: Starmie|Starmie|32/100 par\n|move|p1a: Exeggutor|Sleep Powder|p2a: Starmie\n|-fail|p2a: Starmie\n|\n|upkeep\n|turn|20\n|\n|t:|1784364739\n|move|p1a: Exeggutor|Psychic|p2a: Starmie\n|-resisted|p2a: Starmie\n|-damage|p2a: Starmie|12/100 par\n|move|p2a: Starmie|Recover|p2a: Starmie\n|-heal|p2a: Starmie|62/100 par\n|\n|upkeep\n|turn|21\n|\n|t:|1784364753\n|switch|p1a: Alakazam|Alakazam|87/100 par\n|cant|p2a: Starmie|par\n|\n|upkeep\n|turn|22\n|\n|t:|1784364764\n|cant|p1a: Alakazam|par\n|move|p2a: Starmie|Recover|p2a: Starmie\n|-heal|p2a: Starmie|100/100 par\n|\n|upkeep\n|turn|23\n|\n|t:|1784364778\n|move|p1a: Alakazam|Psychic|p2a: Starmie\n|-resisted|p2a: Starmie\n|-damage|p2a: Starmie|82/100 par\n|move|p2a: Starmie|Psychic|p1a: Alakazam\n|-crit|p1a: Alakazam\n|-resisted|p1a: Alakazam\n|-damage|p1a: Alakazam|60/100 par\n|\n|upkeep\n|turn|24\n|\n|t:|1784364793\n|move|p1a: Alakazam|Thunder Wave|p2a: Starmie\n|-fail|p2a: Starmie|par\n|move|p2a: Starmie|Psychic|p1a: Alakazam\n|-resisted|p1a: Alakazam\n|-damage|p1a: Alakazam|47/100 par\n|\n|upkeep\n|turn|25\n|\n|t:|1784364800\n|move|p1a: Alakazam|Recover|p1a: Alakazam\n|-heal|p1a: Alakazam|97/100 par\n|move|p2a: Starmie|Psychic|p1a: Alakazam\n|-resisted|p1a: Alakazam\n|-damage|p1a: Alakazam|83/100 par\n|-unboost|p1a: Alakazam|spa|1\n|-unboost|p1a: Alakazam|spd|1\n|\n|upkeep\n|turn|26\n|\n|t:|1784364807\n|cant|p2a: Starmie|par\n|move|p1a: Alakazam|Psychic|p2a: Starmie\n|-resisted|p2a: Starmie\n|-damage|p2a: Starmie|68/100 par\n|-unboost|p2a: Starmie|spa|1\n|-unboost|p2a: Starmie|spd|1\n|\n|upkeep\n|turn|27\n|\n|t:|1784364813\n|move|p1a: Alakazam|Seismic Toss|p2a: Starmie\n|-damage|p2a: Starmie|37/100 par\n|move|p2a: Starmie|Recover|p2a: Starmie\n|-heal|p2a: Starmie|87/100 par\n|\n|upkeep\n|turn|28\n|\n|t:|1784364819\n|move|p1a: Alakazam|Seismic Toss|p2a: Starmie\n|-damage|p2a: Starmie|56/100 par\n|move|p2a: Starmie|Recover|p2a: Starmie\n|-heal|p2a: Starmie|100/100 par\n|\n|upkeep\n|turn|29\n|\n|t:|1784364825\n|move|p1a: Alakazam|Psychic|p2a: Starmie\n|-crit|p2a: Starmie\n|-resisted|p2a: Starmie\n|-damage|p2a: Starmie|62/100 par\n|cant|p2a: Starmie|par\n|\n|upkeep\n|turn|30\n|\n|t:|1784364831\n|move|p1a: Alakazam|Seismic Toss|p2a: Starmie\n|-damage|p2a: Starmie|31/100 par\n|move|p2a: Starmie|Recover|p2a: Starmie\n|-heal|p2a: Starmie|81/100 par\n|\n|upkeep\n|turn|31\n|\n|t:|1784364837\n|move|p1a: Alakazam|Seismic Toss|p2a: Starmie\n|-damage|p2a: Starmie|50/100 par\n|move|p2a: Starmie|Recover|p2a: Starmie\n|-heal|p2a: Starmie|99/100 par\n|\n|upkeep\n|turn|32\n|\n|t:|1784364843\n|move|p1a: Alakazam|Seismic Toss|p2a: Starmie\n|-damage|p2a: Starmie|69/100 par\n|move|p2a: Starmie|Psychic|p1a: Alakazam\n|-resisted|p1a: Alakazam\n|-damage|p1a: Alakazam|70/100 par\n|\n|upkeep\n|turn|33\n|\n|t:|1784364849\n|cant|p1a: Alakazam|par\n|move|p2a: Starmie|Recover|p2a: Starmie\n|-heal|p2a: Starmie|100/100 par\n|\n|upkeep\n|turn|34\n|\n|t:|1784364855\n|cant|p1a: Alakazam|par\n|move|p2a: Starmie|Psychic|p1a: Alakazam\n|-resisted|p1a: Alakazam\n|-damage|p1a: Alakazam|56/100 par\n|-unboost|p1a: Alakazam|spa|1\n|-unboost|p1a: Alakazam|spd|1\n|\n|upkeep\n|turn|35\n|\n|t:|1784364861\n|cant|p2a: Starmie|par\n|move|p1a: Alakazam|Recover|p1a: Alakazam\n|-heal|p1a: Alakazam|100/100 par\n|\n|upkeep\n|turn|36\n|\n|t:|1784364867\n|move|p2a: Starmie|Psychic|p1a: Alakazam\n|-crit|p1a: Alakazam\n|-resisted|p1a: Alakazam\n|-damage|p1a: Alakazam|73/100 par\n|-unboost|p1a: Alakazam|spa|1\n|-unboost|p1a: Alakazam|spd|1\n|move|p1a: Alakazam|Seismic Toss|p2a: Starmie\n|-damage|p2a: Starmie|70/100 par\n|\n|upkeep\n|turn|37\n|\n|t:|1784364874\n|switch|p1a: Exeggutor|Exeggutor|100/100\n|cant|p2a: Starmie|par\n|\n|upkeep\n|turn|38\n|\n|t:|1784364880\n|switch|p1a: Alakazam|Alakazam|73/100 par\n|move|p2a: Starmie|Thunder Wave|p1a: Alakazam\n|-fail|p1a: Alakazam|par\n|\n|upkeep\n|turn|39\n|\n|t:|1784364886\n|cant|p1a: Alakazam|par\n|move|p2a: Starmie|Recover|p2a: Starmie\n|-heal|p2a: Starmie|100/100 par\n|\n|upkeep\n|turn|40\n|\n|t:|1784364894\n|move|p1a: Alakazam|Thunder Wave|p2a: Starmie\n|-fail|p2a: Starmie|par\n|move|p2a: Starmie|Psychic|p1a: Alakazam\n|-crit|p1a: Alakazam\n|-resisted|p1a: Alakazam\n|-damage|p1a: Alakazam|47/100 par\n|\n|upkeep\n|turn|41\n|\n|t:|1784364900\n|switch|p2a: Snorlax|Snorlax|100/100\n|move|p1a: Alakazam|Recover|p1a: Alakazam\n|-heal|p1a: Alakazam|96/100 par\n|\n|upkeep\n|turn|42\n|\n|t:|1784364906\n|switch|p1a: Cloyster|Cloyster|100/100\n|move|p2a: Snorlax|Body Slam|p1a: Cloyster\n|-damage|p1a: Cloyster|77/100\n|\n|upkeep\n|turn|43\n|\n|t:|1784364920\n|switch|p2a: Starmie|Starmie|100/100 par\n|move|p1a: Cloyster|Blizzard|p2a: Starmie\n|-resisted|p2a: Starmie\n|-damage|p2a: Starmie|82/100 par\n|\n|upkeep\n|turn|44\n|\n|t:|1784364927\n|switch|p1a: Alakazam|Alakazam|96/100 par\n|move|p2a: Starmie|Thunder Wave|p1a: Alakazam\n|-fail|p1a: Alakazam|par\n|\n|upkeep\n|turn|45\n|\n|t:|1784364933\n|move|p1a: Alakazam|Seismic Toss|p2a: Starmie\n|-damage|p2a: Starmie|51/100 par\n|move|p2a: Starmie|Recover|p2a: Starmie\n|-heal|p2a: Starmie|100/100 par\n|\n|upkeep\n|turn|46\n|\n|t:|1784364948\n|move|p1a: Alakazam|Psychic|p2a: Starmie\n|-crit|p2a: Starmie\n|-resisted|p2a: Starmie\n|-damage|p2a: Starmie|60/100 par\n|-unboost|p2a: Starmie|spa|1\n|-unboost|p2a: Starmie|spd|1\n|move|p2a: Starmie|Psychic|p1a: Alakazam\n|-resisted|p1a: Alakazam\n|-damage|p1a: Alakazam|88/100 par\n|-unboost|p1a: Alakazam|spa|1\n|-unboost|p1a: Alakazam|spd|1\n|\n|upkeep\n|turn|47\n|\n|t:|1784364954\n|cant|p1a: Alakazam|par\n|move|p2a: Starmie|Recover|p2a: Starmie\n|-heal|p2a: Starmie|100/100 par\n|\n|upkeep\n|turn|48\n|\n|t:|1784364961\n|move|p1a: Alakazam|Seismic Toss|p2a: Starmie\n|-damage|p2a: Starmie|70/100 par\n|move|p2a: Starmie|Blizzard|p1a: Alakazam\n|-damage|p1a: Alakazam|62/100 par\n|\n|upkeep\n|turn|49\n|\n|t:|1784364967\n|move|p1a: Alakazam|Recover|p1a: Alakazam\n|-heal|p1a: Alakazam|100/100 par\n|move|p2a: Starmie|Recover|p2a: Starmie\n|-heal|p2a: Starmie|100/100 par\n|\n|upkeep\n|turn|50\n|\n|t:|1784364973\n|move|p1a: Alakazam|Psychic|p2a: Starmie\n|-resisted|p2a: Starmie\n|-damage|p2a: Starmie|80/100 par\n|-unboost|p2a: Starmie|spa|1\n|-unboost|p2a: Starmie|spd|1\n|move|p2a: Starmie|Blizzard|p1a: Alakazam\n|-damage|p1a: Alakazam|83/100 par\n|\n|upkeep\n|turn|51\n|\n|t:|1784364979\n|move|p1a: Alakazam|Seismic Toss|p2a: Starmie\n|-damage|p2a: Starmie|49/100 par\n|move|p2a: Starmie|Recover|p2a: Starmie\n|-heal|p2a: Starmie|99/100 par\n|\n|upkeep\n|turn|52\n|\n|t:|1784364987\n|cant|p1a: Alakazam|par\n|move|p2a: Starmie|Psychic|p1a: Alakazam\n|-resisted|p1a: Alakazam\n|-damage|p1a: Alakazam|73/100 par\n|\n|upkeep\n|turn|53\n|\n|t:|1784364993\n|switch|p2a: Snorlax|Snorlax|100/100\n|move|p1a: Alakazam|Psychic|p2a: Snorlax\n|-damage|p2a: Snorlax|80/100\n|\n|upkeep\n|turn|54\n|\n|t:|1784364999\n|switch|p1a: Cloyster|Cloyster|77/100\n|move|p2a: Snorlax|Body Slam|p1a: Cloyster\n|-damage|p1a: Cloyster|54/100\n|\n|upkeep\n|turn|55\n|\n|t:|1784365009\n|switch|p2a: Starmie|Starmie|99/100 par\n|move|p1a: Cloyster|Blizzard|p2a: Starmie\n|-resisted|p2a: Starmie\n|-damage|p2a: Starmie|80/100 par\n|\n|upkeep\n|turn|56\n|\n|t:|1784365016\n|switch|p2a: Chansey|Chansey|56/100\n|move|p1a: Cloyster|Explosion|p2a: Chansey\n|-damage|p2a: Chansey|0 fnt\n|faint|p2a: Chansey\n|faint|p1a: Cloyster\n|inactive|RoboKyII has 270 seconds left.\n|\n|t:|1784365073\n|switch|p1a: Exeggutor|Exeggutor|100/100\n|switch|p2a: Exeggutor|Exeggutor|43/100\n|turn|57\n|\n|t:|1784365081\n|switch|p2a: Starmie|Starmie|80/100 par\n|move|p1a: Exeggutor|Psychic|p2a: Starmie\n|-resisted|p2a: Starmie\n|-damage|p2a: Starmie|62/100 par\n|-unboost|p2a: Starmie|spa|1\n|-unboost|p2a: Starmie|spd|1\n|\n|upkeep\n|turn|58\n|\n|t:|1784365096\n|switch|p1a: Alakazam|Alakazam|73/100 par\n|move|p2a: Starmie|Recover|p2a: Starmie\n|-heal|p2a: Starmie|100/100 par\n|\n|upkeep\n|turn|59\n|\n|t:|1784365103\n|move|p1a: Alakazam|Psychic|p2a: Starmie\n|-resisted|p2a: Starmie\n|-damage|p2a: Starmie|71/100 par\n|cant|p2a: Starmie|par\n|\n|upkeep\n|turn|60\n|\n|t:|1784365109\n|move|p1a: Alakazam|Seismic Toss|p2a: Starmie\n|-damage|p2a: Starmie|40/100 par\n|move|p2a: Starmie|Recover|p2a: Starmie\n|-heal|p2a: Starmie|90/100 par\n|\n|upkeep\n|turn|61\n|inactive|RoboKyII has 270 seconds left.\n|\n|t:|1784365115\n|move|p1a: Alakazam|Seismic Toss|p2a: Starmie\n|-damage|p2a: Starmie|59/100 par\n|move|p2a: Starmie|Recover|p2a: Starmie\n|-heal|p2a: Starmie|100/100 par\n|\n|upkeep\n|turn|62\n|\n|t:|1784365132\n|cant|p1a: Alakazam|par\n|move|p2a: Starmie|Psychic|p1a: Alakazam\n|-crit|p1a: Alakazam\n|-resisted|p1a: Alakazam\n|-damage|p1a: Alakazam|46/100 par\n|\n|upkeep\n|turn|63\n|\n|t:|1784365139\n|cant|p1a: Alakazam|par\n|move|p2a: Starmie|Psychic|p1a: Alakazam\n|-resisted|p1a: Alakazam\n|-damage|p1a: Alakazam|37/100 par\n|\n|upkeep\n|turn|64\n|\n|t:|1784365145\n|switch|p2a: Snorlax|Snorlax|80/100\n|cant|p1a: Alakazam|par\n|\n|upkeep\n|turn|65\n|\n|t:|1784365151\n|switch|p1a: Snorlax|Snorlax|100/100\n|move|p2a: Snorlax|Body Slam|p1a: Snorlax\n|-damage|p1a: Snorlax|74/100\n|\n|upkeep\n|turn|66\n|\n|t:|1784365157\n|move|p1a: Snorlax|Amnesia|p1a: Snorlax\n|-boost|p1a: Snorlax|spa|2\n|-boost|p1a: Snorlax|spd|2\n|move|p2a: Snorlax|Self-Destruct|p1a: Snorlax\n|-damage|p1a: Snorlax|0 fnt\n|faint|p1a: Snorlax\n|faint|p2a: Snorlax\n|\n|t:|1784365166\n|switch|p2a: Starmie|Starmie|100/100 par\n|switch|p1a: Tauros|Tauros|100/100\n|turn|67\n|\n|t:|1784365176\n|switch|p1a: Alakazam|Alakazam|37/100 par\n|move|p2a: Starmie|Thunder Wave|p1a: Alakazam\n|-fail|p1a: Alakazam|par\n|\n|upkeep\n|turn|68\n|\n|t:|1784365182\n|switch|p2a: Exeggutor|Exeggutor|43/100\n|move|p1a: Alakazam|Thunder Wave|p2a: Exeggutor\n|-status|p2a: Exeggutor|par\n|\n|upkeep\n|turn|69\n|\n|t:|1784365189\n|move|p1a: Alakazam|Recover|p1a: Alakazam\n|-heal|p1a: Alakazam|86/100 par\n|cant|p2a: Exeggutor|par\n|\n|upkeep\n|turn|70\n|\n|t:|1784365199\n|switch|p1a: Exeggutor|Exeggutor|100/100\n|move|p2a: Exeggutor|Explosion|p1a: Exeggutor\n|-crit|p1a: Exeggutor\n|-damage|p1a: Exeggutor|0 fnt\n|faint|p1a: Exeggutor\n|faint|p2a: Exeggutor\n|\n|t:|1784365208\n|switch|p1a: Tauros|Tauros|100/100\n|switch|p2a: Starmie|Starmie|100/100 par\n|turn|71\n|\n|t:|1784365214\n|move|p1a: Tauros|Body Slam|p2a: Starmie\n|-crit|p2a: Starmie\n|-damage|p2a: Starmie|39/100 par\n|move|p2a: Starmie|Thunder Wave|p1a: Tauros\n|-status|p1a: Tauros|par\n|\n|upkeep\n|turn|72\n|\n|t:|1784365220\n|move|p2a: Starmie|Psychic|p1a: Tauros\n|-damage|p1a: Tauros|61/100 par\n|move|p1a: Tauros|Thunderbolt|p2a: Starmie\n|-crit|p2a: Starmie\n|-supereffective|p2a: Starmie\n|-damage|p2a: Starmie|0 fnt\n|faint|p2a: Starmie\n|\n|t:|1784365234\n|switch|p2a: Tauros|Tauros|100/100\n|turn|73\n|\n|t:|1784365243\n|move|p2a: Tauros|Body Slam|p1a: Tauros\n|-damage|p1a: Tauros|33/100 par\n|move|p1a: Tauros|Hyper Beam|p2a: Tauros\n|-damage|p2a: Tauros|53/100\n|-mustrecharge|p1a: Tauros\n|\n|upkeep\n|turn|74\n|-message|RoboKyII forfeited.\n|\n|win|wooooo rby\n|player|p1|\n|player|p1|RoboKyII|rosa-pokestar3|\n|c|☆RoboKyII|gg\n|c|☆wooooo rby|gg\n","uploadtime":1784365248,"views":"98","formatid":"gen1ou","rating":null,"private":0,"password":null}