{"id":"smogtours-gen1ou-947290","format":"[Gen 1] OU","players":["Sotina","TheStupe"],"log":"|inactive|Battle timer is ON: inactive players will automatically lose when time's up.\n|t:|1781481801\n|gametype|singles\n|player|p1|Sotina|skierf|\n|player|p2|TheStupe|psychicf-gen4|\n|gen|1\n|tier|[Gen 1] OU\n|rule|Desync Clause Mod: Desyncs changed to move failure.\n|rule|HP Percentage Mod: HP is shown in percentages\n|rule|Endless Battle Clause: Forcing endless battles is banned\n|rule|Sleep Clause Mod: Limit one foe put to sleep\n|rule|Freeze Clause Mod: Limit one foe frozen\n|rule|Species Clause: Limit one of each Pokémon\n|rule|OHKO Clause: OHKO moves are banned\n|rule|Evasion Moves Clause: Evasion moves are banned\n|\n|t:|1781481801\n|teamsize|p1|6\n|teamsize|p2|6\n|start\n|switch|p1a: Jynx|Jynx|100/100\n|switch|p2a: Jynx|Jynx|100/100\n|turn|1\n|c|☆TheStupe|glhf\n|c|☆Sotina|glhf\n|c|+isza|Na bro\n|\n|t:|1781481828\n|move|p2a: Jynx|Lovely Kiss|p1a: Jynx\n|-status|p1a: Jynx|slp|[from] move: Lovely Kiss\n|cant|p1a: Jynx|slp\n|\n|upkeep\n|turn|2\n|\n|t:|1781481839\n|switch|p2a: Tauros|Tauros|100/100\n|cant|p1a: Jynx|slp\n|\n|upkeep\n|turn|3\n|\n|t:|1781481845\n|switch|p1a: Starmie|Starmie|100/100\n|move|p2a: Tauros|Body Slam|p1a: Starmie\n|-damage|p1a: Starmie|65/100\n|\n|upkeep\n|turn|4\n|inactive|TheStupe has 270 seconds left.\n|inactive|Sotina has 270 seconds left.\n|inactive|TheStupe has 240 seconds left.\n|\n|t:|1781481907\n|switch|p1a: Exeggutor|Exeggutor|100/100\n|switch|p2a: Alakazam|Alakazam|100/100\n|\n|upkeep\n|turn|5\n|\n|t:|1781481913\n|switch|p2a: Jynx|Jynx|100/100\n|move|p1a: Exeggutor|Sleep Powder|p2a: Jynx\n|-status|p2a: Jynx|slp|[from] move: Sleep Powder\n|\n|upkeep\n|turn|6\n|inactive|Sotina has 270 seconds left.\n|\n|t:|1781481937\n|switch|p2a: Alakazam|Alakazam|100/100\n|switch|p1a: Snorlax|Snorlax|100/100\n|\n|upkeep\n|turn|7\n|\n|t:|1781481946\n|switch|p2a: Cloyster|Cloyster|100/100\n|move|p1a: Snorlax|Body Slam|p2a: Cloyster\n|-damage|p2a: Cloyster|79/100\n|\n|upkeep\n|turn|8\n|inactive|Sotina has 270 seconds left.\n|\n|t:|1781481958\n|switch|p1a: Starmie|Starmie|65/100\n|move|p2a: Cloyster|Blizzard|p1a: Starmie\n|-resisted|p1a: Starmie\n|-damage|p1a: Starmie|46/100\n|\n|upkeep\n|turn|9\n|inactive|Sotina has 270 seconds left.\n|inactive|TheStupe has 270 seconds left.\n|\n|t:|1781481965\n|switch|p2a: Alakazam|Alakazam|100/100\n|move|p1a: Starmie|Recover|p1a: Starmie\n|-heal|p1a: Starmie|96/100\n|\n|upkeep\n|turn|10\n|\n|t:|1781481973\n|switch|p1a: Chansey|Chansey|100/100\n|move|p2a: Alakazam|Thunder Wave|p1a: Chansey\n|-status|p1a: Chansey|par\n|\n|upkeep\n|turn|11\n|\n|t:|1781481983\n|switch|p2a: Snorlax|Snorlax|100/100\n|move|p1a: Chansey|Thunder Wave|p2a: Snorlax\n|-status|p2a: Snorlax|par\n|\n|upkeep\n|turn|12\n|\n|t:|1781481992\n|switch|p1a: Snorlax|Snorlax|100/100\n|move|p2a: Snorlax|Body Slam|p1a: Snorlax\n|-damage|p1a: Snorlax|75/100\n|\n|upkeep\n|turn|13\n|\n|t:|1781482000\n|switch|p2a: Cloyster|Cloyster|79/100\n|move|p1a: Snorlax|Reflect|p1a: Snorlax\n|-start|p1a: Snorlax|Reflect\n|\n|upkeep\n|turn|14\n|\n|t:|1781482006\n|switch|p1a: Starmie|Starmie|96/100\n|move|p2a: Cloyster|Clamp|p1a: Starmie\n|-crit|p1a: Starmie\n|-resisted|p1a: Starmie\n|-damage|p1a: Starmie|85/100\n|\n|upkeep\n|turn|15\n|\n|t:|1781482010\n|move|p2a: Cloyster|Clamp|p1a: Starmie|[from] Clamp\n|-damage|p1a: Starmie|74/100\n|\n|upkeep\n|turn|16\n|\n|t:|1781482020\n|switch|p2a: Alakazam|Alakazam|100/100\n|\n|upkeep\n|turn|17\n|\n|t:|1781482037\n|switch|p1a: Chansey|Chansey|100/100 par\n|move|p2a: Alakazam|Psychic|p1a: Chansey\n|-crit|p1a: Chansey\n|-damage|p1a: Chansey|67/100 par\n|-unboost|p1a: Chansey|spa|1\n|-unboost|p1a: Chansey|spd|1\n|\n|upkeep\n|turn|18\n|\n|t:|1781482052\n|move|p2a: Alakazam|Psychic|p1a: Chansey\n|-crit|p1a: Chansey\n|-damage|p1a: Chansey|34/100 par\n|move|p1a: Chansey|Soft-Boiled|p1a: Chansey\n|-heal|p1a: Chansey|84/100 par\n|\n|upkeep\n|turn|19\n|\n|t:|1781482060\n|switch|p2a: Snorlax|Snorlax|100/100 par\n|switch|p1a: Exeggutor|Exeggutor|100/100\n|\n|upkeep\n|turn|20\n|\n|t:|1781482068\n|switch|p2a: Alakazam|Alakazam|100/100\n|move|p1a: Exeggutor|Psychic|p2a: Alakazam\n|-resisted|p2a: Alakazam\n|-damage|p2a: Alakazam|85/100\n|-unboost|p2a: Alakazam|spa|1\n|-unboost|p2a: Alakazam|spd|1\n|\n|upkeep\n|turn|21\n|\n|t:|1781482083\n|move|p2a: Alakazam|Thunder Wave|p1a: Exeggutor\n|-status|p1a: Exeggutor|par\n|cant|p1a: Exeggutor|par\n|\n|upkeep\n|turn|22\n|\n|t:|1781482091\n|switch|p2a: Jynx|Jynx|100/100 slp\n|move|p1a: Exeggutor|Stun Spore|p2a: Jynx|[miss]\n|-miss|p1a: Exeggutor\n|\n|upkeep\n|turn|23\n|\n|t:|1781482114\n|switch|p2a: Snorlax|Snorlax|100/100 par\n|switch|p1a: Snorlax|Snorlax|75/100\n|\n|upkeep\n|turn|24\n|\n|t:|1781482121\n|move|p1a: Snorlax|Body Slam|p2a: Snorlax\n|-damage|p2a: Snorlax|74/100 par\n|cant|p2a: Snorlax|par\n|\n|upkeep\n|turn|25\n|\n|t:|1781482140\n|switch|p2a: Cloyster|Cloyster|79/100\n|move|p1a: Snorlax|Body Slam|p2a: Cloyster\n|-damage|p2a: Cloyster|58/100\n|\n|upkeep\n|turn|26\n|\n|t:|1781482154\n|switch|p1a: Starmie|Starmie|74/100\n|move|p2a: Cloyster|Blizzard|p1a: Starmie\n|-crit|p1a: Starmie\n|-resisted|p1a: Starmie\n|-damage|p1a: Starmie|33/100\n|\n|upkeep\n|turn|27\n|\n|t:|1781482160\n|move|p1a: Starmie|Recover|p1a: Starmie\n|-heal|p1a: Starmie|83/100\n|move|p2a: Cloyster|Blizzard|p1a: Starmie\n|-resisted|p1a: Starmie\n|-damage|p1a: Starmie|62/100\n|\n|upkeep\n|turn|28\n|\n|t:|1781482174\n|switch|p2a: Alakazam|Alakazam|85/100\n|move|p1a: Starmie|Thunderbolt|p2a: Alakazam\n|-damage|p2a: Alakazam|66/100\n|\n|upkeep\n|turn|29\n|\n|t:|1781482194\n|switch|p1a: Chansey|Chansey|84/100 par\n|move|p2a: Alakazam|Seismic Toss|p1a: Chansey\n|-damage|p1a: Chansey|70/100 par\n|\n|upkeep\n|turn|30\n|\n|t:|1781482204\n|switch|p2a: Snorlax|Snorlax|74/100 par\n|move|p1a: Chansey|Ice Beam|p2a: Snorlax\n|-damage|p2a: Snorlax|56/100 par\n|\n|upkeep\n|turn|31\n|\n|t:|1781482215\n|switch|p1a: Snorlax|Snorlax|75/100\n|move|p2a: Snorlax|Body Slam|p1a: Snorlax\n|-damage|p1a: Snorlax|49/100\n|\n|upkeep\n|turn|32\n|\n|t:|1781482234\n|switch|p2a: Cloyster|Cloyster|58/100\n|move|p1a: Snorlax|Body Slam|p2a: Cloyster\n|-damage|p2a: Cloyster|36/100\n|-status|p2a: Cloyster|par\n|\n|upkeep\n|turn|33\n|\n|t:|1781482242\n|move|p1a: Snorlax|Hyper Beam|p2a: Cloyster\n|-damage|p2a: Cloyster|0 fnt\n|faint|p2a: Cloyster\n|\n|t:|1781482245\n|switch|p2a: Chansey|Chansey|100/100\n|turn|34\n|\n|t:|1781482265\n|move|p1a: Snorlax|Rest|p1a: Snorlax\n|-status|p1a: Snorlax|slp|[from] move: Rest\n|-heal|p1a: Snorlax|100/100 slp|[silent]\n|move|p2a: Chansey|Counter|p1a: Snorlax\n|-fail|p2a: Chansey\n|\n|upkeep\n|turn|35\n|\n|t:|1781482273\n|move|p2a: Chansey|Seismic Toss|p1a: Snorlax\n|-damage|p1a: Snorlax|81/100 slp\n|cant|p1a: Snorlax|slp\n|\n|upkeep\n|turn|36\n|\n|t:|1781482277\n|move|p2a: Chansey|Seismic Toss|p1a: Snorlax\n|-damage|p1a: Snorlax|62/100 slp\n|-curestatus|p1a: Snorlax|slp|[msg]\n|\n|upkeep\n|turn|37\n|\n|t:|1781482281\n|switch|p1a: Chansey|Chansey|70/100 par\n|move|p2a: Chansey|Thunder Wave|p1a: Chansey\n|-fail|p1a: Chansey|par\n|\n|upkeep\n|turn|38\n|\n|t:|1781482289\n|switch|p2a: Snorlax|Snorlax|56/100 par\n|move|p1a: Chansey|Ice Beam|p2a: Snorlax\n|-damage|p2a: Snorlax|38/100 par\n|\n|upkeep\n|turn|39\n|\n|t:|1781482307\n|switch|p1a: Snorlax|Snorlax|62/100\n|cant|p2a: Snorlax|par\n|\n|upkeep\n|turn|40\n|\n|t:|1781482315\n|switch|p2a: Chansey|Chansey|100/100\n|move|p1a: Snorlax|Hyper Beam|p2a: Chansey\n|-damage|p2a: Chansey|26/100\n|-mustrecharge|p1a: Snorlax\n|\n|upkeep\n|turn|41\n|\n|t:|1781482322\n|cant|p1a: Snorlax|recharge\n|move|p2a: Chansey|Counter|p1a: Snorlax\n|-damage|p1a: Snorlax|0 fnt\n|faint|p1a: Snorlax\n|\n|t:|1781482327\n|switch|p1a: Tauros|Tauros|100/100\n|turn|42\n|\n|t:|1781482346\n|switch|p2a: Snorlax|Snorlax|38/100 par\n|move|p1a: Tauros|Body Slam|p2a: Snorlax\n|-damage|p2a: Snorlax|12/100 par\n|\n|upkeep\n|turn|43\n|\n|t:|1781482350\n|move|p1a: Tauros|Body Slam|p2a: Snorlax\n|-damage|p2a: Snorlax|0 fnt\n|faint|p2a: Snorlax\n|\n|t:|1781482352\n|switch|p2a: Alakazam|Alakazam|66/100\n|turn|44\n|\n|t:|1781482371\n|switch|p1a: Exeggutor|Exeggutor|100/100 par\n|move|p2a: Alakazam|Thunder Wave|p1a: Exeggutor\n|-fail|p1a: Exeggutor|par\n|\n|upkeep\n|turn|45\n|\n|t:|1781482396\n|switch|p2a: Chansey|Chansey|26/100\n|move|p1a: Exeggutor|Stun Spore|p2a: Chansey\n|-status|p2a: Chansey|par\n|\n|upkeep\n|turn|46\n|\n|t:|1781482401\n|move|p1a: Exeggutor|Psychic|p2a: Chansey\n|-damage|p2a: Chansey|9/100 par\n|move|p2a: Chansey|Soft-Boiled|p2a: Chansey\n|-heal|p2a: Chansey|59/100 par\n|\n|upkeep\n|turn|47\n|\n|t:|1781482404\n|move|p1a: Exeggutor|Psychic|p2a: Chansey\n|-damage|p2a: Chansey|43/100 par\n|cant|p2a: Chansey|par\n|\n|upkeep\n|turn|48\n|\n|t:|1781482407\n|cant|p1a: Exeggutor|par\n|move|p2a: Chansey|Soft-Boiled|p2a: Chansey\n|-heal|p2a: Chansey|93/100 par\n|\n|upkeep\n|turn|49\n|\n|t:|1781482414\n|move|p1a: Exeggutor|Psychic|p2a: Chansey\n|-damage|p2a: Chansey|75/100 par\n|move|p2a: Chansey|Seismic Toss|p1a: Exeggutor\n|-damage|p1a: Exeggutor|75/100 par\n|\n|upkeep\n|turn|50\n|\n|t:|1781482418\n|cant|p1a: Exeggutor|par\n|move|p2a: Chansey|Soft-Boiled|p2a: Chansey\n|-heal|p2a: Chansey|100/100 par\n|\n|upkeep\n|turn|51\n|\n|t:|1781482420\n|move|p1a: Exeggutor|Psychic|p2a: Chansey\n|-damage|p2a: Chansey|83/100 par\n|-unboost|p2a: Chansey|spa|1\n|-unboost|p2a: Chansey|spd|1\n|move|p2a: Chansey|Seismic Toss|p1a: Exeggutor\n|-damage|p1a: Exeggutor|50/100 par\n|\n|upkeep\n|turn|52\n|\n|t:|1781482425\n|move|p1a: Exeggutor|Psychic|p2a: Chansey\n|-damage|p2a: Chansey|58/100 par\n|cant|p2a: Chansey|par\n|\n|upkeep\n|turn|53\n|\n|t:|1781482431\n|move|p1a: Exeggutor|Psychic|p2a: Chansey\n|-damage|p2a: Chansey|33/100 par\n|move|p2a: Chansey|Soft-Boiled|p2a: Chansey\n|-heal|p2a: Chansey|83/100 par\n|\n|upkeep\n|turn|54\n|\n|t:|1781482459\n|switch|p2a: Jynx|Jynx|100/100 slp\n|cant|p1a: Exeggutor|par\n|\n|upkeep\n|turn|55\n|\n|t:|1781482467\n|switch|p2a: Chansey|Chansey|83/100 par\n|move|p1a: Exeggutor|Psychic|p2a: Chansey\n|-damage|p2a: Chansey|67/100 par\n|-unboost|p2a: Chansey|spa|1\n|-unboost|p2a: Chansey|spd|1\n|\n|upkeep\n|turn|56\n|\n|t:|1781482473\n|move|p1a: Exeggutor|Psychic|p2a: Chansey\n|-crit|p2a: Chansey\n|-damage|p2a: Chansey|32/100 par\n|move|p2a: Chansey|Soft-Boiled|p2a: Chansey\n|-heal|p2a: Chansey|82/100 par\n|\n|upkeep\n|turn|57\n|\n|t:|1781482484\n|move|p1a: Exeggutor|Psychic|p2a: Chansey\n|-damage|p2a: Chansey|54/100 par\n|-unboost|p2a: Chansey|spa|1\n|-unboost|p2a: Chansey|spd|1\n|move|p2a: Chansey|Soft-Boiled|p2a: Chansey\n|-heal|p2a: Chansey|100/100 par\n|\n|upkeep\n|turn|58\n|inactive|Sotina has 270 seconds left.\n|\n|t:|1781482521\n|switch|p2a: Jynx|Jynx|100/100 slp\n|move|p1a: Exeggutor|Psychic|p2a: Jynx\n|-resisted|p2a: Jynx\n|-damage|p2a: Jynx|81/100 slp\n|\n|upkeep\n|turn|59\n|inactive|Sotina has 270 seconds left.\n|\n|t:|1781482526\n|cant|p2a: Jynx|slp\n|move|p1a: Exeggutor|Psychic|p2a: Jynx\n|-resisted|p2a: Jynx\n|-damage|p2a: Jynx|63/100 slp\n|\n|upkeep\n|turn|60\n|\n|t:|1781482535\n|switch|p2a: Chansey|Chansey|100/100 par\n|switch|p1a: Tauros|Tauros|100/100\n|\n|upkeep\n|turn|61\n|\n|t:|1781482542\n|switch|p1a: Chansey|Chansey|70/100 par\n|cant|p2a: Chansey|par\n|\n|upkeep\n|turn|62\n|\n|t:|1781482551\n|move|p1a: Chansey|Thunderbolt|p2a: Chansey\n|-damage|p2a: Chansey|89/100 par\n|move|p2a: Chansey|Seismic Toss|p1a: Chansey\n|-damage|p1a: Chansey|56/100 par\n|\n|upkeep\n|turn|63\n|\n|t:|1781482572\n|move|p1a: Chansey|Soft-Boiled|p1a: Chansey\n|-heal|p1a: Chansey|100/100 par\n|move|p2a: Chansey|Seismic Toss|p1a: Chansey\n|-damage|p1a: Chansey|86/100 par\n|\n|upkeep\n|turn|64\n|\n|t:|1781482580\n|move|p1a: Chansey|Ice Beam|p2a: Chansey\n|-damage|p2a: Chansey|79/100 par\n|move|p2a: Chansey|Seismic Toss|p1a: Chansey\n|-damage|p1a: Chansey|72/100 par\n|\n|upkeep\n|turn|65\n|\n|t:|1781482589\n|cant|p2a: Chansey|par\n|move|p1a: Chansey|Ice Beam|p2a: Chansey\n|-damage|p2a: Chansey|68/100 par\n|\n|upkeep\n|turn|66\n|\n|t:|1781482593\n|move|p1a: Chansey|Ice Beam|p2a: Chansey\n|-damage|p2a: Chansey|57/100 par\n|move|p2a: Chansey|Soft-Boiled|p2a: Chansey\n|-heal|p2a: Chansey|100/100 par\n|\n|upkeep\n|turn|67\n|\n|t:|1781482598\n|move|p2a: Chansey|Seismic Toss|p1a: Chansey\n|-damage|p1a: Chansey|58/100 par\n|move|p1a: Chansey|Ice Beam|p2a: Chansey\n|-damage|p2a: Chansey|89/100 par\n|\n|upkeep\n|turn|68\n|\n|t:|1781482602\n|cant|p2a: Chansey|par\n|move|p1a: Chansey|Soft-Boiled|p1a: Chansey\n|-heal|p1a: Chansey|100/100 par\n|\n|upkeep\n|turn|69\n|\n|t:|1781482613\n|move|p1a: Chansey|Ice Beam|p2a: Chansey\n|-damage|p2a: Chansey|79/100 par\n|move|p2a: Chansey|Seismic Toss|p1a: Chansey\n|-damage|p1a: Chansey|86/100 par\n|\n|upkeep\n|turn|70\n|\n|t:|1781482621\n|move|p2a: Chansey|Thunder Wave|p1a: Chansey\n|-fail|p1a: Chansey|par\n|move|p1a: Chansey|Ice Beam|p2a: Chansey\n|-damage|p2a: Chansey|68/100 par\n|\n|upkeep\n|turn|71\n|\n|t:|1781482627\n|move|p2a: Chansey|Soft-Boiled|p2a: Chansey\n|-heal|p2a: Chansey|100/100 par\n|cant|p1a: Chansey|par\n|\n|upkeep\n|turn|72\n|\n|t:|1781482632\n|move|p2a: Chansey|Seismic Toss|p1a: Chansey\n|-damage|p1a: Chansey|72/100 par\n|move|p1a: Chansey|Ice Beam|p2a: Chansey\n|-damage|p2a: Chansey|91/100 par\n|\n|upkeep\n|turn|73\n|\n|t:|1781482635\n|move|p2a: Chansey|Seismic Toss|p1a: Chansey\n|-damage|p1a: Chansey|58/100 par\n|cant|p1a: Chansey|par\n|\n|upkeep\n|turn|74\n|\n|t:|1781482638\n|switch|p2a: Alakazam|Alakazam|66/100\n|move|p1a: Chansey|Soft-Boiled|p1a: Chansey\n|-heal|p1a: Chansey|100/100 par\n|\n|upkeep\n|turn|75\n|inactive|TheStupe has 270 seconds left.\n|\n|t:|1781482673\n|move|p2a: Alakazam|Recover|p2a: Alakazam\n|-heal|p2a: Alakazam|100/100\n|cant|p1a: Chansey|par\n|\n|upkeep\n|turn|76\n|\n|t:|1781482686\n|switch|p2a: Chansey|Chansey|91/100 par\n|switch|p1a: Exeggutor|Exeggutor|50/100 par\n|\n|upkeep\n|turn|77\n|\n|t:|1781482698\n|move|p1a: Exeggutor|Psychic|p2a: Chansey\n|-damage|p2a: Chansey|73/100 par\n|cant|p2a: Chansey|par\n|\n|upkeep\n|turn|78\n|\n|t:|1781482702\n|move|p1a: Exeggutor|Explosion|p2a: Chansey\n|-damage|p2a: Chansey|0 fnt\n|faint|p2a: Chansey\n|faint|p1a: Exeggutor\n|\n|t:|1781482715\n|switch|p1a: Chansey|Chansey|100/100 par\n|switch|p2a: Alakazam|Alakazam|100/100\n|turn|79\n|\n|t:|1781482739\n|switch|p2a: Jynx|Jynx|63/100 slp\n|move|p1a: Chansey|Thunder Wave|p2a: Jynx\n|-fail|p2a: Jynx\n|\n|upkeep\n|turn|80\n|\n|t:|1781482745\n|switch|p1a: Tauros|Tauros|100/100\n|cant|p2a: Jynx|slp\n|\n|upkeep\n|turn|81\n|\n|t:|1781482748\n|move|p1a: Tauros|Body Slam|p2a: Jynx\n|-damage|p2a: Jynx|13/100 slp\n|-curestatus|p2a: Jynx|slp|[msg]\n|\n|upkeep\n|turn|82\n|\n|t:|1781482757\n|move|p1a: Tauros|Body Slam|p2a: Jynx\n|-damage|p2a: Jynx|0 fnt\n|faint|p2a: Jynx\n|\n|t:|1781482781\n|switch|p2a: Tauros|Tauros|100/100\n|turn|83\n|\n|t:|1781482786\n|switch|p1a: Jynx|Jynx|100/100 slp\n|move|p2a: Tauros|Body Slam|p1a: Jynx\n|-damage|p1a: Jynx|46/100 slp\n|\n|upkeep\n|turn|84\n|\n|t:|1781482791\n|move|p2a: Tauros|Body Slam|p1a: Jynx\n|-damage|p1a: Jynx|0 fnt\n|faint|p1a: Jynx\n|\n|t:|1781482793\n|switch|p1a: Starmie|Starmie|62/100\n|turn|85\n|\n|t:|1781482796\n|switch|p2a: Alakazam|Alakazam|100/100\n|move|p1a: Starmie|Thunder Wave|p2a: Alakazam\n|-status|p2a: Alakazam|par\n|\n|upkeep\n|turn|86\n|\n|t:|1781482802\n|switch|p1a: Chansey|Chansey|100/100 par\n|move|p2a: Alakazam|Psychic|p1a: Chansey\n|-damage|p1a: Chansey|83/100 par\n|-unboost|p1a: Chansey|spa|1\n|-unboost|p1a: Chansey|spd|1\n|\n|upkeep\n|turn|87\n|\n|t:|1781482813\n|move|p2a: Alakazam|Psychic|p1a: Chansey\n|-damage|p1a: Chansey|56/100 par\n|-unboost|p1a: Chansey|spa|1\n|-unboost|p1a: Chansey|spd|1\n|cant|p1a: Chansey|par\n|\n|upkeep\n|turn|88\n|\n|t:|1781482819\n|move|p2a: Alakazam|Psychic|p1a: Chansey\n|-damage|p1a: Chansey|20/100 par\n|cant|p1a: Chansey|par\n|\n|upkeep\n|turn|89\n|\n|t:|1781482826\n|cant|p2a: Alakazam|par\n|move|p1a: Chansey|Soft-Boiled|p1a: Chansey\n|-heal|p1a: Chansey|70/100 par\n|\n|upkeep\n|turn|90\n|\n|t:|1781482830\n|cant|p2a: Alakazam|par\n|move|p1a: Chansey|Soft-Boiled|p1a: Chansey\n|-heal|p1a: Chansey|100/100 par\n|\n|upkeep\n|turn|91\n|\n|t:|1781482837\n|switch|p1a: Starmie|Starmie|62/100\n|move|p2a: Alakazam|Thunder Wave|p1a: Starmie\n|-status|p1a: Starmie|par\n|\n|upkeep\n|turn|92\n|\n|t:|1781482840\n|move|p2a: Alakazam|Seismic Toss|p1a: Starmie\n|-damage|p1a: Starmie|31/100 par\n|cant|p1a: Starmie|par\n|\n|upkeep\n|turn|93\n|\n|t:|1781482850\n|move|p2a: Alakazam|Seismic Toss|p1a: Starmie\n|-damage|p1a: Starmie|0 fnt\n|faint|p1a: Starmie\n|\n|t:|1781482855\n|switch|p1a: Chansey|Chansey|100/100 par\n|turn|94\n|\n|t:|1781482864\n|move|p2a: Alakazam|Psychic|p1a: Chansey\n|-damage|p1a: Chansey|81/100 par\n|-unboost|p1a: Chansey|spa|1\n|-unboost|p1a: Chansey|spd|1\n|move|p1a: Chansey|Ice Beam|p2a: Alakazam\n|-damage|p2a: Alakazam|88/100 par\n|\n|upkeep\n|turn|95\n|\n|t:|1781482868\n|cant|p2a: Alakazam|par\n|move|p1a: Chansey|Ice Beam|p2a: Alakazam\n|-damage|p2a: Alakazam|74/100 par\n|\n|upkeep\n|turn|96\n|\n|t:|1781482874\n|move|p2a: Alakazam|Psychic|p1a: Chansey\n|-damage|p1a: Chansey|53/100 par\n|move|p1a: Chansey|Ice Beam|p2a: Alakazam\n|-damage|p2a: Alakazam|61/100 par\n|\n|upkeep\n|turn|97\n|\n|t:|1781482880\n|move|p2a: Alakazam|Recover|p2a: Alakazam\n|-heal|p2a: Alakazam|100/100 par\n|move|p1a: Chansey|Soft-Boiled|p1a: Chansey\n|-heal|p1a: Chansey|100/100 par\n|\n|upkeep\n|turn|98\n|\n|t:|1781482884\n|move|p2a: Alakazam|Seismic Toss|p1a: Chansey\n|-damage|p1a: Chansey|86/100 par\n|move|p1a: Chansey|Ice Beam|p2a: Alakazam\n|-damage|p2a: Alakazam|88/100 par\n|\n|upkeep\n|turn|99\n|\n|t:|1781482888\n|cant|p2a: Alakazam|par\n|move|p1a: Chansey|Ice Beam|p2a: Alakazam\n|-damage|p2a: Alakazam|75/100 par\n|\n|upkeep\n|turn|100\n|\n|t:|1781482892\n|move|p2a: Alakazam|Psychic|p1a: Chansey\n|-damage|p1a: Chansey|57/100 par\n|move|p1a: Chansey|Ice Beam|p2a: Alakazam\n|-damage|p2a: Alakazam|62/100 par\n|\n|upkeep\n|turn|101\n|\n|t:|1781482897\n|move|p2a: Alakazam|Recover|p2a: Alakazam\n|-heal|p2a: Alakazam|100/100 par\n|move|p1a: Chansey|Ice Beam|p2a: Alakazam\n|-damage|p2a: Alakazam|87/100 par\n|\n|upkeep\n|turn|102\n|\n|t:|1781482901\n|cant|p2a: Alakazam|par\n|move|p1a: Chansey|Soft-Boiled|p1a: Chansey\n|-heal|p1a: Chansey|100/100 par\n|\n|upkeep\n|turn|103\n|\n|t:|1781482906\n|move|p2a: Alakazam|Seismic Toss|p1a: Chansey\n|-damage|p1a: Chansey|86/100 par\n|cant|p1a: Chansey|par\n|\n|upkeep\n|turn|104\n|\n|t:|1781482912\n|move|p2a: Alakazam|Psychic|p1a: Chansey\n|-damage|p1a: Chansey|56/100 par\n|move|p1a: Chansey|Thunderbolt|p2a: Alakazam\n|-damage|p2a: Alakazam|73/100 par\n|\n|upkeep\n|turn|105\n|\n|t:|1781482923\n|move|p2a: Alakazam|Recover|p2a: Alakazam\n|-heal|p2a: Alakazam|100/100 par\n|move|p1a: Chansey|Thunderbolt|p2a: Alakazam\n|-damage|p2a: Alakazam|87/100 par\n|\n|upkeep\n|turn|106\n|\n|t:|1781482928\n|move|p2a: Alakazam|Recover|p2a: Alakazam\n|-heal|p2a: Alakazam|100/100 par\n|cant|p1a: Chansey|par\n|\n|upkeep\n|turn|107\n|\n|t:|1781482931\n|cant|p2a: Alakazam|par\n|move|p1a: Chansey|Soft-Boiled|p1a: Chansey\n|-heal|p1a: Chansey|100/100 par\n|\n|upkeep\n|turn|108\n|\n|t:|1781482935\n|move|p2a: Alakazam|Seismic Toss|p1a: Chansey\n|-damage|p1a: Chansey|86/100 par\n|move|p1a: Chansey|Thunderbolt|p2a: Alakazam\n|-damage|p2a: Alakazam|88/100 par\n|\n|upkeep\n|turn|109\n|\n|t:|1781482942\n|move|p2a: Alakazam|Seismic Toss|p1a: Chansey\n|-damage|p1a: Chansey|72/100 par\n|move|p1a: Chansey|Thunderbolt|p2a: Alakazam\n|-damage|p2a: Alakazam|75/100 par\n|\n|upkeep\n|turn|110\n|\n|t:|1781482946\n|cant|p2a: Alakazam|par\n|move|p1a: Chansey|Thunderbolt|p2a: Alakazam\n|-damage|p2a: Alakazam|62/100 par\n|\n|upkeep\n|turn|111\n|\n|t:|1781482957\n|move|p2a: Alakazam|Psychic|p1a: Chansey\n|-damage|p1a: Chansey|46/100 par\n|-unboost|p1a: Chansey|spa|1\n|-unboost|p1a: Chansey|spd|1\n|move|p1a: Chansey|Thunderbolt|p2a: Alakazam\n|-damage|p2a: Alakazam|52/100 par\n|\n|upkeep\n|turn|112\n|\n|t:|1781482961\n|cant|p2a: Alakazam|par\n|move|p1a: Chansey|Soft-Boiled|p1a: Chansey\n|-heal|p1a: Chansey|96/100 par\n|\n|upkeep\n|turn|113\n|\n|t:|1781482971\n|cant|p2a: Alakazam|par\n|move|p1a: Chansey|Thunderbolt|p2a: Alakazam\n|-damage|p2a: Alakazam|42/100 par\n|\n|upkeep\n|turn|114\n|\n|t:|1781482981\n|move|p2a: Alakazam|Psychic|p1a: Chansey\n|-damage|p1a: Chansey|59/100 par\n|move|p1a: Chansey|Thunderbolt|p2a: Alakazam\n|-damage|p2a: Alakazam|32/100 par\n|\n|upkeep\n|turn|115\n|\n|t:|1781482992\n|switch|p1a: Tauros|Tauros|100/100\n|move|p2a: Alakazam|Recover|p2a: Alakazam\n|-heal|p2a: Alakazam|82/100 par\n|\n|upkeep\n|turn|116\n|\n|t:|1781482997\n|move|p1a: Tauros|Hyper Beam|p2a: Alakazam\n|-damage|p2a: Alakazam|0 fnt\n|faint|p2a: Alakazam\n|\n|t:|1781482998\n|switch|p2a: Tauros|Tauros|100/100\n|turn|117\n|\n|t:|1781483002\n|move|p1a: Tauros|Body Slam|p2a: Tauros\n|-damage|p2a: Tauros|74/100\n|move|p2a: Tauros|Body Slam|p1a: Tauros\n|-damage|p1a: Tauros|70/100\n|\n|upkeep\n|turn|118\n|\n|t:|1781483007\n|move|p1a: Tauros|Body Slam|p2a: Tauros\n|-crit|p2a: Tauros\n|-damage|p2a: Tauros|13/100\n|move|p2a: Tauros|Body Slam|p1a: Tauros\n|-damage|p1a: Tauros|41/100\n|\n|upkeep\n|turn|119\n|\n|t:|1781483012\n|move|p2a: Tauros|Hyper Beam|p1a: Tauros\n|-damage|p1a: Tauros|0 fnt\n|faint|p1a: Tauros\n|\n|t:|1781483014\n|switch|p1a: Chansey|Chansey|59/100 par\n|turn|120\n|\n|t:|1781483017\n|move|p2a: Tauros|Hyper Beam|p1a: Chansey\n|-damage|p1a: Chansey|0 fnt\n|faint|p1a: Chansey\n|\n|win|TheStupe\n|c|☆TheStupe|gg\n|c|☆Sotina|gg\n|c|☆TheStupe|Close one\n|c|☆Sotina|indeed\n","uploadtime":1781483017,"views":"145","formatid":"gen1ou","rating":null,"private":0,"password":null}