{"id":"smogtours-gen1ou-919582","format":"[Gen 1] OU","players":["Laroxyl","Sceptross"],"log":"|inactive|Battle timer is ON: inactive players will automatically lose when time's up.\n|t:|1774196822\n|gametype|singles\n|player|p1|Laroxyl|#splxviitigers2|\n|player|p2|Sceptross|#splxviicryonicles|\n|gen|1\n|tier|[Gen 1] OU\n|rule|Desync Clause Mod: Desyncs changed to move failure.\n|rule|HP Percentage Mod: HP is shown in percentages\n|rule|Endless Battle Clause: Forcing endless battles is banned\n|rule|Sleep Clause Mod: Limit one foe put to sleep\n|rule|Freeze Clause Mod: Limit one foe frozen\n|rule|Species Clause: Limit one of each Pokémon\n|rule|OHKO Clause: OHKO moves are banned\n|rule|Evasion Moves Clause: Evasion moves are banned\n|\n|t:|1774196822\n|teamsize|p1|6\n|teamsize|p2|6\n|start\n|switch|p1a: Tauros|Tauros|100/100\n|switch|p2a: Jynx|Jynx|100/100\n|turn|1\n|rated|Smogon Premier League\n|c|☆Sceptross|gl hf\n|c|☆Laroxyl|u2\n|inactive|Sceptross has 270 seconds left.\n|inactive|Sceptross has 240 seconds left.\n|\n|t:|1774196898\n|move|p1a: Tauros|Body Slam|p2a: Jynx\n|-crit|p2a: Jynx\n|-damage|p2a: Jynx|0 fnt\n|faint|p2a: Jynx\n|\n|t:|1774196904\n|switch|p2a: Starmie|Starmie|100/100\n|turn|2\n|inactive|Laroxyl has 270 seconds left.\n|\n|t:|1774196959\n|move|p2a: Starmie|Thunder Wave|p1a: Tauros\n|-status|p1a: Tauros|par\n|move|p1a: Tauros|Body Slam|p2a: Starmie\n|-damage|p2a: Starmie|66/100\n|-status|p2a: Starmie|par\n|\n|upkeep\n|turn|3\n|inactive|Laroxyl has 240 seconds left.\n|\n|t:|1774196984\n|move|p2a: Starmie|Recover|p2a: Starmie\n|-heal|p2a: Starmie|100/100 par\n|move|p1a: Tauros|Body Slam|p2a: Starmie\n|-damage|p2a: Starmie|67/100 par\n|\n|upkeep\n|turn|4\n|inactive|Laroxyl has 240 seconds left.\n|\n|t:|1774197007\n|switch|p1a: Snorlax|Snorlax|100/100\n|move|p2a: Starmie|Psychic|p1a: Snorlax\n|-damage|p1a: Snorlax|76/100\n|-unboost|p1a: Snorlax|spa|1\n|-unboost|p1a: Snorlax|spd|1\n|\n|upkeep\n|turn|5\n|inactive|Laroxyl has 210 seconds left.\n|\n|t:|1774197035\n|switch|p2a: Snorlax|Snorlax|100/100\n|move|p1a: Snorlax|Body Slam|p2a: Snorlax\n|-damage|p2a: Snorlax|74/100\n|\n|upkeep\n|turn|6\n|inactive|Laroxyl has 210 seconds left.\n|inactive|Laroxyl has 180 seconds left.\n|\n|t:|1774197086\n|switch|p1a: Exeggutor|Exeggutor|100/100\n|move|p2a: Snorlax|Reflect|p2a: Snorlax\n|-start|p2a: Snorlax|Reflect\n|\n|upkeep\n|turn|7\n|inactive|Sceptross has 270 seconds left.\n|\n|t:|1774197121\n|switch|p2a: Starmie|Starmie|67/100 par\n|move|p1a: Exeggutor|Psychic|p2a: Starmie\n|-resisted|p2a: Starmie\n|-damage|p2a: Starmie|48/100 par\n|\n|upkeep\n|turn|8\n|\n|t:|1774197134\n|switch|p1a: Snorlax|Snorlax|76/100\n|cant|p2a: Starmie|par\n|\n|upkeep\n|turn|9\n|\n|t:|1774197153\n|switch|p2a: Chansey|Chansey|100/100\n|move|p1a: Snorlax|Body Slam|p2a: Chansey\n|-crit|p2a: Chansey\n|-damage|p2a: Chansey|24/100\n|\n|upkeep\n|turn|10\n|inactive|Laroxyl has 150 seconds left.\n|inactive|Laroxyl has 120 seconds left.\n|\n|t:|1774197230\n|switch|p1a: Exeggutor|Exeggutor|100/100\n|move|p2a: Chansey|Soft-Boiled|p2a: Chansey\n|-heal|p2a: Chansey|74/100\n|\n|upkeep\n|turn|11\n|inactive|Laroxyl has 90 seconds left.\n|inactive|Laroxyl has 60 seconds left.\n|\n|t:|1774197279\n|move|p1a: Exeggutor|Psychic|p2a: Chansey\n|-damage|p2a: Chansey|56/100\n|-unboost|p2a: Chansey|spa|1\n|-unboost|p2a: Chansey|spd|1\n|move|p2a: Chansey|Thunder Wave|p1a: Exeggutor\n|-status|p1a: Exeggutor|par\n|\n|upkeep\n|turn|12\n|inactive|Laroxyl has 60 seconds left.\n|\n|t:|1774197325\n|move|p2a: Chansey|Soft-Boiled|p2a: Chansey\n|-heal|p2a: Chansey|100/100\n|cant|p1a: Exeggutor|par\n|\n|upkeep\n|turn|13\n|inactive|Laroxyl has 30 seconds left.\n|\n|t:|1774197346\n|switch|p2a: Starmie|Starmie|48/100 par\n|move|p1a: Exeggutor|Psychic|p2a: Starmie\n|-resisted|p2a: Starmie\n|-damage|p2a: Starmie|28/100 par\n|\n|upkeep\n|turn|14\n|\n|t:|1774197353\n|switch|p1a: Snorlax|Snorlax|76/100\n|move|p2a: Starmie|Recover|p2a: Starmie\n|-heal|p2a: Starmie|78/100 par\n|\n|upkeep\n|turn|15\n|\n|t:|1774197375\n|switch|p2a: Chansey|Chansey|100/100\n|move|p1a: Snorlax|Body Slam|p2a: Chansey\n|-damage|p2a: Chansey|60/100\n|\n|upkeep\n|turn|16\n|inactive|Laroxyl has 30 seconds left.\n|\n|t:|1774197400\n|switch|p1a: Tauros|Tauros|100/100 par\n|move|p2a: Chansey|Soft-Boiled|p2a: Chansey\n|-heal|p2a: Chansey|100/100\n|\n|upkeep\n|turn|17\n|inactive|Sceptross has 270 seconds left.\n|inactive|Sceptross has 240 seconds left.\n|inactive|Sceptross has 210 seconds left.\n|\n|t:|1774197493\n|switch|p2a: Snorlax|Snorlax|74/100\n|move|p1a: Tauros|Body Slam|p2a: Snorlax\n|-damage|p2a: Snorlax|48/100\n|\n|upkeep\n|turn|18\n|inactive|Sceptross has 210 seconds left.\n|inactive|Laroxyl has 30 seconds left.\n|inactive|Laroxyl has 20 seconds left.\n|\n|t:|1774197519\n|switch|p1a: Exeggutor|Exeggutor|100/100 par\n|move|p2a: Snorlax|Reflect|p2a: Snorlax\n|-start|p2a: Snorlax|Reflect\n|\n|upkeep\n|turn|19\n|inactive|Laroxyl has 30 seconds left this turn.\n|inactive|Sceptross has 210 seconds left.\n|inactive|Laroxyl has 20 seconds left.\n|\n|t:|1774197540\n|switch|p2a: Starmie|Starmie|78/100 par\n|move|p1a: Exeggutor|Psychic|p2a: Starmie\n|-resisted|p2a: Starmie\n|-damage|p2a: Starmie|58/100 par\n|-unboost|p2a: Starmie|spa|1\n|-unboost|p2a: Starmie|spd|1\n|\n|upkeep\n|turn|20\n|inactive|Laroxyl has 30 seconds left this turn.\n|inactive|Laroxyl has 20 seconds left.\n|inactive|Laroxyl has 15 seconds left.\n|\n|t:|1774197558\n|switch|p1a: Tauros|Tauros|100/100 par\n|switch|p2a: Chansey|Chansey|100/100\n|\n|upkeep\n|turn|21\n|inactive|Laroxyl has 25 seconds left this turn.\n|inactive|Laroxyl has 20 seconds left.\n|\n|t:|1774197570\n|move|p2a: Chansey|Ice Beam|p1a: Tauros\n|-damage|p1a: Tauros|73/100 par\n|cant|p1a: Tauros|par\n|\n|upkeep\n|turn|22\n|inactive|Laroxyl has 30 seconds left this turn.\n|\n|t:|1774197574\n|switch|p2a: Snorlax|Snorlax|48/100\n|cant|p1a: Tauros|par\n|\n|upkeep\n|turn|23\n|inactive|Laroxyl has 30 seconds left.\n|inactive|Laroxyl has 20 seconds left.\n|\n|t:|1774197599\n|switch|p1a: Exeggutor|Exeggutor|100/100 par\n|move|p2a: Snorlax|Body Slam|p1a: Exeggutor\n|-damage|p1a: Exeggutor|69/100 par\n|\n|upkeep\n|turn|24\n|inactive|Laroxyl has 30 seconds left this turn.\n|inactive|Laroxyl has 20 seconds left.\n|inactive|Laroxyl has 15 seconds left.\n|\n|t:|1774197615\n|switch|p2a: Starmie|Starmie|58/100 par\n|move|p1a: Exeggutor|Psychic|p2a: Starmie\n|-resisted|p2a: Starmie\n|-damage|p2a: Starmie|39/100 par\n|\n|upkeep\n|turn|25\n|inactive|Laroxyl has 25 seconds left this turn.\n|inactive|Laroxyl has 20 seconds left.\n|inactive|Laroxyl has 15 seconds left.\n|\n|t:|1774197625\n|move|p2a: Starmie|Recover|p2a: Starmie\n|-heal|p2a: Starmie|89/100 par\n|move|p1a: Exeggutor|Explosion|p2a: Starmie\n|-damage|p2a: Starmie|4/100 par\n|faint|p1a: Exeggutor\n|inactive|Laroxyl has 20 seconds left this turn.\n|inactive|Laroxyl has 15 seconds left.\n|inactive|Laroxyl has 10 seconds left.\n|inactive|Laroxyl has 5 seconds left.\n|\n|t:|1774197641\n|switch|p1a: Persian|Persian|100/100\n|turn|26\n|inactive|Laroxyl has 15 seconds left this turn.\n|inactive|Laroxyl has 10 seconds left.\n|inactive|Sceptross has 210 seconds left.\n|inactive|Sceptross has 180 seconds left.\n|inactive|Sceptross has 150 seconds left.\n|\n|t:|1774197748\n|move|p1a: Persian|Slash|p2a: Starmie\n|-crit|p2a: Starmie\n|-damage|p2a: Starmie|0 fnt\n|faint|p2a: Starmie\n|\n|t:|1774197751\n|switch|p2a: Chansey|Chansey|100/100\n|turn|27\n|inactive|Laroxyl has 25 seconds left this turn.\n|inactive|Laroxyl has 20 seconds left.\n|inactive|Laroxyl has 15 seconds left.\n|inactive|Laroxyl has 10 seconds left.\n|inactive|Laroxyl has 5 seconds left.\n|\n|t:|1774197771\n|switch|p1a: Tauros|Tauros|73/100 par\n|move|p2a: Chansey|Thunder Wave|p1a: Tauros\n|-fail|p1a: Tauros|par\n|\n|upkeep\n|turn|28\n|inactive|Laroxyl has 15 seconds left this turn.\n|inactive|Laroxyl has 10 seconds left.\n|inactive|Sceptross has 150 seconds left.\n|\n|t:|1774197783\n|switch|p2a: Snorlax|Snorlax|48/100\n|cant|p1a: Tauros|par\n|\n|upkeep\n|turn|29\n|inactive|Laroxyl has 20 seconds left this turn.\n|inactive|Laroxyl has 15 seconds left.\n|inactive|Laroxyl has 10 seconds left.\n|\n|t:|1774197798\n|move|p2a: Snorlax|Body Slam|p1a: Tauros\n|-damage|p1a: Tauros|44/100 par\n|move|p1a: Tauros|Body Slam|p2a: Snorlax\n|-damage|p2a: Snorlax|25/100\n|\n|upkeep\n|turn|30\n|inactive|Laroxyl has 20 seconds left this turn.\n|inactive|Laroxyl has 15 seconds left.\n|inactive|Laroxyl has 10 seconds left.\n|inactive|Laroxyl has 5 seconds left.\n|inactive|Sceptross has 150 seconds left.\n|inactive|Sceptross has 120 seconds left.\n|\n|t:|1774197866\n|move|p2a: Snorlax|Self-Destruct|p1a: Tauros\n|-damage|p1a: Tauros|0 fnt\n|faint|p1a: Tauros\n|faint|p2a: Snorlax\n|inactive|Laroxyl has 10 seconds left this turn.\n|inactive|Laroxyl has 5 seconds left.\n|\n|t:|1774197877\n|switch|p2a: Rhydon|Rhydon|100/100\n|switch|p1a: Snorlax|Snorlax|76/100\n|turn|31\n|inactive|Laroxyl has 15 seconds left this turn.\n|inactive|Laroxyl has 10 seconds left.\n|\n|t:|1774197886\n|move|p2a: Rhydon|Earthquake|p1a: Snorlax\n|-damage|p1a: Snorlax|43/100\n|move|p1a: Snorlax|Earthquake|p2a: Rhydon\n|-supereffective|p2a: Rhydon\n|-damage|p2a: Rhydon|65/100\n|\n|upkeep\n|turn|32\n|inactive|Laroxyl has 20 seconds left this turn.\n|inactive|Laroxyl has 15 seconds left.\n|\n|t:|1774197897\n|switch|p1a: Persian|Persian|100/100\n|move|p2a: Rhydon|Earthquake|p1a: Persian\n|-damage|p1a: Persian|41/100\n|\n|upkeep\n|turn|33\n|inactive|Laroxyl has 25 seconds left this turn.\n|inactive|Laroxyl has 20 seconds left.\n|inactive|Laroxyl has 15 seconds left.\n|\n|t:|1774197921\n|switch|p2a: Chansey|Chansey|100/100\n|move|p1a: Persian|Bubble Beam|p2a: Chansey\n|-damage|p2a: Chansey|95/100\n|-unboost|p2a: Chansey|spe|1\n|\n|upkeep\n|turn|34\n|inactive|Laroxyl has 25 seconds left this turn.\n|inactive|Laroxyl has 20 seconds left.\n|inactive|Laroxyl has 15 seconds left.\n|\n|t:|1774197932\n|switch|p1a: Snorlax|Snorlax|43/100\n|move|p2a: Chansey|Thunder Wave|p1a: Snorlax\n|-status|p1a: Snorlax|par\n|\n|upkeep\n|turn|35\n|inactive|Laroxyl has 25 seconds left this turn.\n|inactive|Laroxyl has 20 seconds left.\n|inactive|Laroxyl has 15 seconds left.\n|\n|t:|1774197943\n|switch|p2a: Rhydon|Rhydon|65/100\n|cant|p1a: Snorlax|par\n|\n|upkeep\n|turn|36\n|inactive|Laroxyl has 25 seconds left this turn.\n|inactive|Laroxyl has 20 seconds left.\n|inactive|Laroxyl has 15 seconds left.\n|\n|t:|1774197956\n|move|p2a: Rhydon|Earthquake|p1a: Snorlax\n|-damage|p1a: Snorlax|9/100 par\n|move|p1a: Snorlax|Earthquake|p2a: Rhydon\n|-supereffective|p2a: Rhydon\n|-damage|p2a: Rhydon|31/100\n|\n|upkeep\n|turn|37\n|inactive|Laroxyl has 25 seconds left this turn.\n|inactive|Laroxyl has 20 seconds left.\n|inactive|Laroxyl has 15 seconds left.\n|\n|t:|1774197966\n|move|p2a: Rhydon|Body Slam|p1a: Snorlax\n|-damage|p1a: Snorlax|0 fnt\n|faint|p1a: Snorlax\n|inactive|Laroxyl has 20 seconds left this turn.\n|inactive|Laroxyl has 15 seconds left.\n|inactive|Laroxyl has 10 seconds left.\n|\n|t:|1774197979\n|switch|p1a: Alakazam|Alakazam|100/100\n|turn|38\n|inactive|Laroxyl has 20 seconds left this turn.\n|\n|t:|1774197987\n|switch|p2a: Chansey|Chansey|95/100\n|move|p1a: Alakazam|Psychic|p2a: Chansey\n|-damage|p2a: Chansey|77/100\n|-unboost|p2a: Chansey|spa|1\n|-unboost|p2a: Chansey|spd|1\n|\n|upkeep\n|turn|39\n|inactive|Laroxyl has 30 seconds left this turn.\n|\n|t:|1774197995\n|move|p1a: Alakazam|Thunder Wave|p2a: Chansey\n|-status|p2a: Chansey|par\n|move|p2a: Chansey|Thunder Wave|p1a: Alakazam\n|-status|p1a: Alakazam|par\n|\n|upkeep\n|turn|40\n|inactive|Sceptross has 120 seconds left.\n|\n|t:|1774198017\n|move|p1a: Alakazam|Psychic|p2a: Chansey\n|-damage|p2a: Chansey|50/100 par\n|move|p2a: Chansey|Soft-Boiled|p2a: Chansey\n|-heal|p2a: Chansey|99/100 par\n|\n|upkeep\n|turn|41\n|\n|t:|1774198024\n|cant|p1a: Alakazam|par\n|move|p2a: Chansey|Ice Beam|p1a: Alakazam\n|-damage|p1a: Alakazam|88/100 par\n|\n|upkeep\n|turn|42\n|inactive|Sceptross has 120 seconds left.\n|\n|t:|1774198050\n|move|p1a: Alakazam|Psychic|p2a: Chansey\n|-damage|p2a: Chansey|71/100 par\n|move|p2a: Chansey|Ice Beam|p1a: Alakazam\n|-damage|p1a: Alakazam|74/100 par\n|\n|upkeep\n|turn|43\n|inactive|Laroxyl has 60 seconds left.\n|\n|t:|1774198063\n|move|p1a: Alakazam|Recover|p1a: Alakazam\n|-heal|p1a: Alakazam|100/100 par\n|move|p2a: Chansey|Soft-Boiled|p2a: Chansey\n|-heal|p2a: Chansey|100/100 par\n|\n|upkeep\n|turn|44\n|\n|t:|1774198066\n|cant|p1a: Alakazam|par\n|move|p2a: Chansey|Ice Beam|p1a: Alakazam\n|-crit|p1a: Alakazam\n|-damage|p1a: Alakazam|64/100 par\n|\n|upkeep\n|turn|45\n|inactive|Laroxyl has 60 seconds left.\n|inactive|Sceptross has 120 seconds left.\n|\n|t:|1774198111\n|move|p1a: Alakazam|Psychic|p2a: Chansey\n|-damage|p2a: Chansey|71/100 par\n|move|p2a: Chansey|Ice Beam|p1a: Alakazam\n|-damage|p1a: Alakazam|51/100 par\n|\n|upkeep\n|turn|46\n|inactive|Laroxyl has 30 seconds left.\n|\n|t:|1774198127\n|switch|p2a: Rhydon|Rhydon|31/100\n|move|p1a: Alakazam|Recover|p1a: Alakazam\n|-heal|p1a: Alakazam|100/100 par\n|\n|upkeep\n|turn|47\n|inactive|Sceptross has 90 seconds left.\n|inactive|Sceptross has 60 seconds left.\n|\n|t:|1774198190\n|move|p2a: Rhydon|Substitute|p2a: Rhydon\n|-start|p2a: Rhydon|Substitute\n|-damage|p2a: Rhydon|6/100\n|move|p1a: Alakazam|Psychic|p2a: Rhydon\n|-end|p2a: Rhydon|Substitute\n|\n|upkeep\n|turn|48\n|inactive|Laroxyl has 30 seconds left.\n|inactive|Laroxyl has 20 seconds left.\n|inactive|Laroxyl has 15 seconds left.\n|inactive|Laroxyl has 10 seconds left.\n|inactive|Laroxyl has 5 seconds left.\n|\n|t:|1774198231\n|move|p2a: Rhydon|Rock Slide|p1a: Alakazam\n|-crit|p1a: Alakazam\n|-damage|p1a: Alakazam|0 fnt\n|faint|p1a: Alakazam\n|inactive|Laroxyl has 10 seconds left this turn.\n|inactive|Laroxyl has 5 seconds left.\n|\n|t:|1774198238\n|switch|p1a: Zapdos|Zapdos|100/100\n|turn|49\n|inactive|Laroxyl has 15 seconds left this turn.\n|inactive|Sceptross has 30 seconds left.\n|inactive|Sceptross has 20 seconds left.\n|inactive|Sceptross has 15 seconds left.\n|\n|t:|1774198285\n|move|p1a: Zapdos|Drill Peck|p2a: Rhydon\n|-resisted|p2a: Rhydon\n|-damage|p2a: Rhydon|0 fnt\n|faint|p2a: Rhydon\n|inactive|Sceptross has 20 seconds left this turn.\n|inactive|Sceptross has 15 seconds left.\n|\n|t:|1774198292\n|switch|p2a: Chansey|Chansey|71/100 par\n|turn|50\n|inactive|Laroxyl has 30 seconds left this turn.\n|inactive|Sceptross has 25 seconds left this turn.\n|\n|t:|1774198296\n|move|p1a: Zapdos|Drill Peck|p2a: Chansey\n|-damage|p2a: Chansey|39/100 par\n|move|p2a: Chansey|Thunder Wave|p1a: Zapdos\n|-status|p1a: Zapdos|par\n|\n|upkeep\n|turn|51\n|inactive|Sceptross has 30 seconds left.\n|\n|t:|1774198304\n|move|p1a: Zapdos|Agility|p1a: Zapdos\n|-boost|p1a: Zapdos|spe|2\n|move|p2a: Chansey|Ice Beam|p1a: Zapdos\n|-supereffective|p1a: Zapdos\n|-damage|p1a: Zapdos|66/100 par\n|\n|upkeep\n|turn|52\n|\n|t:|1774198311\n|move|p1a: Zapdos|Drill Peck|p2a: Chansey\n|-damage|p2a: Chansey|2/100 par\n|move|p2a: Chansey|Ice Beam|p1a: Zapdos\n|-supereffective|p1a: Zapdos\n|-damage|p1a: Zapdos|32/100 par\n|\n|upkeep\n|turn|53\n|\n|t:|1774198318\n|move|p1a: Zapdos|Drill Peck|p2a: Chansey\n|-crit|p2a: Chansey\n|-damage|p2a: Chansey|0 fnt\n|faint|p2a: Chansey\n|\n|t:|1774198321\n|switch|p2a: Tauros|Tauros|100/100\n|turn|54\n|inactive|Laroxyl has 60 seconds left.\n|\n|t:|1774198327\n|move|p1a: Zapdos|Thunderbolt|p2a: Tauros\n|-crit|p2a: Tauros\n|-damage|p2a: Tauros|9/100\n|move|p2a: Tauros|Hyper Beam|p1a: Zapdos\n|-crit|p1a: Zapdos\n|-damage|p1a: Zapdos|0 fnt\n|faint|p1a: Zapdos\n|\n|t:|1774198329\n|switch|p1a: Persian|Persian|41/100\n|turn|55\n|\n|t:|1774198335\n|move|p1a: Persian|Body Slam|p2a: Tauros\n|-damage|p2a: Tauros|0 fnt\n|faint|p2a: Tauros\n|\n|win|Laroxyl\n|c|☆Laroxyl|gg\n|c|☆Sceptross|gg\n|player|p1|\n","uploadtime":1774198335,"views":"956","formatid":"gen1ou","rating":null,"private":0,"password":null}