{"id":"smogtours-gen1ou-947866","format":"[Gen 1] OU","players":["Abucketofchubs","Charmflash"],"log":"|inactive|Battle timer is ON: inactive players will automatically lose when time's up.\n|t:|1781830854\n|gametype|singles\n|player|p1|Abucketofchubs|youngster-gen4dp|\n|player|p2|Charmflash|#splxviiraiders|\n|gen|1\n|tier|[Gen 1] OU\n|rule|Desync Clause Mod: Desyncs changed to move failure.\n|rule|HP Percentage Mod: HP is shown in percentages\n|rule|Endless Battle Clause: Forcing endless battles is banned\n|rule|Sleep Clause Mod: Limit one foe put to sleep\n|rule|Freeze Clause Mod: Limit one foe frozen\n|rule|Species Clause: Limit one of each Pokémon\n|rule|OHKO Clause: OHKO moves are banned\n|rule|Evasion Moves Clause: Evasion moves are banned\n|\n|t:|1781830854\n|teamsize|p1|6\n|teamsize|p2|6\n|start\n|switch|p1a: Alakazam|Alakazam|100/100\n|switch|p2a: Gengar|Gengar|100/100\n|turn|1\n|c|☆Charmflash|hf\n|\n|t:|1781830859\n|switch|p1a: Exeggutor|Exeggutor|100/100\n|switch|p2a: Chansey|Chansey|100/100\n|\n|upkeep\n|turn|2\n|\n|t:|1781830871\n|switch|p2a: Gengar|Gengar|100/100\n|move|p1a: Exeggutor|Psychic|p2a: Gengar\n|-supereffective|p2a: Gengar\n|-damage|p2a: Gengar|36/100\n|\n|upkeep\n|turn|3\n|\n|t:|1781830877\n|move|p2a: Gengar|Hypnosis|p1a: Exeggutor\n|-status|p1a: Exeggutor|slp|[from] move: Hypnosis\n|cant|p1a: Exeggutor|slp\n|\n|upkeep\n|turn|4\n|\n|t:|1781830898\n|switch|p1a: Alakazam|Alakazam|100/100\n|move|p2a: Gengar|Night Shade|p1a: Alakazam\n|-damage|p1a: Alakazam|69/100\n|\n|upkeep\n|turn|5\n|\n|t:|1781830908\n|switch|p1a: Chansey|Chansey|100/100\n|switch|p2a: Chansey|Chansey|100/100\n|\n|upkeep\n|turn|6\n|\n|t:|1781830915\n|switch|p2a: Gengar|Gengar|36/100\n|move|p1a: Chansey|Seismic Toss|p2a: Gengar\n|-damage|p2a: Gengar|5/100\n|\n|upkeep\n|turn|7\n|inactive|Charmflash has 270 seconds left.\n|inactive|Abucketofchubs has 270 seconds left.\n|\n|t:|1781830956\n|switch|p2a: Starmie|Starmie|100/100\n|move|p1a: Chansey|Sing|p2a: Starmie\n|-status|p2a: Starmie|slp|[from] move: Sing\n|\n|upkeep\n|turn|8\n|inactive|Abucketofchubs has 270 seconds left.\n|inactive|Abucketofchubs has 240 seconds left.\n|\n|t:|1781830996\n|switch|p1a: Tauros|Tauros|100/100\n|cant|p2a: Starmie|slp\n|\n|upkeep\n|turn|9\n|\n|t:|1781831002\n|cant|p2a: Starmie|slp\n|move|p1a: Tauros|Body Slam|p2a: Starmie\n|-damage|p2a: Starmie|64/100 slp\n|\n|upkeep\n|turn|10\n|\n|t:|1781831015\n|switch|p2a: Snorlax|Snorlax|100/100\n|move|p1a: Tauros|Body Slam|p2a: Snorlax\n|-damage|p2a: Snorlax|74/100\n|\n|upkeep\n|turn|11\n|inactive|Abucketofchubs has 240 seconds left.\n|\n|t:|1781831041\n|move|p1a: Tauros|Body Slam|p2a: Snorlax\n|-damage|p2a: Snorlax|50/100\n|move|p2a: Snorlax|Ice Beam|p1a: Tauros\n|-damage|p1a: Tauros|81/100\n|\n|upkeep\n|turn|12\n|inactive|Abucketofchubs has 240 seconds left.\n|\n|t:|1781831051\n|move|p1a: Tauros|Body Slam|p2a: Snorlax\n|-damage|p2a: Snorlax|27/100\n|move|p2a: Snorlax|Reflect|p2a: Snorlax\n|-start|p2a: Snorlax|Reflect\n|\n|upkeep\n|turn|13\n|inactive|Abucketofchubs has 240 seconds left.\n|\n|t:|1781831070\n|switch|p1a: Starmie|Starmie|100/100\n|move|p2a: Snorlax|Rest|p2a: Snorlax\n|-status|p2a: Snorlax|slp|[from] move: Rest\n|-heal|p2a: Snorlax|100/100 slp|[silent]\n|\n|upkeep\n|turn|14\n|\n|t:|1781831077\n|switch|p2a: Chansey|Chansey|100/100\n|move|p1a: Starmie|Surf|p2a: Chansey\n|-damage|p2a: Chansey|85/100\n|\n|upkeep\n|turn|15\n|inactive|Abucketofchubs has 240 seconds left.\n|\n|t:|1781831102\n|move|p1a: Starmie|Thunder Wave|p2a: Chansey\n|-status|p2a: Chansey|par\n|move|p2a: Chansey|Thunder Wave|p1a: Starmie\n|-status|p1a: Starmie|par\n|\n|upkeep\n|turn|16\n|\n|t:|1781831110\n|switch|p1a: Snorlax|Snorlax|100/100\n|move|p2a: Chansey|Seismic Toss|p1a: Snorlax\n|-damage|p1a: Snorlax|81/100\n|\n|upkeep\n|turn|17\n|inactive|Abucketofchubs has 240 seconds left.\n|\n|t:|1781831134\n|move|p1a: Snorlax|Self-Destruct|p2a: Chansey\n|-damage|p2a: Chansey|0 fnt\n|faint|p2a: Chansey\n|faint|p1a: Snorlax\n|inactive|Abucketofchubs has 240 seconds left.\n|inactive|Abucketofchubs has 210 seconds left.\n|\n|t:|1781831178\n|switch|p1a: Chansey|Chansey|100/100\n|switch|p2a: Tauros|Tauros|100/100\n|turn|18\n|inactive|Abucketofchubs has 210 seconds left.\n|\n|t:|1781831194\n|switch|p2a: Snorlax|Snorlax|100/100 slp\n|move|p1a: Chansey|Thunder Wave|p2a: Snorlax\n|-fail|p2a: Snorlax\n|\n|upkeep\n|turn|19\n|\n|t:|1781831197\n|switch|p1a: Tauros|Tauros|81/100\n|cant|p2a: Snorlax|slp\n|\n|upkeep\n|turn|20\n|\n|t:|1781831200\n|move|p1a: Tauros|Body Slam|p2a: Snorlax\n|-damage|p2a: Snorlax|75/100 slp\n|-curestatus|p2a: Snorlax|slp|[msg]\n|\n|upkeep\n|turn|21\n|\n|t:|1781831211\n|move|p1a: Tauros|Body Slam|p2a: Snorlax\n|-crit|p2a: Snorlax\n|-damage|p2a: Snorlax|30/100\n|move|p2a: Snorlax|Body Slam|p1a: Tauros\n|-damage|p1a: Tauros|51/100\n|\n|upkeep\n|turn|22\n|\n|t:|1781831222\n|switch|p2a: Gengar|Gengar|5/100\n|move|p1a: Tauros|Earthquake|p2a: Gengar\n|-supereffective|p2a: Gengar\n|-damage|p2a: Gengar|0 fnt\n|faint|p2a: Gengar\n|\n|t:|1781831227\n|switch|p2a: Tauros|Tauros|100/100\n|turn|23\n|inactive|Abucketofchubs has 240 seconds left.\n|\n|t:|1781831248\n|move|p1a: Tauros|Hyper Beam|p2a: Tauros\n|-damage|p2a: Tauros|53/100\n|-mustrecharge|p1a: Tauros\n|move|p2a: Tauros|Body Slam|p1a: Tauros\n|-damage|p1a: Tauros|23/100\n|\n|upkeep\n|turn|24\n|\n|t:|1781831254\n|move|p2a: Tauros|Body Slam|p1a: Tauros\n|-crit|p1a: Tauros\n|-damage|p1a: Tauros|0 fnt\n|faint|p1a: Tauros\n|\n|t:|1781831265\n|switch|p1a: Chansey|Chansey|100/100\n|turn|25\n|\n|t:|1781831285\n|move|p2a: Tauros|Body Slam|p1a: Chansey\n|-damage|p1a: Chansey|60/100\n|move|p1a: Chansey|Seismic Toss|p2a: Tauros\n|-damage|p2a: Tauros|24/100\n|\n|upkeep\n|turn|26\n|inactive|Charmflash has 270 seconds left.\n|\n|t:|1781831319\n|switch|p1a: Exeggutor|Exeggutor|100/100 slp\n|move|p2a: Tauros|Hyper Beam|p1a: Exeggutor|[miss]\n|-miss|p2a: Tauros\n|\n|upkeep\n|turn|27\n|\n|t:|1781831324\n|move|p2a: Tauros|Body Slam|p1a: Exeggutor\n|-crit|p1a: Exeggutor\n|-damage|p1a: Exeggutor|48/100 slp\n|cant|p1a: Exeggutor|slp\n|\n|upkeep\n|turn|28\n|inactive|Charmflash has 270 seconds left.\n|\n|t:|1781831342\n|switch|p2a: Zapdos|Zapdos|100/100\n|cant|p1a: Exeggutor|slp\n|\n|upkeep\n|turn|29\n|\n|t:|1781831350\n|switch|p1a: Alakazam|Alakazam|69/100\n|move|p2a: Zapdos|Agility|p2a: Zapdos\n|-boost|p2a: Zapdos|spe|2\n|\n|upkeep\n|turn|30\n|\n|t:|1781831356\n|move|p2a: Zapdos|Drill Peck|p1a: Alakazam\n|-damage|p1a: Alakazam|23/100\n|move|p1a: Alakazam|Thunder Wave|p2a: Zapdos\n|-status|p2a: Zapdos|par\n|\n|upkeep\n|turn|31\n|\n|t:|1781831366\n|move|p1a: Alakazam|Recover|p1a: Alakazam\n|-heal|p1a: Alakazam|73/100\n|move|p2a: Zapdos|Agility|p2a: Zapdos\n|-boost|p2a: Zapdos|spe|2\n|\n|upkeep\n|turn|32\n|\n|t:|1781831372\n|move|p2a: Zapdos|Drill Peck|p1a: Alakazam\n|-damage|p1a: Alakazam|28/100\n|move|p1a: Alakazam|Recover|p1a: Alakazam\n|-heal|p1a: Alakazam|77/100\n|\n|upkeep\n|turn|33\n|\n|t:|1781831376\n|cant|p2a: Zapdos|par\n|move|p1a: Alakazam|Psychic|p2a: Zapdos\n|-damage|p2a: Zapdos|73/100 par\n|-unboost|p2a: Zapdos|spa|1\n|-unboost|p2a: Zapdos|spd|1\n|\n|upkeep\n|turn|34\n|\n|t:|1781831381\n|move|p1a: Alakazam|Psychic|p2a: Zapdos\n|-damage|p2a: Zapdos|26/100 par\n|move|p2a: Zapdos|Drill Peck|p1a: Alakazam\n|-damage|p1a: Alakazam|31/100\n|\n|upkeep\n|turn|35\n|\n|t:|1781831390\n|move|p1a: Alakazam|Psychic|p2a: Zapdos\n|-damage|p2a: Zapdos|0 fnt\n|faint|p2a: Zapdos\n|\n|t:|1781831391\n|switch|p2a: Starmie|Starmie|64/100 slp\n|turn|36\n|\n|t:|1781831395\n|move|p1a: Alakazam|Seismic Toss|p2a: Starmie\n|-damage|p2a: Starmie|33/100 slp\n|cant|p2a: Starmie|slp\n|\n|upkeep\n|turn|37\n|\n|t:|1781831400\n|move|p1a: Alakazam|Psychic|p2a: Starmie\n|-resisted|p2a: Starmie\n|-damage|p2a: Starmie|13/100 slp\n|cant|p2a: Starmie|slp\n|\n|upkeep\n|turn|38\n|\n|t:|1781831403\n|move|p1a: Alakazam|Seismic Toss|p2a: Starmie\n|-damage|p2a: Starmie|0 fnt\n|faint|p2a: Starmie\n|\n|t:|1781831406\n|switch|p2a: Snorlax|Snorlax|30/100\n|turn|39\n|\n|t:|1781831430\n|move|p1a: Alakazam|Psychic|p2a: Snorlax\n|-damage|p2a: Snorlax|0 fnt\n|faint|p2a: Snorlax\n|\n|t:|1781831438\n|switch|p2a: Tauros|Tauros|24/100\n|turn|40\n|\n|t:|1781831440\n|move|p1a: Alakazam|Psychic|p2a: Tauros\n|-damage|p2a: Tauros|0 fnt\n|faint|p2a: Tauros\n|\n|win|Abucketofchubs\n|c|☆Charmflash|ggs\n|c|☆Abucketofchubs|ggs\n|player|p2|\n|c|☆Abucketofchubs|sorry for net\n","uploadtime":1781831440,"views":"85","formatid":"gen1ou","rating":null,"private":0,"password":null}