{"id":"smogtours-gen1ou-950679","format":"[Gen 1] OU","players":["TG2513","Soda Krys"],"log":"|inactive|Battle timer is ON: inactive players will automatically lose when time's up.\n|t:|1782580226\n|gametype|singles\n|player|p1|TG2513|brycenman|\n|player|p2|Soda Krys|gwynn|\n|gen|1\n|tier|[Gen 1] OU\n|rule|Desync Clause Mod: Desyncs changed to move failure.\n|rule|HP Percentage Mod: HP is shown in percentages\n|rule|Endless Battle Clause: Forcing endless battles is banned\n|rule|Sleep Clause Mod: Limit one foe put to sleep\n|rule|Freeze Clause Mod: Limit one foe frozen\n|rule|Species Clause: Limit one of each Pokémon\n|rule|OHKO Clause: OHKO moves are banned\n|rule|Evasion Moves Clause: Evasion moves are banned\n|\n|t:|1782580226\n|teamsize|p1|6\n|teamsize|p2|6\n|start\n|switch|p1a: Chansey|Chansey|100/100\n|switch|p2a: Tauros|Tauros|100/100\n|turn|1\n|\n|t:|1782580233\n|move|p2a: Tauros|Body Slam|p1a: Chansey\n|-crit|p1a: Chansey\n|-damage|p1a: Chansey|23/100\n|move|p1a: Chansey|Sing|p2a: Tauros|[miss]\n|-miss|p1a: Chansey\n|\n|upkeep\n|turn|2\n|\n|t:|1782580236\n|switch|p1a: Exeggutor|Exeggutor|100/100\n|move|p2a: Tauros|Body Slam|p1a: Exeggutor\n|-damage|p1a: Exeggutor|70/100\n|\n|upkeep\n|turn|3\n|\n|t:|1782580238\n|move|p2a: Tauros|Body Slam|p1a: Exeggutor\n|-damage|p1a: Exeggutor|42/100\n|move|p1a: Exeggutor|Sleep Powder|p2a: Tauros\n|-status|p2a: Tauros|slp|[from] move: Sleep Powder\n|\n|upkeep\n|turn|4\n|\n|t:|1782580240\n|cant|p2a: Tauros|slp\n|move|p1a: Exeggutor|Psychic|p2a: Tauros\n|-damage|p2a: Tauros|54/100 slp\n|\n|upkeep\n|turn|5\n|\n|t:|1782580243\n|switch|p2a: Chansey|Chansey|100/100\n|switch|p1a: Chansey|Chansey|23/100\n|\n|upkeep\n|turn|6\n|\n|t:|1782580246\n|move|p2a: Chansey|Sing|p1a: Chansey\n|-status|p1a: Chansey|slp|[from] move: Sing\n|cant|p1a: Chansey|slp\n|\n|upkeep\n|turn|7\n|\n|t:|1782580256\n|switch|p1a: Snorlax|Snorlax|100/100\n|switch|p2a: Lapras|Lapras|100/100\n|\n|upkeep\n|turn|8\n|\n|t:|1782580261\n|switch|p1a: Starmie|Starmie|100/100\n|move|p2a: Lapras|Confuse Ray|p1a: Starmie\n|-start|p1a: Starmie|confusion\n|\n|upkeep\n|turn|9\n|\n|t:|1782580267\n|switch|p2a: Chansey|Chansey|100/100\n|-activate|p1a: Starmie|confusion\n|move|p1a: Starmie|Psychic|p2a: Chansey\n|-crit|p2a: Chansey\n|-damage|p2a: Chansey|70/100\n|\n|upkeep\n|turn|10\n|\n|t:|1782580274\n|switch|p1a: Snorlax|Snorlax|100/100\n|move|p2a: Chansey|Thunder Wave|p1a: Snorlax\n|-status|p1a: Snorlax|par\n|\n|upkeep\n|turn|11\n|\n|t:|1782580278\n|switch|p2a: Snorlax|Snorlax|100/100\n|move|p1a: Snorlax|Ice Beam|p2a: Snorlax\n|-damage|p2a: Snorlax|85/100\n|\n|upkeep\n|turn|12\n|\n|t:|1782580280\n|move|p2a: Snorlax|Body Slam|p1a: Snorlax\n|-damage|p1a: Snorlax|75/100 par\n|cant|p1a: Snorlax|par\n|\n|upkeep\n|turn|13\n|\n|t:|1782580283\n|move|p2a: Snorlax|Body Slam|p1a: Snorlax\n|-damage|p1a: Snorlax|47/100 par\n|cant|p1a: Snorlax|par\n|\n|upkeep\n|turn|14\n|c|☆TG2513|can u do\n|c|☆TG2513|fucking anything\n|\n|t:|1782580297\n|move|p2a: Snorlax|Body Slam|p1a: Snorlax\n|-damage|p1a: Snorlax|19/100 par\n|move|p1a: Snorlax|Rest|p1a: Snorlax\n|-status|p1a: Snorlax|slp|[from] move: Rest\n|-heal|p1a: Snorlax|100/100 slp|[silent]\n|\n|upkeep\n|turn|15\n|\n|t:|1782580302\n|switch|p1a: Exeggutor|Exeggutor|42/100\n|move|p2a: Snorlax|Body Slam|p1a: Exeggutor\n|-damage|p1a: Exeggutor|13/100\n|\n|upkeep\n|turn|16\n|\n|t:|1782580309\n|move|p1a: Exeggutor|Explosion|p2a: Snorlax\n|-crit|p2a: Snorlax\n|-damage|p2a: Snorlax|0 fnt\n|faint|p2a: Snorlax\n|faint|p1a: Exeggutor\n|\n|t:|1782580316\n|switch|p1a: Starmie|Starmie|100/100\n|switch|p2a: Chansey|Chansey|70/100\n|turn|17\n|\n|t:|1782580318\n|move|p1a: Starmie|Thunder Wave|p2a: Chansey\n|-status|p2a: Chansey|par\n|move|p2a: Chansey|Thunder Wave|p1a: Starmie\n|-status|p1a: Starmie|par\n|\n|upkeep\n|turn|18\n|\n|t:|1782580323\n|cant|p1a: Starmie|par\n|move|p2a: Chansey|Soft-Boiled|p2a: Chansey\n|-heal|p2a: Chansey|100/100 par\n|\n|upkeep\n|turn|19\n|\n|t:|1782580325\n|switch|p1a: Rhydon|Rhydon|100/100\n|move|p2a: Chansey|Seismic Toss|p1a: Rhydon\n|-damage|p1a: Rhydon|76/100\n|\n|upkeep\n|turn|20\n|\n|t:|1782580329\n|move|p1a: Rhydon|Substitute|p1a: Rhydon\n|-start|p1a: Rhydon|Substitute\n|-damage|p1a: Rhydon|51/100\n|cant|p2a: Chansey|par\n|\n|upkeep\n|turn|21\n|\n|t:|1782580331\n|move|p1a: Rhydon|Earthquake|p2a: Chansey\n|-damage|p2a: Chansey|44/100 par\n|cant|p2a: Chansey|par\n|\n|upkeep\n|turn|22\n|\n|t:|1782580335\n|switch|p2a: Starmie|Starmie|100/100\n|move|p1a: Rhydon|Earthquake|p2a: Starmie\n|-damage|p2a: Starmie|48/100\n|\n|upkeep\n|turn|23\n|\n|t:|1782580339\n|move|p2a: Starmie|Recover|p2a: Starmie\n|-heal|p2a: Starmie|98/100\n|move|p1a: Rhydon|Earthquake|p2a: Starmie\n|-crit|p2a: Starmie\n|-damage|p2a: Starmie|3/100\n|\n|upkeep\n|turn|24\n|\n|t:|1782580342\n|move|p2a: Starmie|Recover|p2a: Starmie\n|-heal|p2a: Starmie|53/100\n|move|p1a: Rhydon|Earthquake|p2a: Starmie\n|-damage|p2a: Starmie|8/100\n|\n|upkeep\n|turn|25\n|\n|t:|1782580344\n|move|p2a: Starmie|Recover|p2a: Starmie\n|-heal|p2a: Starmie|57/100\n|move|p1a: Rhydon|Earthquake|p2a: Starmie\n|-damage|p2a: Starmie|5/100\n|\n|upkeep\n|turn|26\n|\n|t:|1782580346\n|move|p2a: Starmie|Recover|p2a: Starmie\n|-heal|p2a: Starmie|55/100\n|move|p1a: Rhydon|Earthquake|p2a: Starmie\n|-damage|p2a: Starmie|8/100\n|\n|upkeep\n|turn|27\n|\n|t:|1782580347\n|move|p2a: Starmie|Recover|p2a: Starmie\n|-heal|p2a: Starmie|58/100\n|move|p1a: Rhydon|Earthquake|p2a: Starmie\n|-damage|p2a: Starmie|9/100\n|\n|upkeep\n|turn|28\n|\n|t:|1782580349\n|move|p2a: Starmie|Recover|p2a: Starmie\n|-heal|p2a: Starmie|58/100\n|move|p1a: Rhydon|Body Slam|p2a: Starmie\n|-damage|p2a: Starmie|32/100\n|-status|p2a: Starmie|par\n|\n|upkeep\n|turn|29\n|\n|t:|1782580351\n|move|p1a: Rhydon|Earthquake|p2a: Starmie\n|-damage|p2a: Starmie|0 fnt\n|faint|p2a: Starmie\n|\n|t:|1782580352\n|switch|p2a: Lapras|Lapras|100/100\n|turn|30\n|\n|t:|1782580357\n|move|p2a: Lapras|Blizzard|p1a: Rhydon\n|-supereffective|p1a: Rhydon\n|-end|p1a: Rhydon|Substitute\n|move|p1a: Rhydon|Rock Slide|p2a: Lapras\n|-supereffective|p2a: Lapras\n|-damage|p2a: Lapras|47/100\n|\n|upkeep\n|turn|31\n|\n|t:|1782580361\n|switch|p1a: Starmie|Starmie|100/100 par\n|move|p2a: Lapras|Confuse Ray|p1a: Starmie\n|-start|p1a: Starmie|confusion\n|\n|upkeep\n|turn|32\n|\n|t:|1782580371\n|move|p2a: Lapras|Thunderbolt|p1a: Starmie\n|-supereffective|p1a: Starmie\n|-damage|p1a: Starmie|58/100 par\n|-activate|p1a: Starmie|confusion\n|-damage|p1a: Starmie|48/100 par|[from] confusion\n|\n|upkeep\n|turn|33\n|\n|t:|1782580377\n|switch|p1a: Tauros|Tauros|100/100\n|move|p2a: Lapras|Thunderbolt|p1a: Tauros\n|-damage|p1a: Tauros|76/100\n|\n|upkeep\n|turn|34\n|\n|t:|1782580381\n|move|p1a: Tauros|Body Slam|p2a: Lapras\n|-damage|p2a: Lapras|23/100\n|move|p2a: Lapras|Blizzard|p1a: Tauros\n|-damage|p1a: Tauros|23/100\n|\n|upkeep\n|turn|35\n|\n|t:|1782580392\n|switch|p2a: Tauros|Tauros|54/100 slp\n|move|p1a: Tauros|Body Slam|p2a: Tauros\n|-damage|p2a: Tauros|27/100 slp\n|\n|upkeep\n|turn|36\n|\n|t:|1782580394\n|cant|p2a: Tauros|slp\n|move|p1a: Tauros|Body Slam|p2a: Tauros\n|-damage|p2a: Tauros|0 fnt\n|faint|p2a: Tauros\n|\n|t:|1782580396\n|switch|p2a: Golem|Golem|100/100\n|turn|37\n|\n|t:|1782580415\n|move|p1a: Tauros|Blizzard|p2a: Golem\n|-supereffective|p2a: Golem\n|-damage|p2a: Golem|37/100\n|move|p2a: Golem|Earthquake|p1a: Tauros\n|-damage|p1a: Tauros|0 fnt\n|faint|p1a: Tauros\n|\n|t:|1782580420\n|switch|p1a: Snorlax|Snorlax|100/100 slp\n|turn|38\n|\n|t:|1782580422\n|move|p2a: Golem|Earthquake|p1a: Snorlax\n|-damage|p1a: Snorlax|68/100 slp\n|cant|p1a: Snorlax|slp\n|\n|upkeep\n|turn|39\n|\n|t:|1782580425\n|switch|p2a: Lapras|Lapras|23/100\n|-curestatus|p1a: Snorlax|slp|[msg]\n|\n|upkeep\n|turn|40\n|\n|t:|1782580428\n|move|p2a: Lapras|Confuse Ray|p1a: Snorlax\n|-start|p1a: Snorlax|confusion\n|-activate|p1a: Snorlax|confusion\n|-damage|p1a: Snorlax|59/100|[from] confusion\n|\n|upkeep\n|turn|41\n|\n|t:|1782580431\n|move|p2a: Lapras|Blizzard|p1a: Snorlax\n|-damage|p1a: Snorlax|25/100\n|-end|p1a: Snorlax|confusion\n|move|p1a: Snorlax|Reflect|p1a: Snorlax\n|-start|p1a: Snorlax|Reflect\n|\n|upkeep\n|turn|42\n|\n|t:|1782580437\n|switch|p1a: Starmie|Starmie|48/100 par\n|move|p2a: Lapras|Blizzard|p1a: Starmie\n|-crit|p1a: Starmie\n|-resisted|p1a: Starmie\n|-damage|p1a: Starmie|10/100 par\n|\n|upkeep\n|turn|43\n|\n|t:|1782580441\n|move|p2a: Lapras|Thunderbolt|p1a: Starmie\n|-supereffective|p1a: Starmie\n|-damage|p1a: Starmie|0 fnt\n|faint|p1a: Starmie\n|\n|t:|1782580464\n|switch|p1a: Rhydon|Rhydon|51/100\n|turn|44\n|\n|t:|1782580467\n|move|p2a: Lapras|Blizzard|p1a: Rhydon\n|-supereffective|p1a: Rhydon\n|-damage|p1a: Rhydon|0 fnt\n|faint|p1a: Rhydon\n|\n|t:|1782580469\n|switch|p1a: Chansey|Chansey|23/100 slp\n|turn|45\n|\n|t:|1782580471\n|move|p2a: Lapras|Hyper Beam|p1a: Chansey\n|-damage|p1a: Chansey|0 fnt\n|faint|p1a: Chansey\n|\n|t:|1782580472\n|switch|p1a: Snorlax|Snorlax|25/100\n|turn|46\n|\n|t:|1782580478\n|move|p2a: Lapras|Blizzard|p1a: Snorlax\n|-damage|p1a: Snorlax|0 fnt\n|faint|p1a: Snorlax\n|\n|win|Soda Krys\n|c|☆Soda Krys|gg\n|player|p1|\n|c|☆Soda Krys|13-19\n","uploadtime":1782580478,"views":"64","formatid":"gen1ou","rating":null,"private":0,"password":null}