{"id":"smogtours-gen1ou-962474","format":"[Gen 1] OU","players":["violet river","squirtlntacloyster"],"log":"|inactive|Battle timer is ON: inactive players will automatically lose when time's up.\n|t:|1786240447\n|gametype|singles\n|player|p1|violet river|#advplvi|\n|player|p2|squirtlntacloyster|youngster-gen4dp|\n|gen|1\n|tier|[Gen 1] OU\n|rule|Desync Clause Mod: Desyncs resolve to link battle behavior from the acting player's perspective.\n|rule|HP Percentage Mod: HP is shown in percentages\n|rule|Endless Battle Clause: Forcing endless battles is banned\n|rule|Sleep Clause Mod: Limit one foe put to sleep\n|rule|Freeze Clause Mod: Limit one foe frozen\n|rule|Species Clause: Limit one of each Pokémon\n|rule|OHKO Clause: OHKO moves are banned\n|rule|Evasion Moves Clause: Evasion moves are banned\n|\n|t:|1786240447\n|teamsize|p1|6\n|teamsize|p2|6\n|start\n|switch|p1a: Gengar|Gengar|100/100\n|switch|p2a: Alakazam|Alakazam|100/100\n|turn|1\n|\n|t:|1786240455\n|switch|p2a: Exeggutor|Exeggutor|100/100\n|switch|p1a: Chansey|Chansey|100/100\n|\n|upkeep\n|turn|2\n|c|☆violet river|hf\n|\n|t:|1786240464\n|switch|p1a: Gengar|Gengar|100/100\n|move|p2a: Exeggutor|Stun Spore|p1a: Gengar\n|-status|p1a: Gengar|par\n|\n|upkeep\n|turn|3\n|\n|t:|1786240473\n|switch|p1a: Exeggutor|Exeggutor|100/100\n|move|p2a: Exeggutor|Psychic|p1a: Exeggutor\n|-resisted|p1a: Exeggutor\n|-damage|p1a: Exeggutor|88/100\n|\n|upkeep\n|turn|4\n|\n|t:|1786240477\n|move|p2a: Exeggutor|Sleep Powder|p1a: Exeggutor|[miss]\n|-miss|p2a: Exeggutor\n|move|p1a: Exeggutor|Explosion|p2a: Exeggutor\n|-damage|p2a: Exeggutor|30/100\n|faint|p1a: Exeggutor\n|\n|t:|1786240481\n|switch|p1a: Tauros|Tauros|100/100\n|turn|5\n|\n|t:|1786240489\n|switch|p2a: Snorlax|Snorlax|100/100\n|move|p1a: Tauros|Blizzard|p2a: Snorlax\n|-damage|p2a: Snorlax|80/100\n|\n|upkeep\n|turn|6\n|\n|t:|1786240496\n|move|p1a: Tauros|Body Slam|p2a: Snorlax\n|-damage|p2a: Snorlax|54/100\n|move|p2a: Snorlax|Body Slam|p1a: Tauros\n|-damage|p1a: Tauros|67/100\n|\n|upkeep\n|turn|7\n|\n|t:|1786240506\n|switch|p1a: Gengar|Gengar|100/100 par\n|switch|p2a: Exeggutor|Exeggutor|30/100\n|\n|upkeep\n|turn|8\n|\n|t:|1786240512\n|switch|p1a: Starmie|Starmie|100/100\n|move|p2a: Exeggutor|Psychic|p1a: Starmie\n|-resisted|p1a: Starmie\n|-damage|p1a: Starmie|83/100\n|\n|upkeep\n|turn|9\n|\n|t:|1786240518\n|switch|p1a: Chansey|Chansey|100/100\n|switch|p2a: Chansey|Chansey|100/100\n|\n|upkeep\n|turn|10\n|inactive|squirtlntacloyster has 270 seconds left.\n|\n|t:|1786240566\n|move|p2a: Chansey|Ice Beam|p1a: Chansey\n|-damage|p1a: Chansey|90/100\n|move|p1a: Chansey|Sing|p2a: Chansey\n|-status|p2a: Chansey|slp|[from] move: Sing\n|\n|upkeep\n|turn|11\n|inactive|violet river has 270 seconds left.\n|inactive|squirtlntacloyster has 240 seconds left.\n|\n|t:|1786240600\n|switch|p1a: Tauros|Tauros|67/100\n|switch|p2a: Lapras|Lapras|100/100\n|\n|upkeep\n|turn|12\n|\n|t:|1786240607\n|switch|p1a: Chansey|Chansey|90/100\n|move|p2a: Lapras|Sing|p1a: Chansey|[miss]\n|-miss|p2a: Lapras\n|\n|upkeep\n|turn|13\n|\n|t:|1786240611\n|move|p2a: Lapras|Sing|p1a: Chansey\n|-status|p1a: Chansey|slp|[from] move: Sing\n|-curestatus|p1a: Chansey|slp|[msg]\n|\n|upkeep\n|turn|14\n|\n|t:|1786240614\n|switch|p1a: Gengar|Gengar|100/100 par\n|move|p2a: Lapras|Sing|p1a: Gengar|[miss]\n|-miss|p2a: Lapras\n|\n|upkeep\n|turn|15\n|\n|t:|1786240619\n|switch|p2a: Exeggutor|Exeggutor|30/100\n|move|p1a: Gengar|Night Shade|p2a: Exeggutor\n|-damage|p2a: Exeggutor|5/100\n|\n|upkeep\n|turn|16\n|\n|t:|1786240623\n|move|p2a: Exeggutor|Psychic|p1a: Gengar\n|-supereffective|p1a: Gengar\n|-damage|p1a: Gengar|32/100 par\n|move|p1a: Gengar|Night Shade|p2a: Exeggutor\n|-damage|p2a: Exeggutor|0 fnt\n|faint|p2a: Exeggutor\n|\n|t:|1786240625\n|switch|p2a: Alakazam|Alakazam|100/100\n|turn|17\n|\n|t:|1786240630\n|switch|p1a: Chansey|Chansey|90/100\n|move|p2a: Alakazam|Psychic|p1a: Chansey\n|-damage|p1a: Chansey|73/100\n|-unboost|p1a: Chansey|spa|1\n|-unboost|p1a: Chansey|spd|1\n|\n|upkeep\n|turn|18\n|\n|t:|1786240645\n|switch|p2a: Lapras|Lapras|100/100\n|move|p1a: Chansey|Thunder Wave|p2a: Lapras\n|-status|p2a: Lapras|par\n|\n|upkeep\n|turn|19\n|\n|t:|1786240647\n|move|p1a: Chansey|Seismic Toss|p2a: Lapras\n|-damage|p2a: Lapras|79/100 par\n|cant|p2a: Lapras|par\n|\n|upkeep\n|turn|20\n|\n|t:|1786240650\n|switch|p1a: Gengar|Gengar|32/100 par\n|move|p2a: Lapras|Blizzard|p1a: Gengar\n|-crit|p1a: Gengar\n|-damage|p1a: Gengar|0 fnt\n|faint|p1a: Gengar\n|\n|t:|1786240653\n|switch|p1a: Starmie|Starmie|83/100\n|turn|21\n|\n|t:|1786240667\n|switch|p2a: Alakazam|Alakazam|100/100\n|move|p1a: Starmie|Thunderbolt|p2a: Alakazam\n|-damage|p2a: Alakazam|83/100\n|\n|upkeep\n|turn|22\n|\n|t:|1786240678\n|switch|p1a: Chansey|Chansey|73/100\n|move|p2a: Alakazam|Thunder Wave|p1a: Chansey\n|-status|p1a: Chansey|par\n|\n|upkeep\n|turn|23\n|\n|t:|1786240681\n|switch|p2a: Snorlax|Snorlax|54/100\n|move|p1a: Chansey|Seismic Toss|p2a: Snorlax\n|-damage|p2a: Snorlax|35/100\n|\n|upkeep\n|turn|24\n|\n|t:|1786240685\n|switch|p1a: Tauros|Tauros|67/100\n|move|p2a: Snorlax|Body Slam|p1a: Tauros\n|-damage|p1a: Tauros|37/100\n|\n|upkeep\n|turn|25\n|\n|t:|1786240695\n|switch|p2a: Chansey|Chansey|100/100 slp\n|move|p1a: Tauros|Body Slam|p2a: Chansey\n|-crit|p2a: Chansey\n|-damage|p2a: Chansey|23/100 slp\n|\n|upkeep\n|turn|26\n|\n|t:|1786240704\n|move|p1a: Tauros|Body Slam|p2a: Chansey\n|-damage|p2a: Chansey|0 fnt\n|faint|p2a: Chansey\n|\n|t:|1786240709\n|switch|p2a: Tauros|Tauros|100/100\n|turn|27\n|\n|t:|1786240711\n|switch|p1a: Snorlax|Snorlax|100/100\n|move|p2a: Tauros|Body Slam|p1a: Snorlax\n|-damage|p1a: Snorlax|78/100\n|\n|upkeep\n|turn|28\n|\n|t:|1786240715\n|move|p2a: Tauros|Body Slam|p1a: Snorlax\n|-damage|p1a: Snorlax|52/100\n|move|p1a: Snorlax|Body Slam|p2a: Tauros\n|-damage|p2a: Tauros|67/100\n|\n|upkeep\n|turn|29\n|\n|t:|1786240721\n|move|p2a: Tauros|Body Slam|p1a: Snorlax\n|-damage|p1a: Snorlax|26/100\n|move|p1a: Snorlax|Self-Destruct|p2a: Tauros\n|-damage|p2a: Tauros|0 fnt\n|faint|p2a: Tauros\n|faint|p1a: Snorlax\n|\n|t:|1786240732\n|switch|p2a: Alakazam|Alakazam|83/100\n|switch|p1a: Starmie|Starmie|83/100\n|turn|30\n|\n|t:|1786240738\n|switch|p1a: Chansey|Chansey|73/100 par\n|move|p2a: Alakazam|Psychic|p1a: Chansey\n|-damage|p1a: Chansey|53/100 par\n|\n|upkeep\n|turn|31\n|\n|t:|1786240743\n|switch|p2a: Snorlax|Snorlax|35/100\n|cant|p1a: Chansey|par\n|\n|upkeep\n|turn|32\n|\n|t:|1786240748\n|switch|p1a: Starmie|Starmie|83/100\n|move|p2a: Snorlax|Self-Destruct|p1a: Starmie\n|-damage|p1a: Starmie|0 fnt\n|faint|p1a: Starmie\n|faint|p2a: Snorlax\n|\n|t:|1786240762\n|switch|p1a: Chansey|Chansey|53/100 par\n|switch|p2a: Alakazam|Alakazam|83/100\n|turn|33\n|\n|t:|1786240771\n|move|p2a: Alakazam|Psychic|p1a: Chansey\n|-damage|p1a: Chansey|35/100 par\n|-unboost|p1a: Chansey|spa|1\n|-unboost|p1a: Chansey|spd|1\n|move|p1a: Chansey|Soft-Boiled|p1a: Chansey\n|-heal|p1a: Chansey|85/100 par\n|\n|upkeep\n|turn|34\n|\n|t:|1786240776\n|switch|p2a: Lapras|Lapras|79/100 par\n|move|p1a: Chansey|Sing|p2a: Lapras\n|-fail|p2a: Lapras\n|\n|upkeep\n|turn|35\n|\n|t:|1786240779\n|cant|p2a: Lapras|par\n|move|p1a: Chansey|Soft-Boiled|p1a: Chansey\n|-heal|p1a: Chansey|100/100 par\n|\n|upkeep\n|turn|36\n|\n|t:|1786240781\n|move|p2a: Lapras|Blizzard|p1a: Chansey\n|-damage|p1a: Chansey|69/100 par\n|move|p1a: Chansey|Seismic Toss|p2a: Lapras\n|-damage|p2a: Lapras|57/100 par\n|\n|upkeep\n|turn|37\n|\n|t:|1786240784\n|move|p2a: Lapras|Thunderbolt|p1a: Chansey\n|-damage|p1a: Chansey|54/100 par\n|move|p1a: Chansey|Soft-Boiled|p1a: Chansey\n|-heal|p1a: Chansey|100/100 par\n|\n|upkeep\n|turn|38\n|\n|t:|1786240787\n|cant|p2a: Lapras|par\n|move|p1a: Chansey|Seismic Toss|p2a: Lapras\n|-damage|p2a: Lapras|36/100 par\n|\n|upkeep\n|turn|39\n|\n|t:|1786240789\n|move|p2a: Lapras|Blizzard|p1a: Chansey\n|-damage|p1a: Chansey|73/100 par\n|move|p1a: Chansey|Seismic Toss|p2a: Lapras\n|-damage|p2a: Lapras|14/100 par\n|\n|upkeep\n|turn|40\n|\n|t:|1786240791\n|move|p2a: Lapras|Rest|p2a: Lapras\n|-status|p2a: Lapras|slp|[from] move: Rest\n|-heal|p2a: Lapras|100/100 slp|[silent]\n|move|p1a: Chansey|Soft-Boiled|p1a: Chansey\n|-heal|p1a: Chansey|100/100 par\n|\n|upkeep\n|turn|41\n|\n|t:|1786240798\n|cant|p2a: Lapras|slp\n|move|p1a: Chansey|Seismic Toss|p2a: Lapras\n|-damage|p2a: Lapras|79/100 slp\n|\n|upkeep\n|turn|42\n|\n|t:|1786240800\n|-curestatus|p2a: Lapras|slp|[msg]\n|move|p1a: Chansey|Sing|p2a: Lapras|[miss]\n|-miss|p1a: Chansey\n|\n|upkeep\n|turn|43\n|\n|t:|1786240803\n|move|p2a: Lapras|Blizzard|p1a: Chansey\n|-damage|p1a: Chansey|71/100 par\n|move|p1a: Chansey|Sing|p2a: Lapras\n|-status|p2a: Lapras|slp|[from] move: Sing\n|\n|upkeep\n|turn|44\n|\n|t:|1786240808\n|switch|p2a: Alakazam|Alakazam|83/100\n|cant|p1a: Chansey|par\n|\n|upkeep\n|turn|45\n|\n|t:|1786240811\n|move|p2a: Alakazam|Psychic|p1a: Chansey\n|-damage|p1a: Chansey|44/100 par\n|move|p1a: Chansey|Thunder Wave|p2a: Alakazam\n|-status|p2a: Alakazam|par\n|\n|upkeep\n|turn|46\n|\n|t:|1786240814\n|move|p2a: Alakazam|Recover|p2a: Alakazam\n|-heal|p2a: Alakazam|100/100 par\n|move|p1a: Chansey|Seismic Toss|p2a: Alakazam\n|-damage|p2a: Alakazam|69/100 par\n|\n|upkeep\n|turn|47\n|\n|t:|1786240819\n|move|p2a: Alakazam|Psychic|p1a: Chansey\n|-crit|p1a: Chansey\n|-damage|p1a: Chansey|11/100 par\n|-unboost|p1a: Chansey|spa|1\n|-unboost|p1a: Chansey|spd|1\n|move|p1a: Chansey|Soft-Boiled|p1a: Chansey\n|-heal|p1a: Chansey|61/100 par\n|\n|upkeep\n|turn|48\n|\n|t:|1786240822\n|cant|p2a: Alakazam|par\n|move|p1a: Chansey|Soft-Boiled|p1a: Chansey\n|-heal|p1a: Chansey|100/100 par\n|\n|upkeep\n|turn|49\n|\n|t:|1786240825\n|move|p2a: Alakazam|Recover|p2a: Alakazam\n|-heal|p2a: Alakazam|100/100 par\n|move|p1a: Chansey|Seismic Toss|p2a: Alakazam\n|-damage|p2a: Alakazam|69/100 par\n|\n|upkeep\n|turn|50\n|\n|t:|1786240827\n|cant|p2a: Alakazam|par\n|move|p1a: Chansey|Seismic Toss|p2a: Alakazam\n|-damage|p2a: Alakazam|37/100 par\n|\n|upkeep\n|turn|51\n|\n|t:|1786240830\n|switch|p1a: Tauros|Tauros|37/100\n|cant|p2a: Alakazam|par\n|\n|upkeep\n|turn|52\n|\n|t:|1786240838\n|move|p1a: Tauros|Body Slam|p2a: Alakazam\n|-damage|p2a: Alakazam|0 fnt\n|faint|p2a: Alakazam\n|\n|t:|1786240841\n|switch|p2a: Lapras|Lapras|79/100 slp\n|turn|53\n|\n|t:|1786240854\n|move|p1a: Tauros|Body Slam|p2a: Lapras\n|-damage|p2a: Lapras|52/100 slp\n|-curestatus|p2a: Lapras|slp|[msg]\n|\n|upkeep\n|turn|54\n|\n|t:|1786240859\n|switch|p1a: Chansey|Chansey|100/100 par\n|move|p2a: Lapras|Blizzard|p1a: Chansey\n|-damage|p1a: Chansey|82/100 par\n|\n|upkeep\n|turn|55\n|\n|t:|1786240862\n|move|p2a: Lapras|Rest|p2a: Lapras\n|-status|p2a: Lapras|slp|[from] move: Rest\n|-heal|p2a: Lapras|100/100 slp|[silent]\n|move|p1a: Chansey|Soft-Boiled|p1a: Chansey\n|-heal|p1a: Chansey|100/100 par\n|\n|upkeep\n|turn|56\n|\n|t:|1786240869\n|cant|p2a: Lapras|slp\n|cant|p1a: Chansey|par\n|\n|upkeep\n|turn|57\n|\n|t:|1786240871\n|-curestatus|p2a: Lapras|slp|[msg]\n|move|p1a: Chansey|Sing|p2a: Lapras\n|-status|p2a: Lapras|slp|[from] move: Sing\n|\n|upkeep\n|turn|58\n|\n|t:|1786240873\n|cant|p2a: Lapras|slp\n|cant|p1a: Chansey|par\n|\n|upkeep\n|turn|59\n|\n|t:|1786240874\n|cant|p2a: Lapras|slp\n|move|p1a: Chansey|Seismic Toss|p2a: Lapras\n|-damage|p2a: Lapras|79/100 slp\n|\n|upkeep\n|turn|60\n|\n|t:|1786240876\n|cant|p2a: Lapras|slp\n|move|p1a: Chansey|Seismic Toss|p2a: Lapras\n|-damage|p2a: Lapras|57/100 slp\n|\n|upkeep\n|turn|61\n|\n|t:|1786240878\n|-curestatus|p2a: Lapras|slp|[msg]\n|move|p1a: Chansey|Sing|p2a: Lapras\n|-status|p2a: Lapras|slp|[from] move: Sing\n|\n|upkeep\n|turn|62\n|\n|t:|1786240880\n|switch|p1a: Tauros|Tauros|37/100\n|cant|p2a: Lapras|slp\n|\n|upkeep\n|turn|63\n|\n|t:|1786240882\n|move|p1a: Tauros|Body Slam|p2a: Lapras\n|-damage|p2a: Lapras|30/100 slp\n|cant|p2a: Lapras|slp\n|\n|upkeep\n|turn|64\n|\n|t:|1786240886\n|move|p1a: Tauros|Body Slam|p2a: Lapras\n|-damage|p2a: Lapras|7/100 slp\n|cant|p2a: Lapras|slp\n|\n|upkeep\n|turn|65\n|\n|t:|1786240894\n|move|p1a: Tauros|Body Slam|p2a: Lapras\n|-damage|p2a: Lapras|0 fnt\n|faint|p2a: Lapras\n|\n|win|violet river\n|c|☆violet river|ggs\n|player|p2|\n","uploadtime":1786240894,"views":"94","formatid":"gen1ou","rating":null,"private":0,"password":null}