{"id":"smogtours-gen1ou-917805","format":"[Gen 1] OU","players":["Laroxyl","Serpi n_n"],"log":"|inactive|Battle timer is ON: inactive players will automatically lose when time's up.\n|t:|1773610551\n|gametype|singles\n|player|p1|Laroxyl|#splxviitigers2|\n|player|p2|Serpi n_n|#splxviibigs2|\n|gen|1\n|tier|[Gen 1] OU\n|rule|Desync Clause Mod: Desyncs changed to move failure.\n|rule|HP Percentage Mod: HP is shown in percentages\n|rule|Endless Battle Clause: Forcing endless battles is banned\n|rule|Sleep Clause Mod: Limit one foe put to sleep\n|rule|Freeze Clause Mod: Limit one foe frozen\n|rule|Species Clause: Limit one of each Pokémon\n|rule|OHKO Clause: OHKO moves are banned\n|rule|Evasion Moves Clause: Evasion moves are banned\n|\n|t:|1773610551\n|teamsize|p1|6\n|teamsize|p2|6\n|start\n|switch|p1a: Starmie|Starmie|100/100\n|switch|p2a: Starmie|Starmie|100/100\n|turn|1\n|c|☆Serpi n_n|hf\n|c|☆Laroxyl|hf\n|\n|t:|1773610566\n|move|p2a: Starmie|Blizzard|p1a: Starmie\n|-resisted|p1a: Starmie\n|-damage|p1a: Starmie|87/100\n|move|p1a: Starmie|Blizzard|p2a: Starmie\n|-resisted|p2a: Starmie\n|-damage|p2a: Starmie|85/100\n|\n|upkeep\n|turn|2\n|rated|Smogon Premier League\n|\n|t:|1773610571\n|move|p2a: Starmie|Thunderbolt|p1a: Starmie\n|-supereffective|p1a: Starmie\n|-damage|p1a: Starmie|44/100\n|move|p1a: Starmie|Blizzard|p2a: Starmie|[miss]\n|-miss|p1a: Starmie\n|\n|upkeep\n|turn|3\n|\n|t:|1773610582\n|switch|p1a: Exeggutor|Exeggutor|100/100\n|move|p2a: Starmie|Blizzard|p1a: Exeggutor\n|-crit|p1a: Exeggutor\n|-supereffective|p1a: Exeggutor\n|-damage|p1a: Exeggutor|20/100\n|\n|upkeep\n|turn|4\n|\n|t:|1773610588\n|switch|p1a: Chansey|Chansey|100/100\n|move|p2a: Starmie|Blizzard|p1a: Chansey\n|-damage|p1a: Chansey|88/100\n|\n|upkeep\n|turn|5\n|\n|t:|1773610597\n|switch|p2a: Chansey|Chansey|100/100\n|move|p1a: Chansey|Thunder Wave|p2a: Chansey\n|-status|p2a: Chansey|par\n|\n|upkeep\n|turn|6\n|inactive|Laroxyl has 270 seconds left.\n|\n|t:|1773610641\n|move|p1a: Chansey|Seismic Toss|p2a: Chansey\n|-damage|p2a: Chansey|86/100 par\n|move|p2a: Chansey|Sing|p1a: Chansey\n|-status|p1a: Chansey|slp|[from] move: Sing\n|\n|upkeep\n|turn|7\n|\n|t:|1773610670\n|switch|p1a: Snorlax|Snorlax|100/100\n|switch|p2a: Snorlax|Snorlax|100/100\n|\n|upkeep\n|turn|8\n|\n|t:|1773610679\n|move|p2a: Snorlax|Body Slam|p1a: Snorlax\n|-damage|p1a: Snorlax|75/100\n|move|p1a: Snorlax|Reflect|p1a: Snorlax\n|-start|p1a: Snorlax|Reflect\n|\n|upkeep\n|turn|9\n|\n|t:|1773610705\n|switch|p2a: Cloyster|Cloyster|100/100\n|move|p1a: Snorlax|Body Slam|p2a: Cloyster\n|-damage|p2a: Cloyster|79/100\n|\n|upkeep\n|turn|10\n|inactive|Laroxyl has 270 seconds left.\n|\n|t:|1773610726\n|switch|p1a: Starmie|Starmie|44/100\n|move|p2a: Cloyster|Blizzard|p1a: Starmie\n|-crit|p1a: Starmie\n|-resisted|p1a: Starmie\n|-damage|p1a: Starmie|7/100\n|-status|p1a: Starmie|frz\n|\n|upkeep\n|turn|11\n|\n|t:|1773610744\n|switch|p1a: Chansey|Chansey|88/100 slp\n|switch|p2a: Snorlax|Snorlax|100/100\n|\n|upkeep\n|turn|12\n|\n|t:|1773610752\n|switch|p1a: Starmie|Starmie|7/100 frz\n|move|p2a: Snorlax|Body Slam|p1a: Starmie\n|-damage|p1a: Starmie|0 fnt\n|faint|p1a: Starmie\n|\n|t:|1773610755\n|switch|p1a: Exeggutor|Exeggutor|20/100\n|turn|13\n|\n|t:|1773610776\n|switch|p2a: Chansey|Chansey|86/100 par\n|move|p1a: Exeggutor|Explosion|p2a: Chansey\n|-damage|p2a: Chansey|0 fnt\n|faint|p2a: Chansey\n|faint|p1a: Exeggutor\n|\n|t:|1773610795\n|switch|p1a: Snorlax|Snorlax|75/100\n|switch|p2a: Starmie|Starmie|85/100\n|turn|14\n|inactive|Laroxyl has 240 seconds left.\n|inactive|Laroxyl has 210 seconds left.\n|\n|t:|1773610847\n|switch|p1a: Chansey|Chansey|88/100 slp\n|move|p2a: Starmie|Thunder Wave|p1a: Chansey\n|-fail|p1a: Chansey\n|\n|upkeep\n|turn|15\n|inactive|Laroxyl has 210 seconds left.\n|inactive|Serpi n_n has 270 seconds left.\n|inactive|Laroxyl has 180 seconds left.\n|inactive|Serpi n_n has 240 seconds left.\n|inactive|Laroxyl has 150 seconds left.\n|\n|t:|1773610942\n|switch|p2a: Exeggutor|Exeggutor|100/100\n|switch|p1a: Snorlax|Snorlax|75/100\n|\n|upkeep\n|turn|16\n|inactive|Laroxyl has 120 seconds left.\n|\n|t:|1773610965\n|move|p2a: Exeggutor|Psychic|p1a: Snorlax\n|-damage|p1a: Snorlax|44/100\n|move|p1a: Snorlax|Body Slam|p2a: Exeggutor\n|-damage|p2a: Exeggutor|68/100\n|\n|upkeep\n|turn|17\n|inactive|Laroxyl has 120 seconds left.\n|inactive|Laroxyl has 90 seconds left.\n|\n|t:|1773611018\n|move|p2a: Exeggutor|Psychic|p1a: Snorlax\n|-damage|p1a: Snorlax|15/100\n|move|p1a: Snorlax|Body Slam|p2a: Exeggutor\n|-damage|p2a: Exeggutor|39/100\n|\n|upkeep\n|turn|18\n|\n|t:|1773611035\n|move|p2a: Exeggutor|Psychic|p1a: Snorlax\n|-damage|p1a: Snorlax|0 fnt\n|faint|p1a: Snorlax\n|\n|t:|1773611041\n|switch|p1a: Tauros|Tauros|100/100\n|turn|19\n|inactive|Laroxyl has 60 seconds left.\n|inactive|Serpi n_n has 240 seconds left.\n|inactive|Serpi n_n has 210 seconds left.\n|inactive|Laroxyl has 30 seconds left.\n|\n|t:|1773611127\n|switch|p2a: Cloyster|Cloyster|79/100\n|move|p1a: Tauros|Hyper Beam|p2a: Cloyster\n|-damage|p2a: Cloyster|44/100\n|-mustrecharge|p1a: Tauros\n|\n|upkeep\n|turn|20\n|inactive|Serpi n_n has 180 seconds left.\n|\n|t:|1773611147\n|cant|p1a: Tauros|recharge\n|move|p2a: Cloyster|Explosion|p1a: Tauros\n|-damage|p1a: Tauros|24/100\n|faint|p2a: Cloyster\n|\n|t:|1773611149\n|switch|p2a: Tauros|Tauros|100/100\n|turn|21\n|inactive|Serpi n_n has 180 seconds left.\n|\n|t:|1773611168\n|move|p2a: Tauros|Body Slam|p1a: Tauros\n|-crit|p1a: Tauros\n|-damage|p1a: Tauros|0 fnt\n|faint|p1a: Tauros\n|\n|t:|1773611182\n|switch|p1a: Rhydon|Rhydon|100/100\n|turn|22\n|\n|t:|1773611188\n|move|p2a: Tauros|Earthquake|p1a: Rhydon\n|-crit|p1a: Rhydon\n|-supereffective|p1a: Rhydon\n|-damage|p1a: Rhydon|31/100\n|move|p1a: Rhydon|Earthquake|p2a: Tauros\n|-damage|p2a: Tauros|58/100\n|\n|upkeep\n|turn|23\n|\n|t:|1773611191\n|move|p2a: Tauros|Earthquake|p1a: Rhydon\n|-supereffective|p1a: Rhydon\n|-damage|p1a: Rhydon|0 fnt\n|faint|p1a: Rhydon\n|\n|t:|1773611193\n|switch|p1a: Chansey|Chansey|88/100 slp\n|turn|24\n|\n|t:|1773611194\n|move|p2a: Tauros|Body Slam|p1a: Chansey\n|-damage|p1a: Chansey|46/100 slp\n|cant|p1a: Chansey|slp\n|\n|upkeep\n|turn|25\n|\n|t:|1773611196\n|move|p2a: Tauros|Body Slam|p1a: Chansey\n|-damage|p1a: Chansey|6/100 slp\n|cant|p1a: Chansey|slp\n|\n|upkeep\n|turn|26\n|\n|t:|1773611197\n|move|p2a: Tauros|Body Slam|p1a: Chansey\n|-damage|p1a: Chansey|0 fnt\n|faint|p1a: Chansey\n|\n|win|Serpi n_n\n|c|☆Serpi n_n|gg\n|c|☆Laroxyl|gg\n|player|p1|\n","uploadtime":1773611197,"views":"807","formatid":"gen1ou","rating":null,"private":0,"password":null}