{"id":"smogtours-gen1ou-950358","format":"[Gen 1] OU","players":["Mister Tim","TheStupe"],"log":"|inactive|Battle timer is ON: inactive players will automatically lose when time's up.\n|t:|1782510267\n|gametype|singles\n|player|p1|Mister Tim|265|\n|player|p2|TheStupe|psychicf-gen4|\n|gen|1\n|tier|[Gen 1] OU\n|rule|Desync Clause Mod: Desyncs changed to move failure.\n|rule|HP Percentage Mod: HP is shown in percentages\n|rule|Endless Battle Clause: Forcing endless battles is banned\n|rule|Sleep Clause Mod: Limit one foe put to sleep\n|rule|Freeze Clause Mod: Limit one foe frozen\n|rule|Species Clause: Limit one of each Pokémon\n|rule|OHKO Clause: OHKO moves are banned\n|rule|Evasion Moves Clause: Evasion moves are banned\n|\n|t:|1782510267\n|teamsize|p1|6\n|teamsize|p2|6\n|start\n|switch|p1a: Gengar|Gengar|100/100\n|switch|p2a: Gengar|Gengar|100/100\n|turn|1\n|c|☆TheStupe|hf\n|c|☆Mister Tim|hf\n|\n|t:|1782510279\n|move|p2a: Gengar|Psychic|p1a: Gengar\n|-supereffective|p1a: Gengar\n|-damage|p1a: Gengar|59/100\n|-unboost|p1a: Gengar|spa|1\n|-unboost|p1a: Gengar|spd|1\n|move|p1a: Gengar|Hypnosis|p2a: Gengar|[miss]\n|-miss|p1a: Gengar\n|\n|upkeep\n|turn|2\n|\n|t:|1782510291\n|switch|p1a: Alakazam|Alakazam|100/100\n|move|p2a: Gengar|Psychic|p1a: Alakazam\n|-crit|p1a: Alakazam\n|-resisted|p1a: Alakazam\n|-damage|p1a: Alakazam|81/100\n|-unboost|p1a: Alakazam|spa|1\n|-unboost|p1a: Alakazam|spd|1\n|\n|upkeep\n|turn|3\n|\n|t:|1782510297\n|switch|p2a: Exeggutor|Exeggutor|100/100\n|move|p1a: Alakazam|Psychic|p2a: Exeggutor\n|-resisted|p2a: Exeggutor\n|-damage|p2a: Exeggutor|92/100\n|\n|upkeep\n|turn|4\n|\n|t:|1782510304\n|move|p1a: Alakazam|Thunder Wave|p2a: Exeggutor\n|-status|p2a: Exeggutor|par\n|move|p2a: Exeggutor|Psychic|p1a: Alakazam\n|-resisted|p1a: Alakazam\n|-damage|p1a: Alakazam|57/100\n|\n|upkeep\n|turn|5\n|\n|t:|1782510306\n|move|p1a: Alakazam|Seismic Toss|p2a: Exeggutor\n|-damage|p2a: Exeggutor|66/100 par\n|move|p2a: Exeggutor|Sleep Powder|p1a: Alakazam\n|-status|p1a: Alakazam|slp|[from] move: Sleep Powder\n|\n|upkeep\n|turn|6\n|\n|t:|1782510314\n|switch|p1a: Snorlax|Snorlax|100/100\n|move|p2a: Exeggutor|Stun Spore|p1a: Snorlax\n|-status|p1a: Snorlax|par\n|\n|upkeep\n|turn|7\n|\n|t:|1782510324\n|switch|p2a: Gengar|Gengar|100/100\n|switch|p1a: Gengar|Gengar|59/100\n|\n|upkeep\n|turn|8\n|\n|t:|1782510328\n|move|p2a: Gengar|Psychic|p1a: Gengar\n|-supereffective|p1a: Gengar\n|-damage|p1a: Gengar|14/100\n|move|p1a: Gengar|Hypnosis|p2a: Gengar|[miss]\n|-miss|p1a: Gengar\n|\n|upkeep\n|turn|9\n|\n|t:|1782510334\n|move|p1a: Gengar|Hypnosis|p2a: Gengar|[miss]\n|-miss|p1a: Gengar\n|move|p2a: Gengar|Psychic|p1a: Gengar\n|-supereffective|p1a: Gengar\n|-damage|p1a: Gengar|0 fnt\n|faint|p1a: Gengar\n|\n|t:|1782510337\n|switch|p1a: Exeggutor|Exeggutor|100/100\n|turn|10\n|\n|t:|1782510355\n|move|p2a: Gengar|Explosion|p1a: Exeggutor\n|-crit|p1a: Exeggutor\n|-damage|p1a: Exeggutor|0 fnt\n|faint|p1a: Exeggutor\n|faint|p2a: Gengar\n|\n|t:|1782510375\n|switch|p2a: Chansey|Chansey|100/100\n|switch|p1a: Snorlax|Snorlax|100/100 par\n|turn|11\n|\n|t:|1782510380\n|switch|p2a: Cloyster|Cloyster|100/100\n|move|p1a: Snorlax|Body Slam|p2a: Cloyster\n|-damage|p2a: Cloyster|79/100\n|\n|upkeep\n|turn|12\n|\n|t:|1782510402\n|switch|p1a: Alakazam|Alakazam|57/100 slp\n|move|p2a: Cloyster|Blizzard|p1a: Alakazam\n|-damage|p1a: Alakazam|24/100 slp\n|\n|upkeep\n|turn|13\n|\n|t:|1782510404\n|-curestatus|p1a: Alakazam|slp|[msg]\n|move|p2a: Cloyster|Blizzard|p1a: Alakazam\n|-damage|p1a: Alakazam|0 fnt\n|faint|p1a: Alakazam\n|\n|t:|1782510421\n|switch|p1a: Persian|Persian|100/100\n|turn|14\n|\n|t:|1782510429\n|switch|p2a: Rhydon|Rhydon|100/100\n|move|p1a: Persian|Thunderbolt|p2a: Rhydon\n|-immune|p2a: Rhydon\n|\n|upkeep\n|turn|15\n|\n|t:|1782510443\n|move|p1a: Persian|Bubble Beam|p2a: Rhydon\n|-supereffective|p2a: Rhydon\n|-damage|p2a: Rhydon|41/100\n|move|p2a: Rhydon|Earthquake|p1a: Persian\n|-damage|p1a: Persian|38/100\n|\n|upkeep\n|turn|16\n|\n|t:|1782510447\n|switch|p2a: Exeggutor|Exeggutor|66/100 par\n|move|p1a: Persian|Bubble Beam|p2a: Exeggutor\n|-resisted|p2a: Exeggutor\n|-damage|p2a: Exeggutor|62/100 par\n|\n|upkeep\n|turn|17\n|\n|t:|1782510452\n|move|p1a: Persian|Slash|p2a: Exeggutor\n|-crit|p2a: Exeggutor\n|-damage|p2a: Exeggutor|27/100 par\n|cant|p2a: Exeggutor|par\n|\n|upkeep\n|turn|18\n|\n|t:|1782510455\n|move|p1a: Persian|Slash|p2a: Exeggutor\n|-crit|p2a: Exeggutor\n|-damage|p2a: Exeggutor|0 fnt\n|faint|p2a: Exeggutor\n|\n|t:|1782510460\n|switch|p2a: Chansey|Chansey|100/100\n|turn|19\n|\n|t:|1782510466\n|switch|p1a: Snorlax|Snorlax|100/100 par\n|move|p2a: Chansey|Thunder Wave|p1a: Snorlax\n|-fail|p1a: Snorlax|par\n|\n|upkeep\n|turn|20\n|\n|t:|1782510473\n|switch|p2a: Rhydon|Rhydon|41/100\n|move|p1a: Snorlax|Body Slam|p2a: Rhydon\n|-resisted|p2a: Rhydon\n|-damage|p2a: Rhydon|30/100\n|-status|p2a: Rhydon|par\n|\n|upkeep\n|turn|21\n|\n|t:|1782510476\n|move|p2a: Rhydon|Earthquake|p1a: Snorlax\n|-damage|p1a: Snorlax|64/100 par\n|move|p1a: Snorlax|Earthquake|p2a: Rhydon\n|-supereffective|p2a: Rhydon\n|-damage|p2a: Rhydon|0 fnt\n|faint|p2a: Rhydon\n|\n|t:|1782510480\n|switch|p2a: Cloyster|Cloyster|79/100\n|turn|22\n|\n|t:|1782510496\n|move|p2a: Cloyster|Clamp|p1a: Snorlax\n|-damage|p1a: Snorlax|55/100 par\n|cant|p1a: Snorlax|partiallytrapped\n|\n|upkeep\n|turn|23\n|\n|t:|1782510500\n|switch|p1a: Tauros|Tauros|100/100\n|move|p2a: Cloyster|Clamp|p1a: Tauros\n|-crit|p1a: Tauros\n|-damage|p1a: Tauros|72/100\n|\n|upkeep\n|turn|24\n|\n|t:|1782510502\n|switch|p1a: Persian|Persian|38/100\n|move|p2a: Cloyster|Clamp|p1a: Persian\n|-damage|p1a: Persian|23/100\n|\n|upkeep\n|turn|25\n|\n|t:|1782510504\n|switch|p1a: Snorlax|Snorlax|55/100 par\n|move|p2a: Cloyster|Clamp|p1a: Snorlax\n|-crit|p1a: Snorlax\n|-damage|p1a: Snorlax|36/100 par\n|\n|upkeep\n|turn|26\n|\n|t:|1782510508\n|switch|p1a: Tauros|Tauros|72/100\n|move|p2a: Cloyster|Clamp|p1a: Tauros\n|-damage|p1a: Tauros|59/100\n|\n|upkeep\n|turn|27\n|\n|t:|1782510511\n|switch|p1a: Snorlax|Snorlax|36/100 par\n|move|p2a: Cloyster|Clamp|p1a: Snorlax\n|-crit|p1a: Snorlax\n|-damage|p1a: Snorlax|18/100 par\n|\n|upkeep\n|turn|28\n|\n|t:|1782510513\n|move|p2a: Cloyster|Clamp|p1a: Snorlax|[from] Clamp\n|-damage|p1a: Snorlax|1/100 par\n|\n|upkeep\n|turn|29\n|\n|t:|1782510515\n|move|p2a: Cloyster|Clamp|p1a: Snorlax|[from] Clamp\n|-damage|p1a: Snorlax|0 fnt\n|faint|p1a: Snorlax\n|\n|t:|1782510517\n|switch|p1a: Persian|Persian|23/100\n|turn|30\n|\n|t:|1782510521\n|move|p1a: Persian|Thunderbolt|p2a: Cloyster\n|-supereffective|p2a: Cloyster\n|-damage|p2a: Cloyster|36/100\n|move|p2a: Cloyster|Explosion|p1a: Persian\n|-damage|p1a: Persian|0 fnt\n|faint|p1a: Persian\n|faint|p2a: Cloyster\n|\n|t:|1782510526\n|switch|p1a: Tauros|Tauros|59/100\n|switch|p2a: Chansey|Chansey|100/100\n|turn|31\n|\n|t:|1782510532\n|move|p1a: Tauros|Hyper Beam|p2a: Chansey|[miss]\n|-miss|p1a: Tauros\n|move|p2a: Chansey|Thunder Wave|p1a: Tauros\n|-status|p1a: Tauros|par\n|\n|upkeep\n|turn|32\n|\n|t:|1782510535\n|move|p2a: Chansey|Ice Beam|p1a: Tauros\n|-damage|p1a: Tauros|30/100 par\n|move|p1a: Tauros|Hyper Beam|p2a: Chansey\n|-crit|p2a: Chansey\n|-damage|p2a: Chansey|0 fnt\n|faint|p2a: Chansey\n|\n|t:|1782510537\n|switch|p2a: Tauros|Tauros|100/100\n|turn|33\n|\n|t:|1782510540\n|move|p2a: Tauros|Hyper Beam|p1a: Tauros\n|-crit|p1a: Tauros\n|-damage|p1a: Tauros|0 fnt\n|faint|p1a: Tauros\n|\n|win|TheStupe\n|c|☆TheStupe|ggs!\n|c|☆Mister Tim|ggs\n|c|☆TheStupe|What a wild set\n|c|☆Mister Tim|nah, you was just lucky\n|player|p1|\n|c|☆TheStupe|Hahahaha\n","uploadtime":1782510540,"views":"91","formatid":"gen1ou","rating":null,"private":0,"password":null}