{"id":"smogtours-gen1ou-962544","format":"[Gen 1] OU","players":["Amaranth","Kaz"],"log":"|inactive|Battle timer is ON: inactive players will automatically lose when time's up.\n|t:|1786283616\n|gametype|singles\n|player|p1|Amaranth|#amaranth|\n|player|p2|Kaz|#kaz|\n|gen|1\n|tier|[Gen 1] OU\n|rule|Desync Clause Mod: Desyncs resolve to link battle behavior from the acting player's perspective.\n|rule|HP Percentage Mod: HP is shown in percentages\n|rule|Endless Battle Clause: Forcing endless battles is banned\n|rule|Sleep Clause Mod: Limit one foe put to sleep\n|rule|Freeze Clause Mod: Limit one foe frozen\n|rule|Species Clause: Limit one of each Pokémon\n|rule|OHKO Clause: OHKO moves are banned\n|rule|Evasion Moves Clause: Evasion moves are banned\n|\n|t:|1786283616\n|teamsize|p1|6\n|teamsize|p2|6\n|start\n|switch|p1a: Jynx|Jynx|100/100\n|switch|p2a: Starmie|Starmie|100/100\n|turn|1\n|c|☆Amaranth|glhf\n|c|☆Kaz|hf\n|\n|t:|1786283624\n|move|p2a: Starmie|Thunder Wave|p1a: Jynx\n|-status|p1a: Jynx|par\n|cant|p1a: Jynx|par\n|\n|upkeep\n|turn|2\n|\n|t:|1786283629\n|switch|p1a: Chansey|Chansey|100/100\n|move|p2a: Starmie|Surf|p1a: Chansey|[miss]\n|-miss|p2a: Starmie\n|-hint|In Gen 1, moves with 100% accuracy can still miss 1/256 of the time.\n|\n|upkeep\n|turn|3\n|\n|t:|1786283635\n|switch|p2a: Chansey|Chansey|100/100\n|move|p1a: Chansey|Ice Beam|p2a: Chansey\n|-damage|p2a: Chansey|89/100\n|\n|upkeep\n|turn|4\n|\n|t:|1786283639\n|switch|p1a: Jynx|Jynx|100/100 par\n|move|p2a: Chansey|Seismic Toss|p1a: Jynx\n|-damage|p1a: Jynx|70/100 par\n|\n|upkeep\n|turn|5\n|\n|t:|1786283643\n|move|p2a: Chansey|Seismic Toss|p1a: Jynx\n|-damage|p1a: Jynx|40/100 par\n|move|p1a: Jynx|Lovely Kiss|p2a: Chansey\n|-status|p2a: Chansey|slp|[from] move: Lovely Kiss\n|\n|upkeep\n|turn|6\n|\n|t:|1786283649\n|switch|p2a: Starmie|Starmie|100/100\n|cant|p1a: Jynx|par\n|\n|upkeep\n|turn|7\n|\n|t:|1786283654\n|switch|p2a: Exeggutor|Exeggutor|100/100\n|switch|p1a: Chansey|Chansey|100/100\n|\n|upkeep\n|turn|8\n|inactive|Kaz has 270 seconds left.\n|inactive|Amaranth has 270 seconds left.\n|\n|t:|1786283697\n|switch|p1a: Starmie|Starmie|100/100\n|move|p2a: Exeggutor|Sleep Powder|p1a: Starmie|[miss]\n|-miss|p2a: Exeggutor\n|\n|upkeep\n|turn|9\n|\n|t:|1786283701\n|move|p1a: Starmie|Blizzard|p2a: Exeggutor\n|-supereffective|p2a: Exeggutor\n|-damage|p2a: Exeggutor|57/100\n|move|p2a: Exeggutor|Sleep Powder|p1a: Starmie|[miss]\n|-miss|p2a: Exeggutor\n|\n|upkeep\n|turn|10\n|\n|t:|1786283706\n|move|p1a: Starmie|Blizzard|p2a: Exeggutor\n|-supereffective|p2a: Exeggutor\n|-damage|p2a: Exeggutor|15/100\n|move|p2a: Exeggutor|Sleep Powder|p1a: Starmie|[miss]\n|-miss|p2a: Exeggutor\n|\n|upkeep\n|turn|11\n|\n|t:|1786283717\n|switch|p2a: Starmie|Starmie|100/100\n|move|p1a: Starmie|Thunder Wave|p2a: Starmie\n|-status|p2a: Starmie|par\n|\n|upkeep\n|turn|12\n|\n|t:|1786283722\n|switch|p1a: Chansey|Chansey|100/100\n|move|p2a: Starmie|Thunder Wave|p1a: Chansey\n|-status|p1a: Chansey|par\n|\n|upkeep\n|turn|13\n|\n|t:|1786283730\n|switch|p2a: Chansey|Chansey|89/100 slp\n|move|p1a: Chansey|Thunder Wave|p2a: Chansey\n|-fail|p2a: Chansey\n|\n|upkeep\n|turn|14\n|\n|t:|1786283735\n|switch|p2a: Snorlax|Snorlax|100/100\n|switch|p1a: Tauros|Tauros|100/100\n|\n|upkeep\n|turn|15\n|\n|t:|1786283737\n|switch|p1a: Gengar|Gengar|100/100\n|move|p2a: Snorlax|Body Slam|p1a: Gengar\n|-immune|p1a: Gengar\n|\n|upkeep\n|turn|16\n|\n|t:|1786283746\n|move|p1a: Gengar|Thunderbolt|p2a: Snorlax\n|-damage|p2a: Snorlax|79/100\n|-status|p2a: Snorlax|par\n|move|p2a: Snorlax|Body Slam|p1a: Gengar\n|-immune|p1a: Gengar\n|\n|upkeep\n|turn|17\n|\n|t:|1786283759\n|switch|p1a: Snorlax|Snorlax|100/100\n|move|p2a: Snorlax|Body Slam|p1a: Snorlax\n|-damage|p1a: Snorlax|75/100\n|\n|upkeep\n|turn|18\n|\n|t:|1786283762\n|move|p1a: Snorlax|Reflect|p1a: Snorlax\n|-start|p1a: Snorlax|Reflect\n|move|p2a: Snorlax|Reflect|p2a: Snorlax\n|-start|p2a: Snorlax|Reflect\n|\n|upkeep\n|turn|19\n|\n|t:|1786283766\n|move|p1a: Snorlax|Body Slam|p2a: Snorlax\n|-damage|p2a: Snorlax|66/100 par\n|move|p2a: Snorlax|Rest|p2a: Snorlax\n|-status|p2a: Snorlax|slp|[from] move: Rest\n|-heal|p2a: Snorlax|100/100 slp|[silent]\n|\n|upkeep\n|turn|20\n|\n|t:|1786283768\n|move|p1a: Snorlax|Body Slam|p2a: Snorlax\n|-damage|p2a: Snorlax|87/100 slp\n|cant|p2a: Snorlax|slp\n|\n|upkeep\n|turn|21\n|\n|t:|1786283770\n|move|p1a: Snorlax|Body Slam|p2a: Snorlax\n|-damage|p2a: Snorlax|73/100 slp\n|-curestatus|p2a: Snorlax|slp|[msg]\n|\n|upkeep\n|turn|22\n|\n|t:|1786283773\n|move|p1a: Snorlax|Body Slam|p2a: Snorlax\n|-damage|p2a: Snorlax|60/100\n|move|p2a: Snorlax|Body Slam|p1a: Snorlax\n|-damage|p1a: Snorlax|61/100\n|\n|upkeep\n|turn|23\n|\n|t:|1786283781\n|move|p1a: Snorlax|Rest|p1a: Snorlax\n|-status|p1a: Snorlax|slp|[from] move: Rest\n|-heal|p1a: Snorlax|100/100 slp|[silent]\n|move|p2a: Snorlax|Rest|p2a: Snorlax\n|-status|p2a: Snorlax|slp|[from] move: Rest\n|-heal|p2a: Snorlax|100/100 slp|[silent]\n|\n|upkeep\n|turn|24\n|\n|t:|1786283784\n|cant|p1a: Snorlax|slp\n|cant|p2a: Snorlax|slp\n|\n|upkeep\n|turn|25\n|\n|t:|1786283789\n|-curestatus|p1a: Snorlax|slp|[msg]\n|-curestatus|p2a: Snorlax|slp|[msg]\n|\n|upkeep\n|turn|26\n|\n|t:|1786283792\n|move|p1a: Snorlax|Body Slam|p2a: Snorlax\n|-damage|p2a: Snorlax|86/100\n|move|p2a: Snorlax|Body Slam|p1a: Snorlax\n|-damage|p1a: Snorlax|86/100\n|\n|upkeep\n|turn|27\n|\n|t:|1786283794\n|move|p1a: Snorlax|Body Slam|p2a: Snorlax\n|-damage|p2a: Snorlax|73/100\n|move|p2a: Snorlax|Body Slam|p1a: Snorlax\n|-damage|p1a: Snorlax|72/100\n|\n|upkeep\n|turn|28\n|\n|t:|1786283798\n|move|p1a: Snorlax|Body Slam|p2a: Snorlax\n|-damage|p2a: Snorlax|61/100\n|move|p2a: Snorlax|Body Slam|p1a: Snorlax\n|-damage|p1a: Snorlax|58/100\n|\n|upkeep\n|turn|29\n|\n|t:|1786283799\n|move|p1a: Snorlax|Rest|p1a: Snorlax\n|-status|p1a: Snorlax|slp|[from] move: Rest\n|-heal|p1a: Snorlax|100/100 slp|[silent]\n|move|p2a: Snorlax|Rest|p2a: Snorlax\n|-status|p2a: Snorlax|slp|[from] move: Rest\n|-heal|p2a: Snorlax|100/100 slp|[silent]\n|\n|upkeep\n|turn|30\n|\n|t:|1786283802\n|cant|p1a: Snorlax|slp\n|cant|p2a: Snorlax|slp\n|\n|upkeep\n|turn|31\n|\n|t:|1786283804\n|-curestatus|p1a: Snorlax|slp|[msg]\n|-curestatus|p2a: Snorlax|slp|[msg]\n|\n|upkeep\n|turn|32\n|\n|t:|1786283808\n|switch|p1a: Gengar|Gengar|100/100\n|move|p2a: Snorlax|Body Slam|p1a: Gengar\n|-immune|p1a: Gengar\n|\n|upkeep\n|turn|33\n|\n|t:|1786283811\n|switch|p1a: Snorlax|Snorlax|100/100\n|switch|p2a: Alakazam|Alakazam|100/100\n|\n|upkeep\n|turn|34\n|\n|t:|1786283815\n|switch|p2a: Snorlax|Snorlax|100/100\n|move|p1a: Snorlax|Body Slam|p2a: Snorlax\n|-damage|p2a: Snorlax|73/100\n|\n|upkeep\n|turn|35\n|\n|t:|1786283816\n|switch|p1a: Gengar|Gengar|100/100\n|move|p2a: Snorlax|Reflect|p2a: Snorlax\n|-start|p2a: Snorlax|Reflect\n|\n|upkeep\n|turn|36\n|\n|t:|1786283820\n|switch|p2a: Alakazam|Alakazam|100/100\n|move|p1a: Gengar|Thunderbolt|p2a: Alakazam\n|-damage|p2a: Alakazam|76/100\n|\n|upkeep\n|turn|37\n|\n|t:|1786283823\n|switch|p1a: Chansey|Chansey|100/100 par\n|move|p2a: Alakazam|Psychic|p1a: Chansey\n|-damage|p1a: Chansey|82/100 par\n|-unboost|p1a: Chansey|spa|1\n|-unboost|p1a: Chansey|spd|1\n|\n|upkeep\n|turn|38\n|\n|t:|1786283829\n|switch|p2a: Snorlax|Snorlax|73/100\n|cant|p1a: Chansey|par\n|\n|upkeep\n|turn|39\n|\n|t:|1786283831\n|switch|p2a: Alakazam|Alakazam|76/100\n|switch|p1a: Gengar|Gengar|100/100\n|\n|upkeep\n|turn|40\n|\n|t:|1786283833\n|switch|p1a: Chansey|Chansey|82/100 par\n|move|p2a: Alakazam|Psychic|p1a: Chansey\n|-damage|p1a: Chansey|63/100 par\n|-unboost|p1a: Chansey|spa|1\n|-unboost|p1a: Chansey|spd|1\n|\n|upkeep\n|turn|41\n|\n|t:|1786283835\n|move|p2a: Alakazam|Psychic|p1a: Chansey\n|-crit|p1a: Chansey\n|-damage|p1a: Chansey|28/100 par\n|-unboost|p1a: Chansey|spa|1\n|-unboost|p1a: Chansey|spd|1\n|move|p1a: Chansey|Soft-Boiled|p1a: Chansey\n|-heal|p1a: Chansey|78/100 par\n|\n|upkeep\n|turn|42\n|\n|t:|1786283838\n|move|p2a: Alakazam|Psychic|p1a: Chansey\n|-damage|p1a: Chansey|38/100 par\n|move|p1a: Chansey|Thunder Wave|p2a: Alakazam\n|-status|p2a: Alakazam|par\n|\n|upkeep\n|turn|43\n|\n|t:|1786283846\n|switch|p1a: Jynx|Jynx|40/100 par\n|move|p2a: Alakazam|Psychic|p1a: Jynx\n|-resisted|p1a: Jynx\n|-damage|p1a: Jynx|19/100 par\n|\n|upkeep\n|turn|44\n|\n|t:|1786283853\n|switch|p1a: Snorlax|Snorlax|100/100\n|move|p2a: Alakazam|Psychic|p1a: Snorlax\n|-damage|p1a: Snorlax|69/100\n|-unboost|p1a: Snorlax|spa|1\n|-unboost|p1a: Snorlax|spd|1\n|\n|upkeep\n|turn|45\n|\n|t:|1786283861\n|switch|p2a: Snorlax|Snorlax|73/100\n|move|p1a: Snorlax|Body Slam|p2a: Snorlax\n|-damage|p2a: Snorlax|49/100\n|\n|upkeep\n|turn|46\n|\n|t:|1786283868\n|move|p2a: Snorlax|Body Slam|p1a: Snorlax\n|-damage|p1a: Snorlax|43/100\n|move|p1a: Snorlax|Body Slam|p2a: Snorlax\n|-crit|p2a: Snorlax\n|-damage|p2a: Snorlax|0 fnt\n|faint|p2a: Snorlax\n|\n|t:|1786283891\n|switch|p2a: Tauros|Tauros|100/100\n|turn|47\n|\n|t:|1786283912\n|switch|p1a: Jynx|Jynx|19/100 par\n|move|p2a: Tauros|Body Slam|p1a: Jynx\n|-damage|p1a: Jynx|0 fnt\n|faint|p1a: Jynx\n|\n|t:|1786283921\n|switch|p1a: Starmie|Starmie|100/100\n|turn|48\n|\n|t:|1786283926\n|switch|p2a: Starmie|Starmie|100/100 par\n|move|p1a: Starmie|Psychic|p2a: Starmie\n|-resisted|p2a: Starmie\n|-damage|p2a: Starmie|84/100 par\n|\n|upkeep\n|turn|49\n|\n|t:|1786283936\n|switch|p1a: Chansey|Chansey|38/100 par\n|move|p2a: Starmie|Surf|p1a: Chansey\n|-damage|p1a: Chansey|23/100 par\n|\n|upkeep\n|turn|50\n|\n|t:|1786283940\n|switch|p2a: Tauros|Tauros|100/100\n|move|p1a: Chansey|Soft-Boiled|p1a: Chansey\n|-heal|p1a: Chansey|72/100 par\n|\n|upkeep\n|turn|51\n|\n|t:|1786283949\n|switch|p2a: Alakazam|Alakazam|76/100 par\n|switch|p1a: Starmie|Starmie|100/100\n|\n|upkeep\n|turn|52\n|inactive|Amaranth has 270 seconds left.\n|\n|t:|1786283983\n|switch|p1a: Chansey|Chansey|72/100 par\n|cant|p2a: Alakazam|par\n|\n|upkeep\n|turn|53\n|\n|t:|1786283988\n|switch|p1a: Snorlax|Snorlax|43/100\n|move|p2a: Alakazam|Recover|p2a: Alakazam\n|-heal|p2a: Alakazam|100/100 par\n|\n|upkeep\n|turn|54\n|\n|t:|1786284009\n|switch|p2a: Tauros|Tauros|100/100\n|move|p1a: Snorlax|Body Slam|p2a: Tauros\n|-damage|p2a: Tauros|67/100\n|\n|upkeep\n|turn|55\n|\n|t:|1786284016\n|switch|p1a: Gengar|Gengar|100/100\n|move|p2a: Tauros|Body Slam|p1a: Gengar\n|-immune|p1a: Gengar\n|\n|upkeep\n|turn|56\n|\n|t:|1786284038\n|switch|p1a: Starmie|Starmie|100/100\n|move|p2a: Tauros|Earthquake|p1a: Starmie\n|-crit|p1a: Starmie\n|-damage|p1a: Starmie|49/100\n|\n|upkeep\n|turn|57\n|\n|t:|1786284050\n|switch|p2a: Alakazam|Alakazam|100/100 par\n|move|p1a: Starmie|Psychic|p2a: Alakazam\n|-resisted|p2a: Alakazam\n|-damage|p2a: Alakazam|86/100 par\n|\n|upkeep\n|turn|58\n|\n|t:|1786284056\n|move|p1a: Starmie|Recover|p1a: Starmie\n|-heal|p1a: Starmie|99/100\n|move|p2a: Alakazam|Thunder Wave|p1a: Starmie\n|-status|p1a: Starmie|par\n|\n|upkeep\n|turn|59\n|\n|t:|1786284063\n|move|p2a: Alakazam|Psychic|p1a: Starmie\n|-resisted|p1a: Starmie\n|-damage|p1a: Starmie|80/100 par\n|move|p1a: Starmie|Psychic|p2a: Alakazam\n|-resisted|p2a: Alakazam\n|-damage|p2a: Alakazam|72/100 par\n|\n|upkeep\n|turn|60\n|\n|t:|1786284068\n|cant|p2a: Alakazam|par\n|cant|p1a: Starmie|par\n|\n|upkeep\n|turn|61\n|\n|t:|1786284071\n|move|p2a: Alakazam|Seismic Toss|p1a: Starmie\n|-damage|p1a: Starmie|49/100 par\n|move|p1a: Starmie|Psychic|p2a: Alakazam\n|-resisted|p2a: Alakazam\n|-damage|p2a: Alakazam|59/100 par\n|\n|upkeep\n|turn|62\n|\n|t:|1786284082\n|cant|p2a: Alakazam|par\n|cant|p1a: Starmie|par\n|\n|upkeep\n|turn|63\n|\n|t:|1786284085\n|cant|p2a: Alakazam|par\n|move|p1a: Starmie|Recover|p1a: Starmie\n|-heal|p1a: Starmie|99/100 par\n|\n|upkeep\n|turn|64\n|\n|t:|1786284088\n|move|p2a: Alakazam|Psychic|p1a: Starmie\n|-crit|p1a: Starmie\n|-resisted|p1a: Starmie\n|-damage|p1a: Starmie|61/100 par\n|move|p1a: Starmie|Psychic|p2a: Alakazam\n|-resisted|p2a: Alakazam\n|-damage|p2a: Alakazam|45/100 par\n|\n|upkeep\n|turn|65\n|\n|t:|1786284090\n|switch|p1a: Snorlax|Snorlax|43/100\n|move|p2a: Alakazam|Recover|p2a: Alakazam\n|-heal|p2a: Alakazam|94/100 par\n|\n|upkeep\n|turn|66\n|inactive|Kaz has 270 seconds left.\n|\n|t:|1786284145\n|switch|p2a: Chansey|Chansey|89/100 slp\n|move|p1a: Snorlax|Body Slam|p2a: Chansey\n|-damage|p2a: Chansey|48/100 slp\n|\n|upkeep\n|turn|67\n|\n|t:|1786284159\n|cant|p2a: Chansey|slp\n|move|p1a: Snorlax|Body Slam|p2a: Chansey\n|-damage|p2a: Chansey|9/100 slp\n|\n|upkeep\n|turn|68\n|\n|t:|1786284164\n|cant|p2a: Chansey|slp\n|move|p1a: Snorlax|Body Slam|p2a: Chansey\n|-damage|p2a: Chansey|0 fnt\n|faint|p2a: Chansey\n|\n|t:|1786284171\n|switch|p2a: Tauros|Tauros|67/100\n|turn|69\n|inactive|Amaranth has 270 seconds left.\n|\n|t:|1786284207\n|switch|p1a: Starmie|Starmie|61/100 par\n|move|p2a: Tauros|Body Slam|p1a: Starmie\n|-damage|p1a: Starmie|23/100 par\n|\n|upkeep\n|turn|70\n|inactive|Amaranth has 270 seconds left.\n|\n|t:|1786284222\n|move|p2a: Tauros|Earthquake|p1a: Starmie\n|-crit|p1a: Starmie\n|-damage|p1a: Starmie|0 fnt\n|faint|p1a: Starmie\n|\n|t:|1786284223\n|switch|p1a: Tauros|Tauros|100/100\n|turn|71\n|\n|t:|1786284240\n|move|p2a: Tauros|Blizzard|p1a: Tauros\n|-damage|p1a: Tauros|74/100\n|move|p1a: Tauros|Body Slam|p2a: Tauros\n|-damage|p2a: Tauros|39/100\n|\n|upkeep\n|turn|72\n|\n|t:|1786284258\n|move|p2a: Tauros|Hyper Beam|p1a: Tauros\n|-damage|p1a: Tauros|27/100\n|-mustrecharge|p2a: Tauros\n|move|p1a: Tauros|Hyper Beam|p2a: Tauros\n|-damage|p2a: Tauros|0 fnt\n|faint|p2a: Tauros\n|\n|t:|1786284265\n|switch|p2a: Starmie|Starmie|84/100 par\n|turn|73\n|\n|t:|1786284281\n|switch|p1a: Chansey|Chansey|72/100 par\n|move|p2a: Starmie|Recover|p2a: Starmie\n|-heal|p2a: Starmie|100/100 par\n|\n|upkeep\n|turn|74\n|\n|t:|1786284286\n|switch|p2a: Alakazam|Alakazam|94/100 par\n|move|p1a: Chansey|Thunderbolt|p2a: Alakazam\n|-damage|p2a: Alakazam|73/100 par\n|\n|upkeep\n|turn|75\n|\n|t:|1786284292\n|move|p2a: Alakazam|Psychic|p1a: Chansey\n|-damage|p1a: Chansey|55/100 par\n|-unboost|p1a: Chansey|spa|1\n|-unboost|p1a: Chansey|spd|1\n|move|p1a: Chansey|Thunderbolt|p2a: Alakazam\n|-damage|p2a: Alakazam|60/100 par\n|\n|upkeep\n|turn|76\n|\n|t:|1786284297\n|switch|p1a: Snorlax|Snorlax|43/100\n|move|p2a: Alakazam|Recover|p2a: Alakazam\n|-heal|p2a: Alakazam|100/100 par\n|\n|upkeep\n|turn|77\n|\n|t:|1786284305\n|move|p1a: Snorlax|Body Slam|p2a: Alakazam\n|-damage|p2a: Alakazam|44/100 par\n|move|p2a: Alakazam|Thunder Wave|p1a: Snorlax|[miss]\n|-miss|p2a: Alakazam\n|-hint|In Gen 1, moves with 100% accuracy can still miss 1/256 of the time.\n|\n|upkeep\n|turn|78\n|\n|t:|1786284322\n|move|p1a: Snorlax|Body Slam|p2a: Alakazam\n|-damage|p2a: Alakazam|0 fnt\n|faint|p2a: Alakazam\n|\n|t:|1786284325\n|switch|p2a: Exeggutor|Exeggutor|15/100\n|turn|79\n|\n|t:|1786284334\n|switch|p1a: Chansey|Chansey|55/100 par\n|move|p2a: Exeggutor|Sleep Powder|p1a: Chansey\n|-fail|p1a: Chansey\n|\n|upkeep\n|turn|80\n|\n|t:|1786284339\n|move|p2a: Exeggutor|Double-Edge|p1a: Chansey\n|-damage|p1a: Chansey|28/100 par\n|-damage|p2a: Exeggutor|3/100|[from] Recoil\n|cant|p1a: Chansey|par\n|\n|upkeep\n|turn|81\n|\n|t:|1786284347\n|switch|p2a: Starmie|Starmie|100/100 par\n|move|p1a: Chansey|Soft-Boiled|p1a: Chansey\n|-heal|p1a: Chansey|77/100 par\n|\n|upkeep\n|turn|82\n|\n|t:|1786284348\n|move|p2a: Starmie|Surf|p1a: Chansey\n|-crit|p1a: Chansey\n|-damage|p1a: Chansey|49/100 par\n|move|p1a: Chansey|Thunderbolt|p2a: Starmie\n|-supereffective|p2a: Starmie\n|-damage|p2a: Starmie|48/100 par\n|\n|upkeep\n|turn|83\n|\n|t:|1786284351\n|move|p2a: Starmie|Recover|p2a: Starmie\n|-heal|p2a: Starmie|98/100 par\n|cant|p1a: Chansey|par\n|\n|upkeep\n|turn|84\n|\n|t:|1786284353\n|move|p2a: Starmie|Surf|p1a: Chansey\n|-damage|p1a: Chansey|35/100 par\n|move|p1a: Chansey|Soft-Boiled|p1a: Chansey\n|-heal|p1a: Chansey|85/100 par\n|\n|upkeep\n|turn|85\n|\n|t:|1786284355\n|move|p2a: Starmie|Surf|p1a: Chansey\n|-crit|p1a: Chansey\n|-damage|p1a: Chansey|54/100 par\n|cant|p1a: Chansey|par\n|\n|upkeep\n|turn|86\n|\n|t:|1786284360\n|move|p2a: Starmie|Surf|p1a: Chansey\n|-damage|p1a: Chansey|38/100 par\n|move|p1a: Chansey|Soft-Boiled|p1a: Chansey\n|-heal|p1a: Chansey|88/100 par\n|\n|upkeep\n|turn|87\n|\n|t:|1786284362\n|move|p2a: Starmie|Surf|p1a: Chansey\n|-crit|p1a: Chansey\n|-damage|p1a: Chansey|61/100 par\n|cant|p1a: Chansey|par\n|\n|upkeep\n|turn|88\n|\n|t:|1786284364\n|move|p2a: Starmie|Surf|p1a: Chansey\n|-damage|p1a: Chansey|45/100 par\n|move|p1a: Chansey|Soft-Boiled|p1a: Chansey\n|-heal|p1a: Chansey|95/100 par\n|\n|upkeep\n|turn|89\n|\n|t:|1786284366\n|move|p2a: Starmie|Surf|p1a: Chansey\n|-crit|p1a: Chansey\n|-damage|p1a: Chansey|64/100 par\n|move|p1a: Chansey|Soft-Boiled|p1a: Chansey\n|-heal|p1a: Chansey|100/100 par\n|\n|upkeep\n|turn|90\n|\n|t:|1786284372\n|cant|p2a: Starmie|par\n|move|p1a: Chansey|Thunderbolt|p2a: Starmie\n|-supereffective|p2a: Starmie\n|-damage|p2a: Starmie|52/100 par\n|\n|upkeep\n|turn|91\n|\n|t:|1786284374\n|move|p2a: Starmie|Recover|p2a: Starmie\n|-heal|p2a: Starmie|100/100 par\n|move|p1a: Chansey|Thunderbolt|p2a: Starmie\n|-supereffective|p2a: Starmie\n|-damage|p2a: Starmie|53/100 par\n|\n|upkeep\n|turn|92\n|\n|t:|1786284376\n|move|p2a: Starmie|Recover|p2a: Starmie\n|-heal|p2a: Starmie|100/100 par\n|move|p1a: Chansey|Thunderbolt|p2a: Starmie\n|-supereffective|p2a: Starmie\n|-damage|p2a: Starmie|53/100 par\n|\n|upkeep\n|turn|93\n|\n|t:|1786284378\n|cant|p2a: Starmie|par\n|move|p1a: Chansey|Thunderbolt|p2a: Starmie\n|-supereffective|p2a: Starmie\n|-damage|p2a: Starmie|3/100 par\n|\n|upkeep\n|turn|94\n|\n|t:|1786284380\n|move|p2a: Starmie|Recover|p2a: Starmie\n|-heal|p2a: Starmie|53/100 par\n|move|p1a: Chansey|Thunderbolt|p2a: Starmie\n|-supereffective|p2a: Starmie\n|-damage|p2a: Starmie|5/100 par\n|\n|upkeep\n|turn|95\n|\n|t:|1786284382\n|move|p2a: Starmie|Recover|p2a: Starmie\n|-heal|p2a: Starmie|54/100 par\n|move|p1a: Chansey|Thunderbolt|p2a: Starmie\n|-supereffective|p2a: Starmie\n|-damage|p2a: Starmie|7/100 par\n|\n|upkeep\n|turn|96\n|\n|t:|1786284387\n|move|p2a: Starmie|Recover|p2a: Starmie\n|-heal|p2a: Starmie|57/100 par\n|move|p1a: Chansey|Thunderbolt|p2a: Starmie\n|-supereffective|p2a: Starmie\n|-damage|p2a: Starmie|11/100 par\n|\n|upkeep\n|turn|97\n|\n|t:|1786284389\n|cant|p2a: Starmie|par\n|move|p1a: Chansey|Thunderbolt|p2a: Starmie\n|-supereffective|p2a: Starmie\n|-damage|p2a: Starmie|0 fnt\n|faint|p2a: Starmie\n|\n|t:|1786284391\n|switch|p2a: Exeggutor|Exeggutor|3/100\n|turn|98\n|c|☆Kaz|gg\n|c|☆Amaranth|gg\n|\n|t:|1786284397\n|move|p2a: Exeggutor|Psychic|p1a: Chansey\n|-damage|p1a: Chansey|85/100 par\n|-unboost|p1a: Chansey|spa|1\n|-unboost|p1a: Chansey|spd|1\n|cant|p1a: Chansey|par\n|\n|upkeep\n|turn|99\n|\n|t:|1786284399\n|move|p2a: Exeggutor|Psychic|p1a: Chansey\n|-damage|p1a: Chansey|57/100 par\n|-unboost|p1a: Chansey|spa|1\n|-unboost|p1a: Chansey|spd|1\n|move|p1a: Chansey|Ice Beam|p2a: Exeggutor\n|-supereffective|p2a: Exeggutor\n|-damage|p2a: Exeggutor|0 fnt\n|faint|p2a: Exeggutor\n|\n|win|Amaranth\n|player|p2|\n|player|p1|\n","uploadtime":1786284399,"views":"94","formatid":"gen1ou","rating":null,"private":0,"password":null}