{"id":"smogtours-gen1ou-957056","format":"[Gen 1] OU","players":["Soda Krys","BlazingDark"],"log":"|inactive|Battle timer is ON: inactive players will automatically lose when time's up.\n|t:|1784403118\n|gametype|singles\n|player|p1|Soda Krys|gwynn|\n|player|p2|BlazingDark|blue-gen1|\n|gen|1\n|tier|[Gen 1] OU\n|rule|Desync Clause Mod: Desyncs resolve to link battle behavior from the acting player's perspective.\n|rule|HP Percentage Mod: HP is shown in percentages\n|rule|Endless Battle Clause: Forcing endless battles is banned\n|rule|Sleep Clause Mod: Limit one foe put to sleep\n|rule|Freeze Clause Mod: Limit one foe frozen\n|rule|Species Clause: Limit one of each Pokémon\n|rule|OHKO Clause: OHKO moves are banned\n|rule|Evasion Moves Clause: Evasion moves are banned\n|\n|t:|1784403118\n|teamsize|p1|6\n|teamsize|p2|6\n|start\n|switch|p1a: Firework|Gengar|100/100\n|switch|p2a: Tauros|Tauros|100/100\n|turn|1\n|inactive|BlazingDark also wants the timer to be on.\n|c|☆BlazingDark|i let you link the game\n|c|☆BlazingDark|hf\n|inactive|BlazingDark has 270 seconds left.\n|\n|t:|1784403151\n|move|p1a: Firework|Hypnosis|p2a: Tauros|[miss]\n|-miss|p1a: Firework\n|move|p2a: Tauros|Earthquake|p1a: Firework\n|-supereffective|p1a: Firework\n|-damage|p1a: Firework|37/100\n|\n|upkeep\n|turn|2\n|\n|t:|1784403155\n|move|p1a: Firework|Hypnosis|p2a: Tauros\n|-status|p2a: Tauros|slp|[from] move: Hypnosis\n|cant|p2a: Tauros|slp\n|\n|upkeep\n|turn|3\n|\n|t:|1784403157\n|cant|p2a: Tauros|slp\n|move|p1a: Firework|Psychic|p2a: Tauros\n|-damage|p2a: Tauros|68/100 slp\n|\n|upkeep\n|turn|4\n|inactive|BlazingDark has 270 seconds left.\n|inactive|BlazingDark has 240 seconds left.\n|\n|t:|1784403219\n|switch|p2a: Starmie|Starmie|100/100\n|move|p1a: Firework|Psychic|p2a: Starmie\n|-resisted|p2a: Starmie\n|-damage|p2a: Starmie|88/100\n|\n|upkeep\n|turn|5\n|\n|t:|1784403224\n|switch|p1a: Peacock|Chansey|100/100\n|move|p2a: Starmie|Blizzard|p1a: Peacock\n|-damage|p1a: Peacock|88/100\n|\n|upkeep\n|turn|6\n|inactive|BlazingDark has 240 seconds left.\n|\n|t:|1784403245\n|move|p2a: Starmie|Thunder Wave|p1a: Peacock\n|-status|p1a: Peacock|par\n|move|p1a: Peacock|Thunder Wave|p2a: Starmie\n|-status|p2a: Starmie|par\n|\n|upkeep\n|turn|7\n|\n|t:|1784403250\n|switch|p2a: Snorlax|Snorlax|100/100\n|move|p1a: Peacock|Seismic Toss|p2a: Snorlax\n|-damage|p2a: Snorlax|81/100\n|\n|upkeep\n|turn|8\n|\n|t:|1784403261\n|move|p2a: Snorlax|Body Slam|p1a: Peacock\n|-damage|p1a: Peacock|45/100 par\n|move|p1a: Peacock|Thunder Wave|p2a: Snorlax\n|-status|p2a: Snorlax|par\n|\n|upkeep\n|turn|9\n|\n|t:|1784403264\n|move|p1a: Peacock|Soft-Boiled|p1a: Peacock\n|-heal|p1a: Peacock|95/100 par\n|move|p2a: Snorlax|Body Slam|p1a: Peacock|[miss]\n|-miss|p2a: Snorlax\n|-hint|In Gen 1, moves with 100% accuracy can still miss 1/256 of the time.\n|\n|upkeep\n|turn|10\n|\n|t:|1784403271\n|move|p2a: Snorlax|Body Slam|p1a: Peacock\n|-damage|p1a: Peacock|52/100 par\n|move|p1a: Peacock|Counter|p2a: Snorlax\n|-damage|p2a: Snorlax|0 fnt\n|faint|p2a: Snorlax\n|\n|t:|1784403277\n|switch|p2a: Rhydon|Rhydon|100/100\n|turn|11\n|\n|t:|1784403295\n|switch|p1a: E.T.|Exeggutor|100/100\n|move|p2a: Rhydon|Body Slam|p1a: E.T.\n|-damage|p1a: E.T.|79/100\n|\n|upkeep\n|turn|12\n|\n|t:|1784403299\n|switch|p2a: Starmie|Starmie|88/100 par\n|move|p1a: E.T.|Psychic|p2a: Starmie\n|-resisted|p2a: Starmie\n|-damage|p2a: Starmie|69/100 par\n|\n|upkeep\n|turn|13\n|\n|t:|1784403302\n|switch|p1a: Peacock|Chansey|52/100 par\n|move|p2a: Starmie|Recover|p2a: Starmie\n|-heal|p2a: Starmie|100/100 par\n|\n|upkeep\n|turn|14\n|\n|t:|1784403308\n|switch|p2a: Rhydon|Rhydon|100/100\n|move|p1a: Peacock|Soft-Boiled|p1a: Peacock\n|-heal|p1a: Peacock|100/100 par\n|\n|upkeep\n|turn|15\n|\n|t:|1784403315\n|switch|p1a: Teenage Dream|Snorlax|100/100\n|move|p2a: Rhydon|Body Slam|p1a: Teenage Dream\n|-damage|p1a: Teenage Dream|80/100\n|\n|upkeep\n|turn|16\n|\n|t:|1784403321\n|move|p2a: Rhydon|Earthquake|p1a: Teenage Dream\n|-damage|p1a: Teenage Dream|48/100\n|move|p1a: Teenage Dream|Ice Beam|p2a: Rhydon\n|-supereffective|p2a: Rhydon\n|-damage|p2a: Rhydon|60/100\n|\n|upkeep\n|turn|17\n|\n|t:|1784403340\n|switch|p1a: E.T.|Exeggutor|79/100\n|move|p2a: Rhydon|Earthquake|p1a: E.T.\n|-resisted|p1a: E.T.\n|-damage|p1a: E.T.|59/100\n|\n|upkeep\n|turn|18\n|\n|t:|1784403344\n|switch|p2a: Starmie|Starmie|100/100 par\n|move|p1a: E.T.|Mega Drain|p2a: Starmie\n|-supereffective|p2a: Starmie\n|-damage|p2a: Starmie|63/100 par\n|-heal|p1a: E.T.|74/100|[from] drain|[of] p2a: Starmie\n|\n|upkeep\n|turn|19\n|\n|t:|1784403348\n|move|p1a: E.T.|Mega Drain|p2a: Starmie\n|-supereffective|p2a: Starmie\n|-damage|p2a: Starmie|26/100 par\n|-heal|p1a: E.T.|89/100|[from] drain|[of] p2a: Starmie\n|move|p2a: Starmie|Recover|p2a: Starmie\n|-heal|p2a: Starmie|76/100 par\n|\n|upkeep\n|turn|20\n|\n|t:|1784403351\n|move|p1a: E.T.|Mega Drain|p2a: Starmie\n|-supereffective|p2a: Starmie\n|-damage|p2a: Starmie|39/100 par\n|-heal|p1a: E.T.|100/100|[from] drain|[of] p2a: Starmie\n|move|p2a: Starmie|Thunder Wave|p1a: E.T.\n|-status|p1a: E.T.|par\n|\n|upkeep\n|turn|21\n|\n|t:|1784403355\n|move|p2a: Starmie|Recover|p2a: Starmie\n|-heal|p2a: Starmie|89/100 par\n|move|p1a: E.T.|Psychic|p2a: Starmie\n|-resisted|p2a: Starmie\n|-damage|p2a: Starmie|71/100 par\n|\n|upkeep\n|turn|22\n|\n|t:|1784403361\n|switch|p1a: Peacock|Chansey|100/100 par\n|move|p2a: Starmie|Recover|p2a: Starmie\n|-heal|p2a: Starmie|100/100 par\n|\n|upkeep\n|turn|23\n|\n|t:|1784403367\n|move|p2a: Starmie|Psychic|p1a: Peacock\n|-damage|p1a: Peacock|87/100 par\n|move|p1a: Peacock|Seismic Toss|p2a: Starmie\n|-damage|p2a: Starmie|70/100 par\n|\n|upkeep\n|turn|24\n|\n|t:|1784403373\n|move|p2a: Starmie|Recover|p2a: Starmie\n|-heal|p2a: Starmie|100/100 par\n|move|p1a: Peacock|Seismic Toss|p2a: Starmie\n|-damage|p2a: Starmie|70/100 par\n|\n|upkeep\n|turn|25\n|\n|t:|1784403378\n|move|p2a: Starmie|Recover|p2a: Starmie\n|-heal|p2a: Starmie|100/100 par\n|move|p1a: Peacock|Seismic Toss|p2a: Starmie\n|-damage|p2a: Starmie|70/100 par\n|\n|upkeep\n|turn|26\n|\n|t:|1784403382\n|move|p2a: Starmie|Recover|p2a: Starmie\n|-heal|p2a: Starmie|100/100 par\n|move|p1a: Peacock|Seismic Toss|p2a: Starmie\n|-damage|p2a: Starmie|70/100 par\n|\n|upkeep\n|turn|27\n|\n|t:|1784403385\n|move|p2a: Starmie|Recover|p2a: Starmie\n|-heal|p2a: Starmie|100/100 par\n|cant|p1a: Peacock|par\n|\n|upkeep\n|turn|28\n|\n|t:|1784403389\n|move|p2a: Starmie|Psychic|p1a: Peacock\n|-damage|p1a: Peacock|73/100 par\n|move|p1a: Peacock|Seismic Toss|p2a: Starmie\n|-damage|p2a: Starmie|70/100 par\n|\n|upkeep\n|turn|29\n|\n|t:|1784403393\n|cant|p2a: Starmie|par\n|move|p1a: Peacock|Soft-Boiled|p1a: Peacock\n|-heal|p1a: Peacock|100/100 par\n|\n|upkeep\n|turn|30\n|\n|t:|1784403394\n|move|p2a: Starmie|Recover|p2a: Starmie\n|-heal|p2a: Starmie|100/100 par\n|move|p1a: Peacock|Seismic Toss|p2a: Starmie\n|-damage|p2a: Starmie|70/100 par\n|\n|upkeep\n|turn|31\n|\n|t:|1784403396\n|move|p2a: Starmie|Recover|p2a: Starmie\n|-heal|p2a: Starmie|100/100 par\n|move|p1a: Peacock|Seismic Toss|p2a: Starmie\n|-damage|p2a: Starmie|70/100 par\n|\n|upkeep\n|turn|32\n|\n|t:|1784403399\n|move|p2a: Starmie|Recover|p2a: Starmie\n|-heal|p2a: Starmie|100/100 par\n|move|p1a: Peacock|Seismic Toss|p2a: Starmie\n|-damage|p2a: Starmie|70/100 par\n|\n|upkeep\n|turn|33\n|\n|t:|1784403401\n|move|p2a: Starmie|Recover|p2a: Starmie\n|-heal|p2a: Starmie|100/100 par\n|move|p1a: Peacock|Seismic Toss|p2a: Starmie\n|-damage|p2a: Starmie|70/100 par\n|\n|upkeep\n|turn|34\n|\n|t:|1784403406\n|switch|p1a: Firework|Gengar|37/100\n|move|p2a: Starmie|Recover|p2a: Starmie\n|-heal|p2a: Starmie|100/100 par\n|\n|upkeep\n|turn|35\n|\n|t:|1784403422\n|move|p1a: Firework|Psychic|p2a: Starmie\n|-resisted|p2a: Starmie\n|-damage|p2a: Starmie|87/100 par\n|cant|p2a: Starmie|par\n|\n|upkeep\n|turn|36\n|\n|t:|1784403433\n|switch|p2a: Tauros|Tauros|68/100 slp\n|move|p1a: Firework|Thunderbolt|p2a: Tauros\n|-damage|p2a: Tauros|36/100 slp\n|\n|upkeep\n|turn|37\n|\n|t:|1784403438\n|switch|p2a: Alakazam|Alakazam|100/100\n|move|p1a: Firework|Psychic|p2a: Alakazam\n|-resisted|p2a: Alakazam\n|-damage|p2a: Alakazam|90/100\n|\n|upkeep\n|turn|38\n|\n|t:|1784403443\n|switch|p1a: E.T.|Exeggutor|100/100 par\n|move|p2a: Alakazam|Psychic|p1a: E.T.\n|-resisted|p1a: E.T.\n|-damage|p1a: E.T.|86/100 par\n|\n|upkeep\n|turn|39\n|\n|t:|1784403461\n|switch|p2a: Starmie|Starmie|87/100 par\n|move|p1a: E.T.|Psychic|p2a: Starmie\n|-crit|p2a: Starmie\n|-resisted|p2a: Starmie\n|-damage|p2a: Starmie|49/100 par\n|\n|upkeep\n|turn|40\n|\n|t:|1784403464\n|cant|p2a: Starmie|par\n|cant|p1a: E.T.|par\n|\n|upkeep\n|turn|41\n|\n|t:|1784403466\n|cant|p2a: Starmie|par\n|move|p1a: E.T.|Psychic|p2a: Starmie\n|-resisted|p2a: Starmie\n|-damage|p2a: Starmie|29/100 par\n|-unboost|p2a: Starmie|spa|1\n|-unboost|p2a: Starmie|spd|1\n|\n|upkeep\n|turn|42\n|\n|t:|1784403470\n|switch|p2a: Alakazam|Alakazam|90/100\n|cant|p1a: E.T.|par\n|\n|upkeep\n|turn|43\n|\n|t:|1784403472\n|switch|p2a: Starmie|Starmie|29/100 par\n|move|p1a: E.T.|Stun Spore|p2a: Starmie|[miss]\n|-miss|p1a: E.T.\n|\n|upkeep\n|turn|44\n|\n|t:|1784403475\n|cant|p2a: Starmie|par\n|move|p1a: E.T.|Mega Drain|p2a: Starmie\n|-supereffective|p2a: Starmie\n|-damage|p2a: Starmie|0 fnt\n|-heal|p1a: E.T.|98/100 par|[from] drain|[of] p2a: Starmie\n|faint|p2a: Starmie\n|\n|t:|1784403485\n|switch|p2a: Slowbro|Slowbro|100/100\n|turn|45\n|\n|t:|1784403488\n|move|p2a: Slowbro|Amnesia|p2a: Slowbro\n|-boost|p2a: Slowbro|spa|2\n|-boost|p2a: Slowbro|spd|2\n|move|p1a: E.T.|Stun Spore|p2a: Slowbro\n|-status|p2a: Slowbro|par\n|\n|upkeep\n|turn|46\n|\n|t:|1784403492\n|switch|p1a: Teenage Dream|Snorlax|48/100\n|cant|p2a: Slowbro|par\n|\n|upkeep\n|turn|47\n|\n|t:|1784403495\n|move|p1a: Teenage Dream|Body Slam|p2a: Slowbro\n|-damage|p2a: Slowbro|73/100 par\n|move|p2a: Slowbro|Surf|p1a: Teenage Dream\n|-damage|p1a: Teenage Dream|0 fnt\n|faint|p1a: Teenage Dream\n|\n|t:|1784403499\n|switch|p1a: Firework|Gengar|37/100\n|turn|48\n|\n|t:|1784403512\n|move|p1a: Firework|Explosion|p2a: Slowbro\n|-crit|p2a: Slowbro\n|-damage|p2a: Slowbro|0 fnt\n|faint|p2a: Slowbro\n|faint|p1a: Firework\n|\n|t:|1784403523\n|switch|p1a: Last Friday Night|Tauros|100/100\n|switch|p2a: Alakazam|Alakazam|90/100\n|turn|49\n|\n|t:|1784403541\n|move|p2a: Alakazam|Thunder Wave|p1a: Last Friday Night|[miss]\n|-miss|p2a: Alakazam\n|-hint|In Gen 1, moves with 100% accuracy can still miss 1/256 of the time.\n|move|p1a: Last Friday Night|Body Slam|p2a: Alakazam\n|-damage|p2a: Alakazam|37/100\n|\n|upkeep\n|turn|50\n|c|☆BlazingDark|damn\n|c|☆BlazingDark|what a game !\n|c|☆Soda Krys|myb\n|\n|t:|1784403553\n|move|p2a: Alakazam|Thunder Wave|p1a: Last Friday Night\n|-status|p1a: Last Friday Night|par\n|move|p1a: Last Friday Night|Body Slam|p2a: Alakazam\n|-damage|p2a: Alakazam|0 fnt\n|faint|p2a: Alakazam\n|c|☆Soda Krys|:<\n|\n|t:|1784403560\n|switch|p2a: Rhydon|Rhydon|60/100\n|turn|51\n|\n|t:|1784403562\n|move|p2a: Rhydon|Earthquake|p1a: Last Friday Night\n|-crit|p1a: Last Friday Night\n|-damage|p1a: Last Friday Night|24/100 par\n|move|p1a: Last Friday Night|Earthquake|p2a: Rhydon\n|-supereffective|p2a: Rhydon\n|-damage|p2a: Rhydon|26/100\n|\n|upkeep\n|turn|52\n|\n|t:|1784403572\n|move|p2a: Rhydon|Earthquake|p1a: Last Friday Night\n|-damage|p1a: Last Friday Night|0 fnt\n|faint|p1a: Last Friday Night\n|\n|t:|1784403573\n|switch|p1a: California Gurls|Jynx|100/100\n|turn|53\n|\n|t:|1784403576\n|move|p1a: California Gurls|Psychic|p2a: Rhydon\n|-damage|p2a: Rhydon|0 fnt\n|faint|p2a: Rhydon\n|c|☆BlazingDark|gg \n|c|☆BlazingDark|/log BlazingDark made the replay of this battle unlisted.\n|c|☆Soda Krys|gg\n|-message|BlazingDark forfeited.\n|\n|win|Soda Krys\n|player|p2|\n|player|p1|\n","uploadtime":1784403584,"views":"113","formatid":"gen1ou","rating":null,"private":2,"password":null}