{"id":"smogtours-gen1ou-824930","format":"[Gen 1] OU","players":["Serpi n_n","chuva de perereca"],"log":"|inactive|Battle timer is ON: inactive players will automatically lose when time's up.\n|t:|1742058183\n|gametype|singles\n|player|p1|Serpi n_n|#splxviraiders|\n|player|p2|chuva de perereca|lyra|\n|teamsize|p1|6\n|teamsize|p2|6\n|gen|1\n|tier|[Gen 1] OU\n|rule|Desync Clause Mod: Desyncs changed to move failure.\n|rule|Sleep Clause Mod: Limit one foe put to sleep\n|rule|Freeze Clause Mod: Limit one foe frozen\n|rule|Species Clause: Limit one of each Pokémon\n|rule|OHKO Clause: OHKO moves are banned\n|rule|Evasion Moves Clause: Evasion moves are banned\n|rule|Endless Battle Clause: Forcing endless battles is banned\n|rule|HP Percentage Mod: HP is shown in percentages\n|\n|t:|1742058183\n|start\n|switch|p1a: Starmie|Starmie|100/100\n|switch|p2a: Chansey|Chansey|100/100\n|turn|1\n|c|☆chuva de perereca|hf\n|c|☆Serpi n_n|hf\n|\n|t:|1742058189\n|move|p1a: Starmie|Blizzard|p2a: Chansey|[miss]\n|-miss|p1a: Starmie\n|move|p2a: Chansey|Sing|p1a: Starmie\n|-status|p1a: Starmie|slp|[from] move: Sing\n|\n|upkeep\n|turn|2\n|\n|t:|1742058198\n|switch|p1a: Exeggutor|Exeggutor|100/100\n|move|p2a: Chansey|Seismic Toss|p1a: Exeggutor\n|-damage|p1a: Exeggutor|75/100\n|\n|upkeep\n|turn|3\n|\n|t:|1742058200\n|move|p1a: Exeggutor|Sleep Powder|p2a: Chansey\n|-status|p2a: Chansey|slp|[from] move: Sleep Powder\n|cant|p2a: Chansey|slp\n|\n|upkeep\n|turn|4\n|\n|t:|1742058209\n|switch|p1a: Snorlax|Snorlax|100/100\n|cant|p2a: Chansey|slp\n|\n|upkeep\n|turn|5\n|\n|t:|1742058212\n|switch|p2a: Snorlax|Snorlax|100/100\n|move|p1a: Snorlax|Body Slam|p2a: Snorlax\n|-damage|p2a: Snorlax|76/100\n|\n|upkeep\n|turn|6\n|\n|t:|1742058224\n|move|p2a: Snorlax|Reflect|p2a: Snorlax\n|-start|p2a: Snorlax|Reflect\n|move|p1a: Snorlax|Body Slam|p2a: Snorlax\n|-damage|p2a: Snorlax|63/100\n|\n|upkeep\n|turn|7\n|\n|t:|1742058244\n|switch|p1a: Chansey|Chansey|100/100\n|move|p2a: Snorlax|Body Slam|p1a: Chansey\n|-damage|p1a: Chansey|58/100\n|\n|upkeep\n|turn|8\n|\n|t:|1742058251\n|move|p1a: Chansey|Reflect|p1a: Chansey\n|-start|p1a: Chansey|Reflect\n|move|p2a: Snorlax|Body Slam|p1a: Chansey\n|-damage|p1a: Chansey|39/100\n|\n|upkeep\n|turn|9\n|\n|t:|1742058263\n|switch|p2a: Exeggutor|Exeggutor|100/100\n|move|p1a: Chansey|Soft-Boiled|p1a: Chansey\n|-heal|p1a: Chansey|89/100\n|\n|upkeep\n|turn|10\n|\n|t:|1742058274\n|move|p2a: Exeggutor|Stun Spore|p1a: Chansey\n|-status|p1a: Chansey|par\n|cant|p1a: Chansey|par\n|\n|upkeep\n|turn|11\n|\n|t:|1742058280\n|switch|p2a: Chansey|Chansey|100/100 slp\n|move|p1a: Chansey|Thunder Wave|p2a: Chansey\n|-fail|p2a: Chansey\n|\n|upkeep\n|turn|12\n|\n|t:|1742058288\n|switch|p2a: Snorlax|Snorlax|63/100\n|switch|p1a: Snorlax|Snorlax|100/100\n|\n|upkeep\n|turn|13\n|\n|t:|1742058306\n|switch|p1a: Exeggutor|Exeggutor|75/100\n|move|p2a: Snorlax|Reflect|p2a: Snorlax\n|-start|p2a: Snorlax|Reflect\n|\n|upkeep\n|turn|14\n|\n|t:|1742058315\n|switch|p2a: Exeggutor|Exeggutor|100/100\n|move|p1a: Exeggutor|Psychic|p2a: Exeggutor\n|-resisted|p2a: Exeggutor\n|-damage|p2a: Exeggutor|87/100\n|\n|upkeep\n|turn|15\n|inactive|Serpi n_n has 270 seconds left.\n|\n|t:|1742058346\n|switch|p1a: Chansey|Chansey|89/100 par\n|move|p2a: Exeggutor|Psychic|p1a: Chansey\n|-damage|p1a: Chansey|70/100 par\n|-unboost|p1a: Chansey|spa|1\n|-unboost|p1a: Chansey|spd|1\n|\n|upkeep\n|turn|16\n|\n|t:|1742058351\n|switch|p2a: Rhydon|Rhydon|100/100\n|move|p1a: Chansey|Thunder Wave|p2a: Rhydon\n|-immune|p2a: Rhydon\n|\n|upkeep\n|turn|17\n|\n|t:|1742058363\n|switch|p1a: Exeggutor|Exeggutor|75/100\n|move|p2a: Rhydon|Body Slam|p1a: Exeggutor\n|-damage|p1a: Exeggutor|54/100\n|\n|upkeep\n|turn|18\n|\n|t:|1742058371\n|switch|p2a: Exeggutor|Exeggutor|87/100\n|move|p1a: Exeggutor|Stun Spore|p2a: Exeggutor\n|-status|p2a: Exeggutor|par\n|\n|upkeep\n|turn|19\n|\n|t:|1742058381\n|switch|p1a: Starmie|Starmie|100/100 slp\n|cant|p2a: Exeggutor|par\n|\n|upkeep\n|turn|20\n|\n|t:|1742058400\n|switch|p1a: Snorlax|Snorlax|100/100\n|switch|p2a: Snorlax|Snorlax|63/100\n|\n|upkeep\n|turn|21\n|\n|t:|1742058406\n|move|p1a: Snorlax|Body Slam|p2a: Snorlax\n|-damage|p2a: Snorlax|37/100\n|move|p2a: Snorlax|Self-Destruct|p1a: Snorlax\n|-damage|p1a: Snorlax|19/100\n|faint|p2a: Snorlax\n|\n|t:|1742058409\n|switch|p2a: Tauros|Tauros|100/100\n|turn|22\n|\n|t:|1742058426\n|switch|p1a: Zapdos|Zapdos|100/100\n|move|p2a: Tauros|Body Slam|p1a: Zapdos\n|-damage|p1a: Zapdos|73/100\n|\n|upkeep\n|turn|23\n|\n|t:|1742058442\n|switch|p2a: Rhydon|Rhydon|100/100\n|move|p1a: Zapdos|Drill Peck|p2a: Rhydon\n|-crit|p2a: Rhydon\n|-resisted|p2a: Rhydon\n|-damage|p2a: Rhydon|83/100\n|\n|upkeep\n|turn|24\n|\n|t:|1742058458\n|switch|p1a: Snorlax|Snorlax|19/100\n|move|p2a: Rhydon|Earthquake|p1a: Snorlax\n|-damage|p1a: Snorlax|0 fnt\n|faint|p1a: Snorlax\n|\n|t:|1742058460\n|switch|p1a: Tauros|Tauros|100/100\n|turn|25\n|\n|t:|1742058476\n|move|p1a: Tauros|Body Slam|p2a: Rhydon\n|-resisted|p2a: Rhydon\n|-damage|p2a: Rhydon|73/100\n|move|p2a: Rhydon|Earthquake|p1a: Tauros\n|-damage|p1a: Tauros|58/100\n|\n|upkeep\n|turn|26\n|\n|t:|1742058482\n|switch|p2a: Starmie|Starmie|100/100\n|move|p1a: Tauros|Blizzard|p2a: Starmie|[miss]\n|-miss|p1a: Tauros\n|\n|upkeep\n|turn|27\n|\n|t:|1742058500\n|switch|p2a: Rhydon|Rhydon|73/100\n|switch|p1a: Chansey|Chansey|70/100 par\n|\n|upkeep\n|turn|28\n|\n|t:|1742058507\n|switch|p1a: Exeggutor|Exeggutor|54/100\n|move|p2a: Rhydon|Earthquake|p1a: Exeggutor\n|-resisted|p1a: Exeggutor\n|-damage|p1a: Exeggutor|36/100\n|\n|upkeep\n|turn|29\n|\n|t:|1742058515\n|switch|p2a: Exeggutor|Exeggutor|87/100 par\n|move|p1a: Exeggutor|Psychic|p2a: Exeggutor\n|-resisted|p2a: Exeggutor\n|-damage|p2a: Exeggutor|75/100 par\n|\n|upkeep\n|turn|30\n|\n|t:|1742058521\n|switch|p1a: Starmie|Starmie|100/100 slp\n|cant|p2a: Exeggutor|par\n|\n|upkeep\n|turn|31\n|\n|t:|1742058529\n|switch|p2a: Tauros|Tauros|100/100\n|cant|p1a: Starmie|slp\n|\n|upkeep\n|turn|32\n|\n|t:|1742058539\n|cant|p1a: Starmie|slp\n|move|p2a: Tauros|Body Slam|p1a: Starmie\n|-damage|p1a: Starmie|68/100 slp\n|\n|upkeep\n|turn|33\n|\n|t:|1742058543\n|-curestatus|p1a: Starmie|slp|[msg]\n|move|p2a: Tauros|Body Slam|p1a: Starmie\n|-damage|p1a: Starmie|32/100\n|\n|upkeep\n|turn|34\n|\n|t:|1742058557\n|move|p1a: Starmie|Recover|p1a: Starmie\n|-heal|p1a: Starmie|82/100\n|move|p2a: Tauros|Body Slam|p1a: Starmie\n|-damage|p1a: Starmie|46/100\n|\n|upkeep\n|turn|35\n|\n|t:|1742058566\n|move|p1a: Starmie|Recover|p1a: Starmie\n|-heal|p1a: Starmie|96/100\n|move|p2a: Tauros|Body Slam|p1a: Starmie\n|-damage|p1a: Starmie|60/100\n|-status|p1a: Starmie|par\n|\n|upkeep\n|turn|36\n|\n|t:|1742058584\n|move|p2a: Tauros|Hyper Beam|p1a: Starmie\n|-damage|p1a: Starmie|0 fnt\n|faint|p1a: Starmie\n|\n|t:|1742058599\n|switch|p1a: Zapdos|Zapdos|73/100\n|turn|37\n|\n|t:|1742058606\n|move|p2a: Tauros|Body Slam|p1a: Zapdos\n|-damage|p1a: Zapdos|44/100\n|move|p1a: Zapdos|Thunder Wave|p2a: Tauros\n|-status|p2a: Tauros|par\n|\n|upkeep\n|turn|38\n|\n|t:|1742058617\n|move|p1a: Zapdos|Thunderbolt|p2a: Tauros\n|-damage|p2a: Tauros|55/100 par\n|cant|p2a: Tauros|par\n|\n|upkeep\n|turn|39\n|\n|t:|1742058646\n|switch|p1a: Tauros|Tauros|58/100\n|move|p2a: Tauros|Hyper Beam|p1a: Tauros\n|-damage|p1a: Tauros|11/100\n|-mustrecharge|p2a: Tauros\n|\n|upkeep\n|turn|40\n|\n|t:|1742058653\n|move|p1a: Tauros|Body Slam|p2a: Tauros\n|-damage|p2a: Tauros|27/100 par\n|cant|p2a: Tauros|recharge\n|\n|upkeep\n|turn|41\n|\n|t:|1742058657\n|move|p1a: Tauros|Body Slam|p2a: Tauros\n|-damage|p2a: Tauros|0 fnt\n|faint|p2a: Tauros\n|\n|t:|1742058659\n|switch|p2a: Starmie|Starmie|100/100\n|turn|42\n|\n|t:|1742058669\n|switch|p2a: Rhydon|Rhydon|73/100\n|switch|p1a: Chansey|Chansey|70/100 par\n|\n|upkeep\n|turn|43\n|\n|t:|1742058675\n|switch|p1a: Exeggutor|Exeggutor|36/100\n|move|p2a: Rhydon|Earthquake|p1a: Exeggutor\n|-resisted|p1a: Exeggutor\n|-damage|p1a: Exeggutor|16/100\n|\n|upkeep\n|turn|44\n|\n|t:|1742058692\n|switch|p2a: Exeggutor|Exeggutor|75/100 par\n|move|p1a: Exeggutor|Explosion|p2a: Exeggutor\n|-crit|p2a: Exeggutor\n|-damage|p2a: Exeggutor|0 fnt\n|faint|p2a: Exeggutor\n|faint|p1a: Exeggutor\n|\n|t:|1742058714\n|switch|p1a: Chansey|Chansey|70/100 par\n|switch|p2a: Rhydon|Rhydon|73/100\n|turn|45\n|\n|t:|1742058723\n|switch|p1a: Zapdos|Zapdos|44/100\n|move|p2a: Rhydon|Earthquake|p1a: Zapdos\n|-immune|p1a: Zapdos\n|\n|upkeep\n|turn|46\n|\n|t:|1742058729\n|move|p1a: Zapdos|Drill Peck|p2a: Rhydon\n|-crit|p2a: Rhydon\n|-resisted|p2a: Rhydon\n|-damage|p2a: Rhydon|54/100\n|move|p2a: Rhydon|Body Slam|p1a: Zapdos\n|-damage|p1a: Zapdos|20/100\n|-status|p1a: Zapdos|par\n|\n|upkeep\n|turn|47\n|\n|t:|1742058732\n|move|p2a: Rhydon|Substitute|p2a: Rhydon\n|-start|p2a: Rhydon|Substitute\n|-damage|p2a: Rhydon|29/100\n|move|p1a: Zapdos|Drill Peck|p2a: Rhydon\n|-resisted|p2a: Rhydon\n|-activate|p2a: Rhydon|Substitute|[damage]\n|\n|upkeep\n|turn|48\n|\n|t:|1742058735\n|move|p2a: Rhydon|Body Slam|p1a: Zapdos\n|-damage|p1a: Zapdos|0 fnt\n|faint|p1a: Zapdos\n|\n|t:|1742058752\n|switch|p1a: Chansey|Chansey|70/100 par\n|turn|49\n|\n|t:|1742058756\n|move|p2a: Rhydon|Earthquake|p1a: Chansey\n|-damage|p1a: Chansey|20/100 par\n|move|p1a: Chansey|Reflect|p1a: Chansey\n|-start|p1a: Chansey|Reflect\n|\n|upkeep\n|turn|50\n|\n|t:|1742058759\n|move|p2a: Rhydon|Earthquake|p1a: Chansey\n|-damage|p1a: Chansey|0 fnt\n|faint|p1a: Chansey\n|c|☆Serpi n_n|gg\n|c|☆chuva de perereca|ggs\n|-message|Serpi n_n forfeited.\n|\n|win|chuva de perereca\n|player|p1|\n|player|p2|\n","uploadtime":1742058766,"views":"1962","formatid":"gen1ou","rating":null,"private":0,"password":null}