{"id":"smogtours-gen1ou-968646","format":"[Gen 1] OU","players":["Amaranth","wooooo rby"],"log":"|inactive|Battle timer is ON: inactive players will automatically lose when time's up.\n|t:|1788618953\n|gametype|singles\n|player|p1|Amaranth|#amaranth|\n|player|p2|wooooo rby|lucas|\n|gen|1\n|tier|[Gen 1] OU\n|rule|Desync Clause Mod: Desyncs resolve to link battle behavior from the acting player's perspective.\n|rule|HP Percentage Mod: HP is shown in percentages\n|rule|Endless Battle Clause: Forcing endless battles is banned\n|rule|Sleep Clause Mod: Limit one foe put to sleep\n|rule|Freeze Clause Mod: Limit one foe frozen\n|rule|Species Clause: Limit one of each Pokémon\n|rule|OHKO Clause: OHKO moves are banned\n|rule|Evasion Moves Clause: Evasion moves are banned\n|\n|t:|1788618953\n|teamsize|p1|6\n|teamsize|p2|6\n|start\n|switch|p1a: Jynx|Jynx|100/100\n|switch|p2a: Jynx|Jynx|100/100\n|turn|1\n|c|☆wooooo rby|h\n|c|☆wooooo rby|f\n|\n|t:|1788618960\n|move|p1a: Jynx|Lovely Kiss|p2a: Jynx\n|-status|p2a: Jynx|slp|[from] move: Lovely Kiss\n|-curestatus|p2a: Jynx|slp|[msg]\n|\n|upkeep\n|turn|2\n|c|☆Amaranth|glhf\n|\n|t:|1788618963\n|move|p1a: Jynx|Lovely Kiss|p2a: Jynx\n|-status|p2a: Jynx|slp|[from] move: Lovely Kiss\n|cant|p2a: Jynx|slp\n|\n|upkeep\n|turn|3\n|\n|t:|1788618968\n|switch|p2a: Starmie|Starmie|100/100\n|switch|p1a: Tauros|Tauros|100/100\n|\n|upkeep\n|turn|4\n|\n|t:|1788618973\n|switch|p1a: Chansey|Chansey|100/100\n|move|p2a: Starmie|Thunder Wave|p1a: Chansey\n|-status|p1a: Chansey|par\n|\n|upkeep\n|turn|5\n|\n|t:|1788618976\n|switch|p2a: Jynx|Jynx|100/100 slp\n|move|p1a: Chansey|Thunder Wave|p2a: Jynx\n|-fail|p2a: Jynx\n|\n|upkeep\n|turn|6\n|\n|t:|1788618979\n|switch|p1a: Tauros|Tauros|100/100\n|-curestatus|p2a: Jynx|slp|[msg]\n|\n|upkeep\n|turn|7\n|\n|t:|1788618985\n|switch|p1a: Chansey|Chansey|100/100 par\n|move|p2a: Jynx|Lovely Kiss|p1a: Chansey\n|-fail|p1a: Chansey\n|\n|upkeep\n|turn|8\n|\n|t:|1788618988\n|move|p2a: Jynx|Blizzard|p1a: Chansey\n|-damage|p1a: Chansey|82/100 par\n|cant|p1a: Chansey|par\n|\n|upkeep\n|turn|9\n|\n|t:|1788618991\n|move|p2a: Jynx|Blizzard|p1a: Chansey\n|-crit|p1a: Chansey\n|-damage|p1a: Chansey|45/100 par\n|cant|p1a: Chansey|par\n|\n|upkeep\n|turn|10\n|\n|t:|1788618995\n|switch|p2a: Snorlax|Snorlax|100/100\n|move|p1a: Chansey|Soft-Boiled|p1a: Chansey\n|-heal|p1a: Chansey|95/100 par\n|\n|upkeep\n|turn|11\n|\n|t:|1788618999\n|move|p2a: Snorlax|Earthquake|p1a: Chansey\n|-damage|p1a: Chansey|64/100 par\n|move|p1a: Chansey|Sing|p2a: Snorlax\n|-status|p2a: Snorlax|slp|[from] move: Sing\n|\n|upkeep\n|turn|12\n|\n|t:|1788619010\n|cant|p2a: Snorlax|slp\n|move|p1a: Chansey|Soft-Boiled|p1a: Chansey\n|-heal|p1a: Chansey|100/100 par\n|\n|upkeep\n|turn|13\n|\n|t:|1788619018\n|switch|p1a: Tauros|Tauros|100/100\n|cant|p2a: Snorlax|slp\n|\n|upkeep\n|turn|14\n|\n|t:|1788619021\n|switch|p2a: Starmie|Starmie|100/100\n|move|p1a: Tauros|Body Slam|p2a: Starmie\n|-damage|p2a: Starmie|65/100\n|-status|p2a: Starmie|par\n|\n|upkeep\n|turn|15\n|\n|t:|1788619026\n|switch|p1a: Chansey|Chansey|100/100 par\n|cant|p2a: Starmie|par\n|\n|upkeep\n|turn|16\n|\n|t:|1788619028\n|move|p2a: Starmie|Recover|p2a: Starmie\n|-heal|p2a: Starmie|100/100 par\n|move|p1a: Chansey|Seismic Toss|p2a: Starmie\n|-damage|p2a: Starmie|70/100 par\n|\n|upkeep\n|turn|17\n|\n|t:|1788619033\n|move|p2a: Starmie|Recover|p2a: Starmie\n|-heal|p2a: Starmie|100/100 par\n|move|p1a: Chansey|Seismic Toss|p2a: Starmie\n|-damage|p2a: Starmie|70/100 par\n|\n|upkeep\n|turn|18\n|\n|t:|1788619035\n|move|p2a: Starmie|Recover|p2a: Starmie\n|-heal|p2a: Starmie|100/100 par\n|move|p1a: Chansey|Seismic Toss|p2a: Starmie\n|-damage|p2a: Starmie|70/100 par\n|\n|upkeep\n|turn|19\n|\n|t:|1788619045\n|move|p2a: Starmie|Recover|p2a: Starmie\n|-heal|p2a: Starmie|100/100 par\n|cant|p1a: Chansey|par\n|\n|upkeep\n|turn|20\n|\n|t:|1788619049\n|move|p2a: Starmie|Surf|p1a: Chansey\n|-damage|p1a: Chansey|86/100 par\n|cant|p1a: Chansey|par\n|\n|upkeep\n|turn|21\n|\n|t:|1788619052\n|move|p2a: Starmie|Surf|p1a: Chansey\n|-damage|p1a: Chansey|71/100 par\n|move|p1a: Chansey|Seismic Toss|p2a: Starmie\n|-damage|p2a: Starmie|70/100 par\n|\n|upkeep\n|turn|22\n|\n|t:|1788619055\n|move|p2a: Starmie|Recover|p2a: Starmie\n|-heal|p2a: Starmie|100/100 par\n|move|p1a: Chansey|Seismic Toss|p2a: Starmie\n|-damage|p2a: Starmie|70/100 par\n|\n|upkeep\n|turn|23\n|\n|t:|1788619058\n|move|p2a: Starmie|Recover|p2a: Starmie\n|-heal|p2a: Starmie|100/100 par\n|move|p1a: Chansey|Seismic Toss|p2a: Starmie\n|-damage|p2a: Starmie|70/100 par\n|\n|upkeep\n|turn|24\n|\n|t:|1788619060\n|move|p2a: Starmie|Recover|p2a: Starmie\n|-heal|p2a: Starmie|100/100 par\n|cant|p1a: Chansey|par\n|\n|upkeep\n|turn|25\n|\n|t:|1788619063\n|move|p2a: Starmie|Surf|p1a: Chansey\n|-damage|p1a: Chansey|55/100 par\n|move|p1a: Chansey|Soft-Boiled|p1a: Chansey\n|-heal|p1a: Chansey|100/100 par\n|\n|upkeep\n|turn|26\n|\n|t:|1788619065\n|move|p2a: Starmie|Surf|p1a: Chansey\n|-crit|p1a: Chansey\n|-damage|p1a: Chansey|69/100 par\n|cant|p1a: Chansey|par\n|\n|upkeep\n|turn|27\n|\n|t:|1788619068\n|switch|p2a: Snorlax|Snorlax|100/100 slp\n|cant|p1a: Chansey|par\n|\n|upkeep\n|turn|28\n|\n|t:|1788619070\n|switch|p1a: Tauros|Tauros|100/100\n|cant|p2a: Snorlax|slp\n|\n|upkeep\n|turn|29\n|\n|t:|1788619077\n|switch|p2a: Starmie|Starmie|100/100 par\n|move|p1a: Tauros|Body Slam|p2a: Starmie\n|-crit|p2a: Starmie\n|-damage|p2a: Starmie|34/100 par\n|\n|upkeep\n|turn|30\n|\n|t:|1788619094\n|move|p1a: Tauros|Body Slam|p2a: Starmie\n|-damage|p2a: Starmie|0 fnt\n|faint|p2a: Starmie\n|\n|t:|1788619097\n|switch|p2a: Tauros|Tauros|100/100\n|turn|31\n|inactive|Amaranth has 270 seconds left.\n|\n|t:|1788619128\n|switch|p1a: Snorlax|Snorlax|100/100\n|move|p2a: Tauros|Body Slam|p1a: Snorlax\n|-damage|p1a: Snorlax|76/100\n|\n|upkeep\n|turn|32\n|\n|t:|1788619139\n|switch|p2a: Rhydon|Rhydon|100/100\n|move|p1a: Snorlax|Reflect|p1a: Snorlax\n|-start|p1a: Snorlax|Reflect\n|\n|upkeep\n|turn|33\n|\n|t:|1788619144\n|move|p2a: Rhydon|Earthquake|p1a: Snorlax\n|-damage|p1a: Snorlax|57/100\n|move|p1a: Snorlax|Earthquake|p2a: Rhydon\n|-crit|p2a: Rhydon\n|-supereffective|p2a: Rhydon\n|-damage|p2a: Rhydon|30/100\n|\n|upkeep\n|turn|34\n|\n|t:|1788619151\n|switch|p2a: Jynx|Jynx|100/100\n|move|p1a: Snorlax|Earthquake|p2a: Jynx\n|-damage|p2a: Jynx|56/100\n|\n|upkeep\n|turn|35\n|\n|t:|1788619154\n|switch|p1a: Chansey|Chansey|69/100 par\n|move|p2a: Jynx|Blizzard|p1a: Chansey|[miss]\n|-miss|p2a: Jynx\n|\n|upkeep\n|turn|36\n|\n|t:|1788619159\n|switch|p2a: Rhydon|Rhydon|30/100\n|cant|p1a: Chansey|par\n|\n|upkeep\n|turn|37\n|\n|t:|1788619164\n|switch|p1a: Exeggutor|Exeggutor|100/100\n|move|p2a: Rhydon|Body Slam|p1a: Exeggutor\n|-damage|p1a: Exeggutor|78/100\n|\n|upkeep\n|turn|38\n|\n|t:|1788619170\n|switch|p2a: Jynx|Jynx|56/100\n|move|p1a: Exeggutor|Psychic|p2a: Jynx\n|-resisted|p2a: Jynx\n|-damage|p2a: Jynx|38/100\n|-unboost|p2a: Jynx|spa|1\n|-unboost|p2a: Jynx|spd|1\n|\n|upkeep\n|turn|39\n|\n|t:|1788619176\n|switch|p2a: Rhydon|Rhydon|30/100\n|switch|p1a: Tauros|Tauros|100/100\n|\n|upkeep\n|turn|40\n|\n|t:|1788619184\n|switch|p2a: Snorlax|Snorlax|100/100 slp\n|move|p1a: Tauros|Earthquake|p2a: Snorlax\n|-damage|p2a: Snorlax|79/100 slp\n|\n|upkeep\n|turn|41\n|\n|t:|1788619187\n|move|p1a: Tauros|Body Slam|p2a: Snorlax\n|-damage|p2a: Snorlax|56/100 slp\n|cant|p2a: Snorlax|slp\n|\n|upkeep\n|turn|42\n|\n|t:|1788619189\n|move|p1a: Tauros|Body Slam|p2a: Snorlax\n|-damage|p2a: Snorlax|29/100 slp\n|cant|p2a: Snorlax|slp\n|\n|upkeep\n|turn|43\n|\n|t:|1788619192\n|move|p1a: Tauros|Body Slam|p2a: Snorlax\n|-damage|p2a: Snorlax|6/100 slp\n|-curestatus|p2a: Snorlax|slp|[msg]\n|\n|upkeep\n|turn|44\n|\n|t:|1788619200\n|switch|p2a: Tauros|Tauros|100/100\n|move|p1a: Tauros|Body Slam|p2a: Tauros\n|-damage|p2a: Tauros|73/100\n|\n|upkeep\n|turn|45\n|\n|t:|1788619204\n|move|p2a: Tauros|Blizzard|p1a: Tauros\n|-damage|p1a: Tauros|72/100\n|move|p1a: Tauros|Body Slam|p2a: Tauros\n|-damage|p2a: Tauros|43/100\n|\n|upkeep\n|turn|46\n|\n|t:|1788619213\n|switch|p2a: Alakazam|Alakazam|100/100\n|move|p1a: Tauros|Hyper Beam|p2a: Alakazam\n|-damage|p2a: Alakazam|10/100\n|-mustrecharge|p1a: Tauros\n|\n|upkeep\n|turn|47\n|\n|t:|1788619216\n|move|p2a: Alakazam|Thunder Wave|p1a: Tauros\n|-status|p1a: Tauros|par\n|cant|p1a: Tauros|recharge\n|\n|upkeep\n|turn|48\n|\n|t:|1788619224\n|move|p2a: Alakazam|Psychic|p1a: Tauros\n|-crit|p1a: Tauros\n|-damage|p1a: Tauros|0 fnt\n|faint|p1a: Tauros\n|c|☆Amaranth|fair\n|\n|t:|1788619252\n|switch|p1a: Exeggutor|Exeggutor|78/100\n|turn|49\n|inactive|Amaranth has 270 seconds left.\n|inactive|wooooo rby has 270 seconds left.\n|\n|t:|1788619298\n|move|p2a: Alakazam|Recover|p2a: Alakazam\n|-heal|p2a: Alakazam|60/100\n|move|p1a: Exeggutor|Psychic|p2a: Alakazam\n|-resisted|p2a: Alakazam\n|-damage|p2a: Alakazam|44/100\n|-unboost|p2a: Alakazam|spa|1\n|-unboost|p2a: Alakazam|spd|1\n|\n|upkeep\n|turn|50\n|inactive|wooooo rby has 270 seconds left.\n|\n|t:|1788619303\n|switch|p2a: Jynx|Jynx|38/100\n|move|p1a: Exeggutor|Explosion|p2a: Jynx\n|-damage|p2a: Jynx|0 fnt\n|faint|p2a: Jynx\n|faint|p1a: Exeggutor\n|inactive|wooooo rby has 270 seconds left.\n|\n|t:|1788619322\n|switch|p2a: Alakazam|Alakazam|44/100\n|switch|p1a: Jynx|Jynx|100/100\n|turn|51\n|\n|t:|1788619327\n|move|p2a: Alakazam|Thunder Wave|p1a: Jynx\n|-status|p1a: Jynx|par\n|cant|p1a: Jynx|par\n|\n|upkeep\n|turn|52\n|\n|t:|1788619331\n|move|p2a: Alakazam|Seismic Toss|p1a: Jynx\n|-damage|p1a: Jynx|70/100 par\n|cant|p1a: Jynx|par\n|\n|upkeep\n|turn|53\n|\n|t:|1788619335\n|move|p2a: Alakazam|Seismic Toss|p1a: Jynx\n|-damage|p1a: Jynx|40/100 par\n|cant|p1a: Jynx|par\n|\n|upkeep\n|turn|54\n|\n|t:|1788619338\n|move|p2a: Alakazam|Psychic|p1a: Jynx\n|-resisted|p1a: Jynx\n|-damage|p1a: Jynx|19/100 par\n|move|p1a: Jynx|Lovely Kiss|p2a: Alakazam\n|-status|p2a: Alakazam|slp|[from] move: Lovely Kiss\n|\n|upkeep\n|turn|55\n|\n|t:|1788619342\n|switch|p1a: Snorlax|Snorlax|57/100\n|cant|p2a: Alakazam|slp\n|\n|upkeep\n|turn|56\n|\n|t:|1788619346\n|cant|p2a: Alakazam|slp\n|move|p1a: Snorlax|Body Slam|p2a: Alakazam\n|-damage|p2a: Alakazam|0 fnt\n|faint|p2a: Alakazam\n|\n|t:|1788619349\n|switch|p2a: Tauros|Tauros|43/100\n|turn|57\n|\n|t:|1788619353\n|move|p2a: Tauros|Body Slam|p1a: Snorlax\n|-damage|p1a: Snorlax|31/100\n|move|p1a: Snorlax|Body Slam|p2a: Tauros\n|-damage|p2a: Tauros|10/100\n|\n|upkeep\n|turn|58\n|\n|t:|1788619364\n|move|p2a: Tauros|Hyper Beam|p1a: Snorlax\n|-damage|p1a: Snorlax|0 fnt\n|faint|p1a: Snorlax\n|\n|t:|1788619366\n|switch|p1a: Starmie|Starmie|100/100\n|turn|59\n|\n|t:|1788619370\n|move|p1a: Starmie|Psychic|p2a: Tauros\n|-crit|p2a: Tauros\n|-damage|p2a: Tauros|0 fnt\n|faint|p2a: Tauros\n|\n|t:|1788619372\n|switch|p2a: Snorlax|Snorlax|6/100\n|turn|60\n|\n|t:|1788619374\n|move|p1a: Starmie|Psychic|p2a: Snorlax\n|-damage|p2a: Snorlax|0 fnt\n|faint|p2a: Snorlax\n|c|☆wooooo rby|gg\n|\n|t:|1788619376\n|switch|p2a: Rhydon|Rhydon|30/100\n|turn|61\n|c|☆Amaranth|gg\n|\n|t:|1788619378\n|move|p1a: Starmie|Psychic|p2a: Rhydon\n|-crit|p2a: Rhydon\n|-damage|p2a: Rhydon|0 fnt\n|faint|p2a: Rhydon\n|\n|win|Amaranth\n","uploadtime":1788619378,"views":"122","formatid":"gen1ou","rating":null,"private":0,"password":null}