{"id":"smogtours-gen1ou-963724","format":"[Gen 1] OU","players":["1000papercranes","Serpi n_n"],"log":"|inactive|Battle timer is ON: inactive players will automatically lose when time's up.\n|t:|1786798867\n|gametype|singles\n|player|p1|1000papercranes|psychic-gen1rb|\n|player|p2|Serpi n_n|#rbywc2023|\n|gen|1\n|tier|[Gen 1] OU\n|rule|Desync Clause Mod: Desyncs resolve to link battle behavior from the acting player's perspective.\n|rule|HP Percentage Mod: HP is shown in percentages\n|rule|Endless Battle Clause: Forcing endless battles is banned\n|rule|Sleep Clause Mod: Limit one foe put to sleep\n|rule|Freeze Clause Mod: Limit one foe frozen\n|rule|Species Clause: Limit one of each Pokémon\n|rule|OHKO Clause: OHKO moves are banned\n|rule|Evasion Moves Clause: Evasion moves are banned\n|\n|t:|1786798867\n|teamsize|p1|6\n|teamsize|p2|6\n|start\n|switch|p1a: Starmie|Starmie|100/100\n|switch|p2a: Alakazam|Alakazam|100/100\n|turn|1\n|c|☆Serpi n_n|hf\n|c|☆1000papercranes|Gl Hf\n|inactive|1000papercranes has 270 seconds left.\n|inactive|Serpi n_n has 270 seconds left.\n|inactive|Serpi n_n has 240 seconds left.\n|inactive|1000papercranes has 240 seconds left.\n|inactive|Serpi n_n has 210 seconds left.\n|\n|t:|1786798975\n|move|p2a: Alakazam|Seismic Toss|p1a: Starmie\n|-damage|p1a: Starmie|70/100\n|move|p1a: Starmie|Blizzard|p2a: Alakazam\n|-damage|p2a: Alakazam|77/100\n|-status|p2a: Alakazam|frz\n|\n|upkeep\n|turn|2\n|\n|t:|1786798989\n|switch|p2a: Starmie|Starmie|100/100\n|switch|p1a: Gengar|Gengar|100/100\n|\n|upkeep\n|turn|3\n|inactive|Serpi n_n has 240 seconds left.\n|inactive|Serpi n_n has 210 seconds left.\n|inactive|1000papercranes has 270 seconds left.\n|\n|t:|1786799070\n|move|p2a: Starmie|Thunder Wave|p1a: Gengar\n|-status|p1a: Gengar|par\n|move|p1a: Gengar|Hypnosis|p2a: Starmie\n|-status|p2a: Starmie|slp|[from] move: Hypnosis\n|\n|upkeep\n|turn|4\n|inactive|Serpi n_n has 180 seconds left.\n|\n|t:|1786799087\n|cant|p2a: Starmie|slp\n|move|p1a: Gengar|Thunderbolt|p2a: Starmie\n|-supereffective|p2a: Starmie\n|-damage|p2a: Starmie|46/100 slp\n|\n|upkeep\n|turn|5\n|\n|t:|1786799097\n|switch|p2a: Exeggutor|Exeggutor|100/100\n|switch|p1a: Starmie|Starmie|70/100\n|\n|upkeep\n|turn|6\n|\n|t:|1786799102\n|move|p1a: Starmie|Thunder Wave|p2a: Exeggutor\n|-status|p2a: Exeggutor|par\n|move|p2a: Exeggutor|Sleep Powder|p1a: Starmie\n|-status|p1a: Starmie|slp|[from] move: Sleep Powder\n|\n|upkeep\n|turn|7\n|inactive|Serpi n_n has 180 seconds left.\n|\n|t:|1786799133\n|cant|p1a: Starmie|slp\n|move|p2a: Exeggutor|Psychic|p1a: Starmie\n|-resisted|p1a: Starmie\n|-damage|p1a: Starmie|49/100 slp\n|-unboost|p1a: Starmie|spa|1\n|-unboost|p1a: Starmie|spd|1\n|\n|upkeep\n|turn|8\n|\n|t:|1786799141\n|switch|p1a: Exeggutor|Exeggutor|100/100\n|move|p2a: Exeggutor|Psychic|p1a: Exeggutor\n|-resisted|p1a: Exeggutor\n|-damage|p1a: Exeggutor|87/100\n|\n|upkeep\n|turn|9\n|inactive|Serpi n_n has 180 seconds left.\n|\n|t:|1786799147\n|move|p1a: Exeggutor|Psychic|p2a: Exeggutor\n|-resisted|p2a: Exeggutor\n|-damage|p2a: Exeggutor|88/100 par\n|move|p2a: Exeggutor|Stun Spore|p1a: Exeggutor\n|-status|p1a: Exeggutor|par\n|\n|upkeep\n|turn|10\n|inactive|Serpi n_n has 180 seconds left.\n|\n|t:|1786799163\n|move|p1a: Exeggutor|Psychic|p2a: Exeggutor\n|-resisted|p2a: Exeggutor\n|-damage|p2a: Exeggutor|74/100 par\n|move|p2a: Exeggutor|Psychic|p1a: Exeggutor\n|-resisted|p1a: Exeggutor\n|-damage|p1a: Exeggutor|73/100 par\n|-unboost|p1a: Exeggutor|spa|1\n|-unboost|p1a: Exeggutor|spd|1\n|\n|upkeep\n|turn|11\n|inactive|Serpi n_n has 180 seconds left.\n|\n|t:|1786799175\n|move|p2a: Exeggutor|Psychic|p1a: Exeggutor\n|-resisted|p1a: Exeggutor\n|-damage|p1a: Exeggutor|52/100 par\n|move|p1a: Exeggutor|Psychic|p2a: Exeggutor\n|-resisted|p2a: Exeggutor\n|-damage|p2a: Exeggutor|66/100 par\n|\n|upkeep\n|turn|12\n|inactive|Serpi n_n has 180 seconds left.\n|\n|t:|1786799207\n|move|p2a: Exeggutor|Psychic|p1a: Exeggutor\n|-resisted|p1a: Exeggutor\n|-damage|p1a: Exeggutor|32/100 par\n|move|p1a: Exeggutor|Rest|p1a: Exeggutor\n|-status|p1a: Exeggutor|slp|[from] move: Rest\n|-heal|p1a: Exeggutor|100/100 slp|[silent]\n|\n|upkeep\n|turn|13\n|inactive|Serpi n_n has 150 seconds left.\n|inactive|1000papercranes has 270 seconds left.\n|inactive|Serpi n_n has 120 seconds left.\n|\n|t:|1786799257\n|move|p2a: Exeggutor|Explosion|p1a: Exeggutor\n|-damage|p1a: Exeggutor|30/100 slp\n|faint|p2a: Exeggutor\n|inactive|Serpi n_n has 120 seconds left.\n|\n|t:|1786799275\n|switch|p2a: Snorlax|Snorlax|100/100\n|turn|14\n|inactive|1000papercranes has 270 seconds left.\n|\n|t:|1786799294\n|move|p2a: Snorlax|Body Slam|p1a: Exeggutor\n|-damage|p1a: Exeggutor|2/100 slp\n|cant|p1a: Exeggutor|slp\n|\n|upkeep\n|turn|15\n|inactive|1000papercranes has 270 seconds left.\n|\n|t:|1786799307\n|move|p2a: Snorlax|Body Slam|p1a: Exeggutor\n|-damage|p1a: Exeggutor|0 fnt\n|faint|p1a: Exeggutor\n|inactive|1000papercranes has 240 seconds left.\n|\n|t:|1786799340\n|switch|p1a: Snorlax|Snorlax|100/100\n|turn|16\n|inactive|Serpi n_n has 120 seconds left.\n|\n|t:|1786799372\n|move|p2a: Snorlax|Body Slam|p1a: Snorlax\n|-damage|p1a: Snorlax|73/100\n|move|p1a: Snorlax|Body Slam|p2a: Snorlax\n|-damage|p2a: Snorlax|74/100\n|\n|upkeep\n|turn|17\n|\n|t:|1786799381\n|move|p2a: Snorlax|Body Slam|p1a: Snorlax\n|-crit|p1a: Snorlax\n|-damage|p1a: Snorlax|25/100\n|move|p1a: Snorlax|Body Slam|p2a: Snorlax\n|-damage|p2a: Snorlax|49/100\n|\n|upkeep\n|turn|18\n|\n|t:|1786799396\n|move|p2a: Snorlax|Body Slam|p1a: Snorlax\n|-damage|p1a: Snorlax|0 fnt\n|faint|p1a: Snorlax\n|\n|t:|1786799398\n|switch|p1a: Tauros|Tauros|100/100\n|turn|19\n|inactive|Serpi n_n has 90 seconds left.\n|inactive|Serpi n_n has 60 seconds left.\n|inactive|Serpi n_n has 30 seconds left.\n|inactive|Serpi n_n has 20 seconds left.\n|inactive|Serpi n_n has 15 seconds left.\n|inactive|Serpi n_n has 10 seconds left.\n|\n|t:|1786799511\n|move|p1a: Tauros|Body Slam|p2a: Snorlax\n|-crit|p2a: Snorlax\n|-damage|p2a: Snorlax|3/100\n|move|p2a: Snorlax|Earthquake|p1a: Tauros\n|-damage|p1a: Tauros|76/100\n|\n|upkeep\n|turn|20\n|inactive|Serpi n_n has 20 seconds left this turn.\n|inactive|Serpi n_n has 15 seconds left.\n|inactive|Serpi n_n has 10 seconds left.\n|\n|t:|1786799521\n|switch|p2a: Alakazam|Alakazam|77/100 frz\n|move|p1a: Tauros|Body Slam|p2a: Alakazam\n|-damage|p2a: Alakazam|23/100 frz\n|\n|upkeep\n|turn|21\n|inactive|Serpi n_n has 20 seconds left this turn.\n|inactive|Serpi n_n has 15 seconds left.\n|inactive|Serpi n_n has 10 seconds left.\n|\n|t:|1786799535\n|switch|p2a: Gengar|Gengar|100/100\n|move|p1a: Tauros|Body Slam|p2a: Gengar\n|-immune|p2a: Gengar\n|\n|upkeep\n|turn|22\n|inactive|Serpi n_n has 20 seconds left this turn.\n|inactive|Serpi n_n has 15 seconds left.\n|inactive|Serpi n_n has 10 seconds left.\n|inactive|Serpi n_n has 5 seconds left.\n|\n|t:|1786799551\n|switch|p2a: Alakazam|Alakazam|23/100 frz\n|switch|p1a: Zapdos|Zapdos|100/100\n|\n|upkeep\n|turn|23\n|inactive|Serpi n_n has 15 seconds left this turn.\n|inactive|Serpi n_n has 10 seconds left.\n|inactive|Serpi n_n has 5 seconds left.\n|\n|t:|1786799562\n|cant|p2a: Alakazam|frz\n|move|p1a: Zapdos|Agility|p1a: Zapdos\n|-boost|p1a: Zapdos|spe|2\n|\n|upkeep\n|turn|24\n|inactive|Serpi n_n has 15 seconds left this turn.\n|\n|t:|1786799567\n|move|p1a: Zapdos|Thunderbolt|p2a: Alakazam\n|-damage|p2a: Alakazam|0 fnt\n|faint|p2a: Alakazam\n|inactive|Serpi n_n has 20 seconds left this turn.\n|inactive|Serpi n_n has 15 seconds left.\n|\n|t:|1786799573\n|switch|p2a: Tauros|Tauros|100/100\n|turn|25\n|inactive|Serpi n_n has 25 seconds left this turn.\n|inactive|Serpi n_n has 20 seconds left.\n|\n|t:|1786799582\n|switch|p1a: Gengar|Gengar|100/100 par\n|move|p2a: Tauros|Body Slam|p1a: Gengar\n|-immune|p1a: Gengar\n|\n|upkeep\n|turn|26\n|inactive|Serpi n_n has 30 seconds left this turn.\n|inactive|Serpi n_n has 20 seconds left.\n|\n|t:|1786799596\n|move|p2a: Tauros|Earthquake|p1a: Gengar\n|-supereffective|p1a: Gengar\n|-damage|p1a: Gengar|31/100 par\n|cant|p1a: Gengar|par\n|\n|upkeep\n|turn|27\n|inactive|Serpi n_n has 30 seconds left this turn.\n|inactive|1000papercranes has 270 seconds left.\n|\n|t:|1786799645\n|switch|p1a: Zapdos|Zapdos|100/100\n|move|p2a: Tauros|Earthquake|p1a: Zapdos\n|-immune|p1a: Zapdos\n|\n|upkeep\n|turn|28\n|inactive|Serpi n_n has 30 seconds left.\n|inactive|Serpi n_n has 20 seconds left.\n|inactive|Serpi n_n has 15 seconds left.\n|inactive|Serpi n_n has 10 seconds left.\n|\n|t:|1786799678\n|move|p2a: Tauros|Body Slam|p1a: Zapdos\n|-damage|p1a: Zapdos|70/100\n|move|p1a: Zapdos|Thunder Wave|p2a: Tauros\n|-status|p2a: Tauros|par\n|\n|upkeep\n|turn|29\n|inactive|Serpi n_n has 20 seconds left this turn.\n|inactive|Serpi n_n has 15 seconds left.\n|\n|t:|1786799698\n|switch|p1a: Gengar|Gengar|31/100 par\n|cant|p2a: Tauros|par\n|\n|upkeep\n|turn|30\n|inactive|Serpi n_n has 25 seconds left this turn.\n|inactive|Serpi n_n has 20 seconds left.\n|inactive|Serpi n_n has 15 seconds left.\n|inactive|Serpi n_n has 10 seconds left.\n|inactive|Serpi n_n has 5 seconds left.\n|\n|t:|1786799720\n|switch|p2a: Starmie|Starmie|46/100 slp\n|move|p1a: Gengar|Psychic|p2a: Starmie\n|-resisted|p2a: Starmie\n|-damage|p2a: Starmie|34/100 slp\n|\n|upkeep\n|turn|31\n|inactive|Serpi n_n has 15 seconds left this turn.\n|inactive|Serpi n_n has 10 seconds left.\n|inactive|Serpi n_n has 5 seconds left.\n|\n|t:|1786799744\n|switch|p1a: Zapdos|Zapdos|70/100\n|cant|p2a: Starmie|slp\n|\n|upkeep\n|turn|32\n|inactive|Serpi n_n has 15 seconds left this turn.\n|inactive|Serpi n_n has 10 seconds left.\n|\n|t:|1786799751\n|cant|p2a: Starmie|slp\n|move|p1a: Zapdos|Thunderbolt|p2a: Starmie\n|-supereffective|p2a: Starmie\n|-damage|p2a: Starmie|0 fnt\n|faint|p2a: Starmie\n|inactive|Serpi n_n has 15 seconds left this turn.\n|\n|t:|1786799755\n|switch|p2a: Tauros|Tauros|100/100 par\n|turn|33\n|inactive|Serpi n_n has 25 seconds left this turn.\n|inactive|1000papercranes has 270 seconds left.\n|inactive|Serpi n_n has 20 seconds left.\n|inactive|Serpi n_n has 15 seconds left.\n|inactive|Serpi n_n has 10 seconds left.\n|inactive|1000papercranes has 240 seconds left.\n|\n|t:|1786799802\n|switch|p1a: Gengar|Gengar|31/100 par\n|move|p2a: Tauros|Body Slam|p1a: Gengar\n|-immune|p1a: Gengar\n|\n|upkeep\n|turn|34\n|inactive|Serpi n_n has 20 seconds left this turn.\n|\n|t:|1786799814\n|move|p2a: Tauros|Earthquake|p1a: Gengar\n|-crit|p1a: Gengar\n|-supereffective|p1a: Gengar\n|-damage|p1a: Gengar|0 fnt\n|faint|p1a: Gengar\n|\n|t:|1786799828\n|switch|p1a: Tauros|Tauros|76/100\n|turn|35\n|\n|t:|1786799830\n|switch|p2a: Gengar|Gengar|100/100\n|move|p1a: Tauros|Blizzard|p2a: Gengar\n|-crit|p2a: Gengar\n|-damage|p2a: Gengar|61/100\n|\n|upkeep\n|turn|36\n|\n|t:|1786799835\n|move|p1a: Tauros|Blizzard|p2a: Gengar\n|-damage|p2a: Gengar|40/100\n|move|p2a: Gengar|Thunderbolt|p1a: Tauros\n|-damage|p1a: Tauros|44/100\n|\n|upkeep\n|turn|37\n|inactive|1000papercranes has 240 seconds left.\n|\n|t:|1786799868\n|move|p2a: Gengar|Thunderbolt|p1a: Tauros\n|-crit|p1a: Tauros\n|-damage|p1a: Tauros|0 fnt\n|faint|p1a: Tauros\n|\n|t:|1786799871\n|switch|p1a: Zapdos|Zapdos|70/100\n|turn|38\n|inactive|Serpi n_n has 60 seconds left.\n|inactive|1000papercranes has 210 seconds left.\n|\n|t:|1786799912\n|move|p2a: Gengar|Night Shade|p1a: Zapdos\n|-damage|p1a: Zapdos|44/100\n|move|p1a: Zapdos|Thunder Wave|p2a: Gengar\n|-status|p2a: Gengar|par\n|\n|upkeep\n|turn|39\n|inactive|Serpi n_n has 30 seconds left.\n|inactive|Serpi n_n has 20 seconds left.\n|\n|t:|1786799950\n|switch|p1a: Starmie|Starmie|49/100 slp\n|switch|p2a: Snorlax|Snorlax|3/100\n|\n|upkeep\n|turn|40\n|inactive|Serpi n_n has 30 seconds left this turn.\n|inactive|Serpi n_n has 20 seconds left.\n|inactive|Serpi n_n has 15 seconds left.\n|\n|t:|1786799966\n|cant|p1a: Starmie|slp\n|move|p2a: Snorlax|Self-Destruct|p1a: Starmie\n|-damage|p1a: Starmie|0 fnt\n|faint|p1a: Starmie\n|faint|p2a: Snorlax\n|inactive|Serpi n_n has 20 seconds left this turn.\n|\n|t:|1786799969\n|switch|p1a: Zapdos|Zapdos|44/100\n|switch|p2a: Gengar|Gengar|40/100 par\n|turn|41\n|inactive|Serpi n_n has 30 seconds left this turn.\n|\n|t:|1786799979\n|move|p1a: Zapdos|Drill Peck|p2a: Gengar\n|-damage|p2a: Gengar|4/100 par\n|move|p2a: Gengar|Explosion|p1a: Zapdos\n|-damage|p1a: Zapdos|0 fnt\n|faint|p1a: Zapdos\n|faint|p2a: Gengar\n|\n|win|Serpi n_n\n","uploadtime":1786799979,"views":"87","formatid":"gen1ou","rating":null,"private":0,"password":null}