{"id":"smogtours-gen1ou-902212","format":"[Gen 1] OU","players":["Laroxyl","nicole7735"],"log":"|inactive|Battle timer is ON: inactive players will automatically lose when time's up.\n|t:|1769296289\n|gametype|singles\n|player|p1|Laroxyl|#splxviitigers2|\n|player|p2|nicole7735|#splxviiscooters|\n|gen|1\n|tier|[Gen 1] OU\n|rule|Desync Clause Mod: Desyncs changed to move failure.\n|rule|Sleep Clause Mod: Limit one foe put to sleep\n|rule|Freeze Clause Mod: Limit one foe frozen\n|rule|Species Clause: Limit one of each Pokémon\n|rule|OHKO Clause: OHKO moves are banned\n|rule|Evasion Moves Clause: Evasion moves are banned\n|rule|Endless Battle Clause: Forcing endless battles is banned\n|rule|HP Percentage Mod: HP is shown in percentages\n|\n|t:|1769296289\n|teamsize|p1|6\n|teamsize|p2|6\n|start\n|switch|p1a: Alakazam|Alakazam|100/100\n|switch|p2a: Jynx|Jynx|100/100\n|turn|1\n|c|☆nicole7735|hf\n|rated|Smogon Premier League\n|c|☆Laroxyl|hf\n|\n|t:|1769296312\n|move|p1a: Alakazam|Thunder Wave|p2a: Jynx\n|-status|p2a: Jynx|par\n|cant|p2a: Jynx|par\n|\n|upkeep\n|turn|2\n|\n|t:|1769296318\n|move|p1a: Alakazam|Seismic Toss|p2a: Jynx\n|-damage|p2a: Jynx|70/100 par\n|cant|p2a: Jynx|par\n|\n|upkeep\n|turn|3\n|\n|t:|1769296321\n|move|p1a: Alakazam|Seismic Toss|p2a: Jynx\n|-damage|p2a: Jynx|40/100 par\n|move|p2a: Jynx|Lovely Kiss|p1a: Alakazam|[miss]\n|-miss|p2a: Jynx\n|\n|upkeep\n|turn|4\n|\n|t:|1769296328\n|move|p1a: Alakazam|Psychic|p2a: Jynx\n|-resisted|p2a: Jynx\n|-damage|p2a: Jynx|21/100 par\n|-unboost|p2a: Jynx|spa|1\n|-unboost|p2a: Jynx|spd|1\n|move|p2a: Jynx|Lovely Kiss|p1a: Alakazam\n|-status|p1a: Alakazam|slp|[from] move: Lovely Kiss\n|\n|upkeep\n|turn|5\n|\n|t:|1769296340\n|switch|p1a: Tauros|Tauros|100/100\n|cant|p2a: Jynx|par\n|\n|upkeep\n|turn|6\n|\n|t:|1769296346\n|switch|p2a: Starmie|Starmie|100/100\n|move|p1a: Tauros|Body Slam|p2a: Starmie\n|-crit|p2a: Starmie\n|-damage|p2a: Starmie|38/100\n|-status|p2a: Starmie|par\n|\n|upkeep\n|turn|7\n|\n|t:|1769296357\n|move|p1a: Tauros|Body Slam|p2a: Starmie\n|-damage|p2a: Starmie|4/100 par\n|move|p2a: Starmie|Thunder Wave|p1a: Tauros\n|-status|p1a: Tauros|par\n|\n|upkeep\n|turn|8\n|inactive|nicole7735 has 270 seconds left.\n|\n|t:|1769296390\n|move|p2a: Starmie|Recover|p2a: Starmie\n|-heal|p2a: Starmie|54/100 par\n|move|p1a: Tauros|Body Slam|p2a: Starmie\n|-damage|p2a: Starmie|19/100 par\n|\n|upkeep\n|turn|9\n|\n|t:|1769296395\n|move|p2a: Starmie|Recover|p2a: Starmie\n|-heal|p2a: Starmie|69/100 par\n|move|p1a: Tauros|Body Slam|p2a: Starmie\n|-damage|p2a: Starmie|34/100 par\n|\n|upkeep\n|turn|10\n|\n|t:|1769296400\n|move|p2a: Starmie|Recover|p2a: Starmie\n|-heal|p2a: Starmie|84/100 par\n|cant|p1a: Tauros|par\n|\n|upkeep\n|turn|11\n|\n|t:|1769296413\n|switch|p1a: Chansey|Chansey|100/100\n|move|p2a: Starmie|Surf|p1a: Chansey\n|-damage|p1a: Chansey|86/100\n|\n|upkeep\n|turn|12\n|\n|t:|1769296438\n|switch|p1a: Exeggutor|Exeggutor|100/100\n|switch|p2a: Chansey|Chansey|100/100\n|\n|upkeep\n|turn|13\n|\n|t:|1769296443\n|switch|p2a: Starmie|Starmie|84/100 par\n|move|p1a: Exeggutor|Psychic|p2a: Starmie\n|-resisted|p2a: Starmie\n|-damage|p2a: Starmie|66/100 par\n|\n|upkeep\n|turn|14\n|\n|t:|1769296451\n|move|p1a: Exeggutor|Psychic|p2a: Starmie\n|-resisted|p2a: Starmie\n|-damage|p2a: Starmie|48/100 par\n|-unboost|p2a: Starmie|spa|1\n|-unboost|p2a: Starmie|spd|1\n|cant|p2a: Starmie|par\n|\n|upkeep\n|turn|15\n|\n|t:|1769296480\n|move|p1a: Exeggutor|Psychic|p2a: Starmie\n|-resisted|p2a: Starmie\n|-damage|p2a: Starmie|20/100 par\n|-unboost|p2a: Starmie|spa|1\n|-unboost|p2a: Starmie|spd|1\n|move|p2a: Starmie|Recover|p2a: Starmie\n|-heal|p2a: Starmie|70/100 par\n|\n|upkeep\n|turn|16\n|\n|t:|1769296489\n|move|p1a: Exeggutor|Psychic|p2a: Starmie\n|-resisted|p2a: Starmie\n|-damage|p2a: Starmie|30/100 par\n|move|p2a: Starmie|Recover|p2a: Starmie\n|-heal|p2a: Starmie|80/100 par\n|\n|upkeep\n|turn|17\n|\n|t:|1769296505\n|switch|p2a: Jynx|Jynx|21/100 par\n|move|p1a: Exeggutor|Psychic|p2a: Jynx\n|-resisted|p2a: Jynx\n|-damage|p2a: Jynx|2/100 par\n|\n|upkeep\n|turn|18\n|\n|t:|1769296515\n|switch|p2a: Starmie|Starmie|80/100 par\n|move|p1a: Exeggutor|Psychic|p2a: Starmie\n|-resisted|p2a: Starmie\n|-damage|p2a: Starmie|61/100 par\n|\n|upkeep\n|turn|19\n|\n|t:|1769296520\n|switch|p1a: Chansey|Chansey|86/100\n|move|p2a: Starmie|Recover|p2a: Starmie\n|-heal|p2a: Starmie|100/100 par\n|\n|upkeep\n|turn|20\n|\n|t:|1769296541\n|switch|p1a: Exeggutor|Exeggutor|100/100\n|switch|p2a: Chansey|Chansey|100/100\n|\n|upkeep\n|turn|21\n|\n|t:|1769296545\n|switch|p2a: Starmie|Starmie|100/100 par\n|move|p1a: Exeggutor|Psychic|p2a: Starmie\n|-resisted|p2a: Starmie\n|-damage|p2a: Starmie|81/100 par\n|\n|upkeep\n|turn|22\n|\n|t:|1769296548\n|switch|p1a: Chansey|Chansey|86/100\n|cant|p2a: Starmie|par\n|\n|upkeep\n|turn|23\n|\n|t:|1769296568\n|switch|p1a: Exeggutor|Exeggutor|100/100\n|switch|p2a: Chansey|Chansey|100/100\n|\n|upkeep\n|turn|24\n|\n|t:|1769296584\n|switch|p2a: Starmie|Starmie|81/100 par\n|move|p1a: Exeggutor|Psychic|p2a: Starmie\n|-resisted|p2a: Starmie\n|-damage|p2a: Starmie|62/100 par\n|-unboost|p2a: Starmie|spa|1\n|-unboost|p2a: Starmie|spd|1\n|\n|upkeep\n|turn|25\n|\n|t:|1769296589\n|move|p1a: Exeggutor|Psychic|p2a: Starmie\n|-resisted|p2a: Starmie\n|-damage|p2a: Starmie|34/100 par\n|move|p2a: Starmie|Recover|p2a: Starmie\n|-heal|p2a: Starmie|84/100 par\n|\n|upkeep\n|turn|26\n|inactive|Laroxyl has 270 seconds left.\n|\n|t:|1769296614\n|switch|p1a: Tauros|Tauros|100/100 par\n|move|p2a: Starmie|Thunder Wave|p1a: Tauros\n|-fail|p1a: Tauros|par\n|\n|upkeep\n|turn|27\n|\n|t:|1769296623\n|switch|p2a: Snorlax|Snorlax|100/100\n|move|p1a: Tauros|Body Slam|p2a: Snorlax\n|-damage|p2a: Snorlax|77/100\n|\n|upkeep\n|turn|28\n|\n|t:|1769296633\n|switch|p1a: Snorlax|Snorlax|100/100\n|move|p2a: Snorlax|Body Slam|p1a: Snorlax\n|-damage|p1a: Snorlax|75/100\n|\n|upkeep\n|turn|29\n|\n|t:|1769296638\n|move|p2a: Snorlax|Reflect|p2a: Snorlax\n|-start|p2a: Snorlax|Reflect\n|move|p1a: Snorlax|Reflect|p1a: Snorlax\n|-start|p1a: Snorlax|Reflect\n|\n|upkeep\n|turn|30\n|\n|t:|1769296642\n|move|p1a: Snorlax|Body Slam|p2a: Snorlax\n|-damage|p2a: Snorlax|64/100\n|move|p2a: Snorlax|Body Slam|p1a: Snorlax\n|-damage|p1a: Snorlax|61/100\n|\n|upkeep\n|turn|31\n|\n|t:|1769296648\n|move|p1a: Snorlax|Body Slam|p2a: Snorlax\n|-damage|p2a: Snorlax|50/100\n|move|p2a: Snorlax|Rest|p2a: Snorlax\n|-status|p2a: Snorlax|slp|[from] move: Rest\n|-heal|p2a: Snorlax|100/100 slp|[silent]\n|\n|upkeep\n|turn|32\n|\n|t:|1769296651\n|cant|p2a: Snorlax|slp\n|move|p1a: Snorlax|Body Slam|p2a: Snorlax\n|-damage|p2a: Snorlax|87/100 slp\n|\n|upkeep\n|turn|33\n|\n|t:|1769296653\n|-curestatus|p2a: Snorlax|slp|[msg]\n|move|p1a: Snorlax|Body Slam|p2a: Snorlax\n|-damage|p2a: Snorlax|73/100\n|\n|upkeep\n|turn|34\n|\n|t:|1769296655\n|move|p1a: Snorlax|Body Slam|p2a: Snorlax\n|-damage|p2a: Snorlax|61/100\n|move|p2a: Snorlax|Body Slam|p1a: Snorlax\n|-damage|p1a: Snorlax|49/100\n|\n|upkeep\n|turn|35\n|\n|t:|1769296661\n|move|p2a: Snorlax|Rest|p2a: Snorlax\n|-status|p2a: Snorlax|slp|[from] move: Rest\n|-heal|p2a: Snorlax|100/100 slp|[silent]\n|move|p1a: Snorlax|Rest|p1a: Snorlax\n|-status|p1a: Snorlax|slp|[from] move: Rest\n|-heal|p1a: Snorlax|100/100 slp|[silent]\n|\n|upkeep\n|turn|36\n|\n|t:|1769296663\n|cant|p2a: Snorlax|slp\n|cant|p1a: Snorlax|slp\n|\n|upkeep\n|turn|37\n|\n|t:|1769296667\n|-curestatus|p2a: Snorlax|slp|[msg]\n|-curestatus|p1a: Snorlax|slp|[msg]\n|\n|upkeep\n|turn|38\n|\n|t:|1769296670\n|move|p1a: Snorlax|Body Slam|p2a: Snorlax\n|-damage|p2a: Snorlax|87/100\n|move|p2a: Snorlax|Body Slam|p1a: Snorlax\n|-crit|p1a: Snorlax\n|-damage|p1a: Snorlax|46/100\n|\n|upkeep\n|turn|39\n|inactive|nicole7735 has 270 seconds left.\n|inactive|nicole7735 has 240 seconds left.\n|\n|t:|1769296731\n|switch|p2a: Rhydon|Rhydon|100/100\n|move|p1a: Snorlax|Rest|p1a: Snorlax\n|-status|p1a: Snorlax|slp|[from] move: Rest\n|-heal|p1a: Snorlax|100/100 slp|[silent]\n|\n|upkeep\n|turn|40\n|\n|t:|1769296734\n|move|p2a: Rhydon|Earthquake|p1a: Snorlax\n|-damage|p1a: Snorlax|82/100 slp\n|cant|p1a: Snorlax|slp\n|\n|upkeep\n|turn|41\n|\n|t:|1769296737\n|move|p2a: Rhydon|Earthquake|p1a: Snorlax\n|-damage|p1a: Snorlax|63/100 slp\n|-curestatus|p1a: Snorlax|slp|[msg]\n|\n|upkeep\n|turn|42\n|\n|t:|1769296746\n|move|p2a: Rhydon|Substitute|p2a: Rhydon\n|-start|p2a: Rhydon|Substitute\n|-damage|p2a: Rhydon|76/100\n|move|p1a: Snorlax|Earthquake|p2a: Rhydon\n|-supereffective|p2a: Rhydon\n|-end|p2a: Rhydon|Substitute\n|\n|upkeep\n|turn|43\n|\n|t:|1769296757\n|switch|p2a: Chansey|Chansey|100/100\n|switch|p1a: Exeggutor|Exeggutor|100/100\n|\n|upkeep\n|turn|44\n|\n|t:|1769296769\n|switch|p2a: Starmie|Starmie|84/100 par\n|move|p1a: Exeggutor|Psychic|p2a: Starmie\n|-resisted|p2a: Starmie\n|-damage|p2a: Starmie|66/100 par\n|\n|upkeep\n|turn|45\n|\n|t:|1769296779\n|switch|p1a: Chansey|Chansey|86/100\n|cant|p2a: Starmie|par\n|\n|upkeep\n|turn|46\n|\n|t:|1769296789\n|switch|p2a: Chansey|Chansey|100/100\n|move|p1a: Chansey|Thunderbolt|p2a: Chansey\n|-damage|p2a: Chansey|90/100\n|\n|upkeep\n|turn|47\n|inactive|Laroxyl has 270 seconds left.\n|\n|t:|1769296845\n|switch|p1a: Alakazam|Alakazam|100/100 slp\n|move|p2a: Chansey|Thunder Wave|p1a: Alakazam\n|-fail|p1a: Alakazam\n|\n|upkeep\n|turn|48\n|inactive|Laroxyl has 240 seconds left.\n|\n|t:|1769296871\n|switch|p1a: Chansey|Chansey|86/100\n|move|p2a: Chansey|Thunder Wave|p1a: Chansey\n|-status|p1a: Chansey|par\n|\n|upkeep\n|turn|49\n|inactive|Laroxyl has 210 seconds left.\n|inactive|nicole7735 has 270 seconds left.\n|inactive|nicole7735 has 240 seconds left.\n|inactive|Laroxyl has 180 seconds left.\n|\n|t:|1769296963\n|switch|p2a: Jynx|Jynx|2/100 par\n|move|p1a: Chansey|Thunder Wave|p2a: Jynx\n|-fail|p2a: Jynx|par\n|\n|upkeep\n|turn|50\n|\n|t:|1769296986\n|cant|p2a: Jynx|par\n|move|p1a: Chansey|Thunderbolt|p2a: Jynx\n|-damage|p2a: Jynx|0 fnt\n|faint|p2a: Jynx\n|\n|t:|1769297011\n|switch|p2a: Snorlax|Snorlax|87/100\n|turn|51\n|\n|t:|1769297018\n|switch|p1a: Exeggutor|Exeggutor|100/100\n|move|p2a: Snorlax|Body Slam|p1a: Exeggutor\n|-damage|p1a: Exeggutor|69/100\n|-status|p1a: Exeggutor|par\n|\n|upkeep\n|turn|52\n|\n|t:|1769297043\n|switch|p2a: Starmie|Starmie|66/100 par\n|move|p1a: Exeggutor|Psychic|p2a: Starmie\n|-resisted|p2a: Starmie\n|-damage|p2a: Starmie|47/100 par\n|\n|upkeep\n|turn|53\n|inactive|Laroxyl has 150 seconds left.\n|\n|t:|1769297062\n|switch|p1a: Chansey|Chansey|86/100 par\n|cant|p2a: Starmie|par\n|\n|upkeep\n|turn|54\n|\n|t:|1769297070\n|switch|p2a: Snorlax|Snorlax|87/100\n|move|p1a: Chansey|Thunderbolt|p2a: Snorlax\n|-damage|p2a: Snorlax|68/100\n|\n|upkeep\n|turn|55\n|inactive|Laroxyl has 150 seconds left.\n|\n|t:|1769297106\n|move|p2a: Snorlax|Body Slam|p1a: Chansey\n|-damage|p1a: Chansey|44/100 par\n|move|p1a: Chansey|Thunder Wave|p2a: Snorlax\n|-status|p2a: Snorlax|par\n|\n|upkeep\n|turn|56\n|\n|t:|1769297125\n|switch|p1a: Snorlax|Snorlax|63/100\n|move|p2a: Snorlax|Body Slam|p1a: Snorlax\n|-damage|p1a: Snorlax|36/100\n|\n|upkeep\n|turn|57\n|inactive|Laroxyl has 120 seconds left.\n|inactive|nicole7735 has 270 seconds left.\n|\n|t:|1769297151\n|move|p1a: Snorlax|Reflect|p1a: Snorlax\n|-start|p1a: Snorlax|Reflect\n|move|p2a: Snorlax|Rest|p2a: Snorlax\n|-status|p2a: Snorlax|slp|[from] move: Rest\n|-heal|p2a: Snorlax|100/100 slp|[silent]\n|\n|upkeep\n|turn|58\n|inactive|Laroxyl has 120 seconds left.\n|\n|t:|1769297163\n|move|p1a: Snorlax|Body Slam|p2a: Snorlax\n|-damage|p2a: Snorlax|73/100 slp\n|cant|p2a: Snorlax|slp\n|\n|upkeep\n|turn|59\n|inactive|nicole7735 has 270 seconds left.\n|\n|t:|1769297170\n|move|p1a: Snorlax|Body Slam|p2a: Snorlax\n|-damage|p2a: Snorlax|48/100 slp\n|-curestatus|p2a: Snorlax|slp|[msg]\n|\n|upkeep\n|turn|60\n|inactive|nicole7735 has 270 seconds left.\n|\n|t:|1769297207\n|move|p1a: Snorlax|Rest|p1a: Snorlax\n|-status|p1a: Snorlax|slp|[from] move: Rest\n|-heal|p1a: Snorlax|100/100 slp|[silent]\n|move|p2a: Snorlax|Reflect|p2a: Snorlax\n|-start|p2a: Snorlax|Reflect\n|\n|upkeep\n|turn|61\n|inactive|nicole7735 has 240 seconds left.\n|\n|t:|1769297225\n|cant|p1a: Snorlax|slp\n|move|p2a: Snorlax|Rest|p2a: Snorlax\n|-status|p2a: Snorlax|slp|[from] move: Rest\n|-heal|p2a: Snorlax|100/100 slp|[silent]\n|\n|upkeep\n|turn|62\n|\n|t:|1769297234\n|-curestatus|p1a: Snorlax|slp|[msg]\n|cant|p2a: Snorlax|slp\n|\n|upkeep\n|turn|63\n|\n|t:|1769297263\n|switch|p1a: Exeggutor|Exeggutor|69/100 par\n|-curestatus|p2a: Snorlax|slp|[msg]\n|\n|upkeep\n|turn|64\n|\n|t:|1769297274\n|switch|p2a: Starmie|Starmie|47/100 par\n|cant|p1a: Exeggutor|par\n|\n|upkeep\n|turn|65\n|\n|t:|1769297286\n|switch|p1a: Chansey|Chansey|44/100 par\n|move|p2a: Starmie|Recover|p2a: Starmie\n|-heal|p2a: Starmie|97/100 par\n|\n|upkeep\n|turn|66\n|\n|t:|1769297294\n|switch|p2a: Snorlax|Snorlax|100/100\n|move|p1a: Chansey|Soft-Boiled|p1a: Chansey\n|-heal|p1a: Chansey|94/100 par\n|\n|upkeep\n|turn|67\n|\n|t:|1769297305\n|switch|p1a: Snorlax|Snorlax|100/100\n|move|p2a: Snorlax|Body Slam|p1a: Snorlax\n|-damage|p1a: Snorlax|74/100\n|\n|upkeep\n|turn|68\n|\n|t:|1769297312\n|move|p2a: Snorlax|Body Slam|p1a: Snorlax\n|-damage|p1a: Snorlax|47/100\n|move|p1a: Snorlax|Reflect|p1a: Snorlax\n|-start|p1a: Snorlax|Reflect\n|\n|upkeep\n|turn|69\n|inactive|Laroxyl has 150 seconds left.\n|\n|t:|1769297319\n|move|p2a: Snorlax|Reflect|p2a: Snorlax\n|-start|p2a: Snorlax|Reflect\n|move|p1a: Snorlax|Body Slam|p2a: Snorlax\n|-damage|p2a: Snorlax|86/100\n|\n|upkeep\n|turn|70\n|\n|t:|1769297331\n|move|p2a: Snorlax|Body Slam|p1a: Snorlax\n|-damage|p1a: Snorlax|33/100\n|move|p1a: Snorlax|Body Slam|p2a: Snorlax\n|-damage|p2a: Snorlax|74/100\n|\n|upkeep\n|turn|71\n|inactive|Laroxyl has 150 seconds left.\n|\n|t:|1769297357\n|switch|p2a: Starmie|Starmie|97/100 par\n|move|p1a: Snorlax|Rest|p1a: Snorlax\n|-status|p1a: Snorlax|slp|[from] move: Rest\n|-heal|p1a: Snorlax|100/100 slp|[silent]\n|\n|upkeep\n|turn|72\n|inactive|Laroxyl has 150 seconds left.\n|\n|t:|1769297375\n|cant|p1a: Snorlax|slp\n|cant|p2a: Starmie|par\n|\n|upkeep\n|turn|73\n|inactive|Laroxyl has 150 seconds left.\n|\n|t:|1769297386\n|-curestatus|p1a: Snorlax|slp|[msg]\n|move|p2a: Starmie|Thunder Wave|p1a: Snorlax\n|-status|p1a: Snorlax|par\n|\n|upkeep\n|turn|74\n|inactive|Laroxyl has 150 seconds left.\n|\n|t:|1769297399\n|switch|p1a: Chansey|Chansey|94/100 par\n|cant|p2a: Starmie|par\n|\n|upkeep\n|turn|75\n|inactive|Laroxyl has 150 seconds left.\n|\n|t:|1769297417\n|switch|p2a: Snorlax|Snorlax|74/100\n|cant|p1a: Chansey|par\n|\n|upkeep\n|turn|76\n|\n|t:|1769297424\n|switch|p1a: Snorlax|Snorlax|100/100 par\n|move|p2a: Snorlax|Body Slam|p1a: Snorlax\n|-damage|p1a: Snorlax|75/100 par\n|\n|upkeep\n|turn|77\n|\n|t:|1769297446\n|move|p2a: Snorlax|Body Slam|p1a: Snorlax\n|-damage|p1a: Snorlax|49/100 par\n|move|p1a: Snorlax|Reflect|p1a: Snorlax\n|-start|p1a: Snorlax|Reflect\n|\n|upkeep\n|turn|78\n|\n|t:|1769297454\n|switch|p2a: Starmie|Starmie|97/100 par\n|move|p1a: Snorlax|Rest|p1a: Snorlax\n|-status|p1a: Snorlax|slp|[from] move: Rest\n|-heal|p1a: Snorlax|100/100 slp|[silent]\n|\n|upkeep\n|turn|79\n|\n|t:|1769297464\n|switch|p1a: Chansey|Chansey|94/100 par\n|cant|p2a: Starmie|par\n|\n|upkeep\n|turn|80\n|\n|t:|1769297470\n|switch|p2a: Snorlax|Snorlax|74/100\n|move|p1a: Chansey|Thunder Wave|p2a: Snorlax\n|-status|p2a: Snorlax|par\n|\n|upkeep\n|turn|81\n|\n|t:|1769297484\n|switch|p1a: Snorlax|Snorlax|100/100 slp\n|move|p2a: Snorlax|Body Slam|p1a: Snorlax\n|-damage|p1a: Snorlax|75/100 slp\n|\n|upkeep\n|turn|82\n|\n|t:|1769297489\n|switch|p2a: Tauros|Tauros|100/100\n|cant|p1a: Snorlax|slp\n|\n|upkeep\n|turn|83\n|\n|t:|1769297491\n|move|p2a: Tauros|Body Slam|p1a: Snorlax\n|-damage|p1a: Snorlax|49/100 slp\n|-curestatus|p1a: Snorlax|slp|[msg]\n|\n|upkeep\n|turn|84\n|inactive|Laroxyl has 180 seconds left.\n|\n|t:|1769297527\n|switch|p1a: Alakazam|Alakazam|100/100 slp\n|move|p2a: Tauros|Body Slam|p1a: Alakazam\n|-crit|p1a: Alakazam\n|-damage|p1a: Alakazam|8/100 slp\n|\n|upkeep\n|turn|85\n|\n|t:|1769297534\n|cant|p1a: Alakazam|slp\n|move|p2a: Tauros|Body Slam|p1a: Alakazam\n|-damage|p1a: Alakazam|0 fnt\n|faint|p1a: Alakazam\n|\n|t:|1769297554\n|switch|p1a: Starmie|Starmie|100/100\n|turn|86\n|inactive|Laroxyl has 150 seconds left.\n|\n|t:|1769297585\n|switch|p2a: Chansey|Chansey|90/100\n|move|p1a: Starmie|Thunder Wave|p2a: Chansey\n|-status|p2a: Chansey|par\n|\n|upkeep\n|turn|87\n|\n|t:|1769297599\n|switch|p1a: Chansey|Chansey|94/100 par\n|move|p2a: Chansey|Thunder Wave|p1a: Chansey\n|-fail|p1a: Chansey|par\n|\n|upkeep\n|turn|88\n|\n|t:|1769297608\n|switch|p2a: Snorlax|Snorlax|74/100 par\n|move|p1a: Chansey|Ice Beam|p2a: Snorlax\n|-damage|p2a: Snorlax|56/100 par\n|\n|upkeep\n|turn|89\n|\n|t:|1769297623\n|switch|p1a: Snorlax|Snorlax|49/100\n|move|p2a: Snorlax|Reflect|p2a: Snorlax\n|-start|p2a: Snorlax|Reflect\n|\n|upkeep\n|turn|90\n|inactive|Laroxyl has 120 seconds left.\n|\n|t:|1769297677\n|move|p1a: Snorlax|Reflect|p1a: Snorlax\n|-start|p1a: Snorlax|Reflect\n|move|p2a: Snorlax|Rest|p2a: Snorlax\n|-status|p2a: Snorlax|slp|[from] move: Rest\n|-heal|p2a: Snorlax|100/100 slp|[silent]\n|\n|upkeep\n|turn|91\n|\n|t:|1769297687\n|move|p1a: Snorlax|Body Slam|p2a: Snorlax\n|-damage|p2a: Snorlax|88/100 slp\n|cant|p2a: Snorlax|slp\n|\n|upkeep\n|turn|92\n|\n|t:|1769297690\n|move|p1a: Snorlax|Body Slam|p2a: Snorlax\n|-damage|p2a: Snorlax|75/100 slp\n|-curestatus|p2a: Snorlax|slp|[msg]\n|\n|upkeep\n|turn|93\n|\n|t:|1769297695\n|move|p1a: Snorlax|Rest|p1a: Snorlax\n|-status|p1a: Snorlax|slp|[from] move: Rest\n|-heal|p1a: Snorlax|100/100 slp|[silent]\n|move|p2a: Snorlax|Reflect|p2a: Snorlax\n|-fail|p2a: Snorlax\n|\n|upkeep\n|turn|94\n|\n|t:|1769297704\n|switch|p2a: Starmie|Starmie|97/100 par\n|cant|p1a: Snorlax|slp\n|\n|upkeep\n|turn|95\n|\n|t:|1769297717\n|switch|p1a: Chansey|Chansey|94/100 par\n|cant|p2a: Starmie|par\n|\n|upkeep\n|turn|96\n|\n|t:|1769297732\n|switch|p2a: Chansey|Chansey|90/100 par\n|move|p1a: Chansey|Thunder Wave|p2a: Chansey\n|-fail|p2a: Chansey|par\n|\n|upkeep\n|turn|97\n|inactive|Laroxyl has 120 seconds left.\n|\n|t:|1769297749\n|move|p2a: Chansey|Ice Beam|p1a: Chansey\n|-damage|p1a: Chansey|84/100 par\n|move|p1a: Chansey|Thunder Wave|p2a: Chansey\n|-fail|p2a: Chansey|par\n|\n|upkeep\n|turn|98\n|\n|t:|1769297758\n|move|p1a: Chansey|Ice Beam|p2a: Chansey\n|-damage|p2a: Chansey|80/100 par\n|move|p2a: Chansey|Ice Beam|p1a: Chansey\n|-damage|p1a: Chansey|72/100 par\n|\n|upkeep\n|turn|99\n|\n|t:|1769297767\n|move|p2a: Chansey|Ice Beam|p1a: Chansey\n|-damage|p1a: Chansey|62/100 par\n|move|p1a: Chansey|Thunder Wave|p2a: Chansey\n|-fail|p2a: Chansey|par\n|\n|upkeep\n|turn|100\n|\n|t:|1769297777\n|switch|p2a: Rhydon|Rhydon|76/100\n|cant|p1a: Chansey|par\n|\n|upkeep\n|turn|101\n|inactive|Laroxyl has 120 seconds left.\n|\n|t:|1769297818\n|switch|p1a: Exeggutor|Exeggutor|69/100 par\n|move|p2a: Rhydon|Body Slam|p1a: Exeggutor\n|-damage|p1a: Exeggutor|47/100 par\n|\n|upkeep\n|turn|102\n|inactive|nicole7735 has 270 seconds left.\n|\n|t:|1769297838\n|switch|p2a: Starmie|Starmie|97/100 par\n|move|p1a: Exeggutor|Explosion|p2a: Starmie\n|-damage|p2a: Starmie|9/100 par\n|faint|p1a: Exeggutor\n|\n|t:|1769297850\n|switch|p1a: Starmie|Starmie|100/100\n|turn|103\n|\n|t:|1769297857\n|switch|p1a: Tauros|Tauros|100/100 par\n|switch|p2a: Chansey|Chansey|80/100 par\n|\n|upkeep\n|turn|104\n|\n|t:|1769297870\n|switch|p2a: Snorlax|Snorlax|75/100\n|cant|p1a: Tauros|par\n|\n|upkeep\n|turn|105\n|\n|t:|1769297885\n|switch|p1a: Snorlax|Snorlax|100/100 slp\n|move|p2a: Snorlax|Body Slam|p1a: Snorlax\n|-damage|p1a: Snorlax|72/100 slp\n|\n|upkeep\n|turn|106\n|inactive|nicole7735 has 270 seconds left.\n|\n|t:|1769297915\n|switch|p2a: Tauros|Tauros|100/100\n|-curestatus|p1a: Snorlax|slp|[msg]\n|\n|upkeep\n|turn|107\n|inactive|Laroxyl has 120 seconds left.\n|\n|t:|1769297943\n|move|p2a: Tauros|Body Slam|p1a: Snorlax|[miss]\n|-miss|p2a: Tauros\n|-hint|In Gen 1, moves with 100% accuracy can still miss 1/256 of the time.\n|move|p1a: Snorlax|Body Slam|p2a: Tauros\n|-damage|p2a: Tauros|67/100\n|\n|upkeep\n|turn|108\n|\n|t:|1769297955\n|move|p2a: Tauros|Body Slam|p1a: Snorlax\n|-crit|p1a: Snorlax\n|-damage|p1a: Snorlax|21/100\n|move|p1a: Snorlax|Body Slam|p2a: Tauros\n|-damage|p2a: Tauros|35/100\n|\n|upkeep\n|turn|109\n|inactive|Laroxyl has 90 seconds left.\n|inactive|Laroxyl has 60 seconds left.\n|\n|t:|1769298008\n|switch|p1a: Starmie|Starmie|100/100\n|move|p2a: Tauros|Body Slam|p1a: Starmie\n|-damage|p1a: Starmie|64/100\n|-status|p1a: Starmie|par\n|\n|upkeep\n|turn|110\n|inactive|Laroxyl has 60 seconds left.\n|inactive|nicole7735 has 270 seconds left.\n|\n|t:|1769298053\n|switch|p2a: Chansey|Chansey|80/100 par\n|cant|p1a: Starmie|par\n|\n|upkeep\n|turn|111\n|inactive|Laroxyl has 60 seconds left.\n|inactive|Laroxyl has 30 seconds left.\n|inactive|Laroxyl has 20 seconds left.\n|\n|t:|1769298101\n|switch|p1a: Chansey|Chansey|62/100 par\n|move|p2a: Chansey|Thunderbolt|p1a: Chansey\n|-damage|p1a: Chansey|52/100 par\n|\n|upkeep\n|turn|112\n|inactive|Laroxyl has 30 seconds left this turn.\n|inactive|nicole7735 has 270 seconds left.\n|inactive|Laroxyl has 20 seconds left.\n|inactive|Laroxyl has 15 seconds left.\n|inactive|Laroxyl has 10 seconds left.\n|\n|t:|1769298131\n|switch|p2a: Snorlax|Snorlax|75/100\n|move|p1a: Chansey|Soft-Boiled|p1a: Chansey\n|-heal|p1a: Chansey|100/100 par\n|\n|upkeep\n|turn|113\n|inactive|Laroxyl has 20 seconds left this turn.\n|inactive|Laroxyl has 15 seconds left.\n|\n|t:|1769298142\n|move|p2a: Snorlax|Body Slam|p1a: Chansey\n|-damage|p1a: Chansey|59/100 par\n|move|p1a: Chansey|Thunder Wave|p2a: Snorlax\n|-status|p2a: Snorlax|par\n|\n|upkeep\n|turn|114\n|inactive|Laroxyl has 25 seconds left this turn.\n|inactive|Laroxyl has 20 seconds left.\n|inactive|Laroxyl has 15 seconds left.\n|inactive|Laroxyl has 10 seconds left.\n|inactive|Laroxyl has 5 seconds left.\n|\n|t:|1769298163\n|switch|p1a: Starmie|Starmie|64/100 par\n|move|p2a: Snorlax|Body Slam|p1a: Starmie\n|-damage|p1a: Starmie|26/100 par\n|\n|upkeep\n|turn|115\n|inactive|Laroxyl has 15 seconds left this turn.\n|inactive|Laroxyl has 10 seconds left.\n|\n|t:|1769298168\n|cant|p1a: Starmie|par\n|move|p2a: Snorlax|Self-Destruct|p1a: Starmie\n|-damage|p1a: Starmie|0 fnt\n|faint|p1a: Starmie\n|faint|p2a: Snorlax\n|inactive|Laroxyl has 15 seconds left this turn.\n|inactive|Laroxyl has 10 seconds left.\n|inactive|nicole7735 has 240 seconds left.\n|\n|t:|1769298203\n|switch|p1a: Tauros|Tauros|100/100 par\n|switch|p2a: Rhydon|Rhydon|76/100\n|turn|116\n|inactive|Laroxyl has 20 seconds left this turn.\n|inactive|Laroxyl has 15 seconds left.\n|inactive|Laroxyl has 10 seconds left.\n|\n|t:|1769298216\n|move|p2a: Rhydon|Earthquake|p1a: Tauros\n|-damage|p1a: Tauros|57/100 par\n|cant|p1a: Tauros|par\n|\n|upkeep\n|turn|117\n|inactive|Laroxyl has 20 seconds left this turn.\n|inactive|Laroxyl has 15 seconds left.\n|inactive|Laroxyl has 10 seconds left.\n|inactive|Laroxyl has 5 seconds left.\n|\n|t:|1769298235\n|move|p2a: Rhydon|Substitute|p2a: Rhydon\n|-start|p2a: Rhydon|Substitute\n|-damage|p2a: Rhydon|51/100\n|move|p1a: Tauros|Blizzard|p2a: Rhydon\n|-supereffective|p2a: Rhydon\n|-end|p2a: Rhydon|Substitute\n|\n|upkeep\n|turn|118\n|inactive|Laroxyl has 15 seconds left this turn.\n|inactive|Laroxyl has 10 seconds left.\n|inactive|Laroxyl has 5 seconds left.\n|\n|t:|1769298247\n|move|p2a: Rhydon|Substitute|p2a: Rhydon\n|-start|p2a: Rhydon|Substitute\n|-damage|p2a: Rhydon|26/100\n|cant|p1a: Tauros|par\n|\n|upkeep\n|turn|119\n|inactive|Laroxyl has 15 seconds left this turn.\n|inactive|Laroxyl has 10 seconds left.\n|\n|t:|1769298255\n|move|p2a: Rhydon|Earthquake|p1a: Tauros\n|-crit|p1a: Tauros\n|-damage|p1a: Tauros|0 fnt\n|faint|p1a: Tauros\n|inactive|Laroxyl has 15 seconds left this turn.\n|inactive|Laroxyl has 10 seconds left.\n|c|☆Laroxyl|Well\n|inactive|Laroxyl has 5 seconds left.\n|\n|t:|1769298268\n|switch|p1a: Chansey|Chansey|59/100 par\n|turn|120\n|inactive|Laroxyl has 15 seconds left this turn.\n|\n|t:|1769298271\n|move|p2a: Rhydon|Earthquake|p1a: Chansey\n|-damage|p1a: Chansey|6/100 par\n|move|p1a: Chansey|Ice Beam|p2a: Rhydon\n|-supereffective|p2a: Rhydon\n|-end|p2a: Rhydon|Substitute\n|\n|upkeep\n|turn|121\n|inactive|Laroxyl has 25 seconds left this turn.\n|inactive|Laroxyl has 20 seconds left.\n|\n|t:|1769298280\n|move|p2a: Rhydon|Earthquake|p1a: Chansey\n|-damage|p1a: Chansey|0 fnt\n|faint|p1a: Chansey\n|inactive|Laroxyl has 25 seconds left this turn.\n|\n|t:|1769298282\n|switch|p1a: Snorlax|Snorlax|21/100\n|turn|122\n|inactive|Laroxyl has 30 seconds left.\n|\n|t:|1769298289\n|move|p2a: Rhydon|Earthquake|p1a: Snorlax\n|-damage|p1a: Snorlax|0 fnt\n|faint|p1a: Snorlax\n|\n|win|nicole7735\n|c|☆nicole7735|ggs\n|c|☆Laroxyl|ggs\n|player|p1|\n|player|p2|\n","uploadtime":1769298289,"views":"1143","formatid":"gen1ou","rating":null,"private":0,"password":null}