{"id":"smogtours-gen1ou-958048","format":"[Gen 1] OU","players":["Laroxyl","TheStupe"],"log":"|inactive|Battle timer is ON: inactive players will automatically lose when time's up.\n|t:|1784664394\n|gametype|singles\n|player|p1|Laroxyl|#splxviitigers2|\n|player|p2|TheStupe|psychicf-gen4|\n|gen|1\n|tier|[Gen 1] OU\n|rule|Desync Clause Mod: Desyncs resolve to link battle behavior from the acting player's perspective.\n|rule|HP Percentage Mod: HP is shown in percentages\n|rule|Endless Battle Clause: Forcing endless battles is banned\n|rule|Sleep Clause Mod: Limit one foe put to sleep\n|rule|Freeze Clause Mod: Limit one foe frozen\n|rule|Species Clause: Limit one of each Pokémon\n|rule|OHKO Clause: OHKO moves are banned\n|rule|Evasion Moves Clause: Evasion moves are banned\n|\n|t:|1784664394\n|teamsize|p1|6\n|teamsize|p2|6\n|start\n|switch|p1a: Starmie|Starmie|100/100\n|switch|p2a: Gengar|Gengar|100/100\n|turn|1\n|c|☆TheStupe|glhf\n|\n|t:|1784664402\n|switch|p2a: Jynx|Jynx|100/100\n|move|p1a: Starmie|Psychic|p2a: Jynx\n|-resisted|p2a: Jynx\n|-damage|p2a: Jynx|83/100\n|-unboost|p2a: Jynx|spa|1\n|-unboost|p2a: Jynx|spd|1\n|\n|upkeep\n|turn|2\n|c|☆Laroxyl|u2\n|\n|t:|1784664419\n|move|p1a: Starmie|Thunder Wave|p2a: Jynx\n|-status|p2a: Jynx|par\n|move|p2a: Jynx|Lovely Kiss|p1a: Starmie\n|-status|p1a: Starmie|slp|[from] move: Lovely Kiss\n|\n|upkeep\n|turn|3\n|\n|t:|1784664428\n|switch|p1a: Chansey|Chansey|100/100\n|switch|p2a: Tauros|Tauros|100/100\n|\n|upkeep\n|turn|4\n|\n|t:|1784664447\n|switch|p2a: Jynx|Jynx|83/100 par\n|move|p1a: Chansey|Ice Beam|p2a: Jynx\n|-resisted|p2a: Jynx\n|-damage|p2a: Jynx|71/100 par\n|\n|upkeep\n|turn|5\n|c|+beto cachinhos|laroxyl goat\n|c|+beto cachinhos|heyy\n|\n|t:|1784664452\n|move|p1a: Chansey|Thunderbolt|p2a: Jynx\n|-crit|p2a: Jynx\n|-damage|p2a: Jynx|23/100 par\n|cant|p2a: Jynx|par\n|\n|upkeep\n|turn|6\n|inactive|Laroxyl has 270 seconds left.\n|\n|t:|1784664497\n|switch|p1a: Exeggutor|Exeggutor|100/100\n|switch|p2a: Exeggutor|Exeggutor|100/100\n|\n|upkeep\n|turn|7\n|inactive|TheStupe has 270 seconds left.\n|inactive|TheStupe has 240 seconds left.\n|\n|t:|1784664551\n|switch|p2a: Jynx|Jynx|23/100 par\n|move|p1a: Exeggutor|Sleep Powder|p2a: Jynx\n|-fail|p2a: Jynx\n|\n|upkeep\n|turn|8\n|inactive|TheStupe has 240 seconds left.\n|inactive|Laroxyl has 240 seconds left.\n|\n|t:|1784664589\n|switch|p1a: Chansey|Chansey|100/100\n|cant|p2a: Jynx|par\n|\n|upkeep\n|turn|9\n|\n|t:|1784664604\n|move|p1a: Chansey|Ice Beam|p2a: Jynx\n|-crit|p2a: Jynx\n|-resisted|p2a: Jynx\n|-damage|p2a: Jynx|1/100 par\n|move|p2a: Jynx|Rest|p2a: Jynx\n|-status|p2a: Jynx|slp|[from] move: Rest\n|-heal|p2a: Jynx|100/100 slp|[silent]\n|\n|upkeep\n|turn|10\n|\n|t:|1784664622\n|switch|p1a: Tauros|Tauros|100/100\n|cant|p2a: Jynx|slp\n|\n|upkeep\n|turn|11\n|\n|t:|1784664629\n|switch|p2a: Snorlax|Snorlax|100/100\n|move|p1a: Tauros|Body Slam|p2a: Snorlax\n|-crit|p2a: Snorlax\n|-damage|p2a: Snorlax|51/100\n|\n|upkeep\n|turn|12\n|inactive|Laroxyl has 210 seconds left.\n|\n|t:|1784664672\n|switch|p1a: Rhydon|Rhydon|100/100\n|move|p2a: Snorlax|Self-Destruct|p1a: Rhydon\n|-resisted|p1a: Rhydon\n|-damage|p1a: Rhydon|64/100\n|faint|p2a: Snorlax\n|inactive|TheStupe has 240 seconds left.\n|\n|t:|1784664687\n|switch|p2a: Exeggutor|Exeggutor|100/100\n|turn|13\n|\n|t:|1784664714\n|switch|p1a: Chansey|Chansey|100/100\n|move|p2a: Exeggutor|Stun Spore|p1a: Chansey\n|-status|p1a: Chansey|par\n|\n|upkeep\n|turn|14\n|\n|t:|1784664729\n|switch|p2a: Jynx|Jynx|100/100 slp\n|move|p1a: Chansey|Thunder Wave|p2a: Jynx\n|-fail|p2a: Jynx\n|\n|upkeep\n|turn|15\n|\n|t:|1784664735\n|-curestatus|p2a: Jynx|slp|[msg]\n|move|p1a: Chansey|Thunder Wave|p2a: Jynx\n|-status|p2a: Jynx|par\n|\n|upkeep\n|turn|16\n|\n|t:|1784664742\n|move|p2a: Jynx|Body Slam|p1a: Chansey\n|-damage|p1a: Chansey|83/100 par\n|move|p1a: Chansey|Thunderbolt|p2a: Jynx\n|-crit|p2a: Jynx\n|-damage|p2a: Jynx|50/100 par\n|\n|upkeep\n|turn|17\n|\n|t:|1784664749\n|cant|p2a: Jynx|par\n|move|p1a: Chansey|Soft-Boiled|p1a: Chansey\n|-heal|p1a: Chansey|100/100 par\n|\n|upkeep\n|turn|18\n|\n|t:|1784664762\n|move|p2a: Jynx|Blizzard|p1a: Chansey\n|-damage|p1a: Chansey|82/100 par\n|move|p1a: Chansey|Thunderbolt|p2a: Jynx\n|-damage|p2a: Jynx|25/100 par\n|\n|upkeep\n|turn|19\n|\n|t:|1784664781\n|move|p2a: Jynx|Blizzard|p1a: Chansey|[miss]\n|-miss|p2a: Jynx\n|move|p1a: Chansey|Soft-Boiled|p1a: Chansey\n|-heal|p1a: Chansey|100/100 par\n|\n|upkeep\n|turn|20\n|\n|t:|1784664787\n|move|p2a: Jynx|Blizzard|p1a: Chansey\n|-damage|p1a: Chansey|80/100 par\n|cant|p1a: Chansey|par\n|\n|upkeep\n|turn|21\n|\n|t:|1784664791\n|move|p2a: Jynx|Blizzard|p1a: Chansey\n|-damage|p1a: Chansey|63/100 par\n|move|p1a: Chansey|Soft-Boiled|p1a: Chansey\n|-heal|p1a: Chansey|100/100 par\n|\n|upkeep\n|turn|22\n|\n|t:|1784664797\n|move|p2a: Jynx|Body Slam|p1a: Chansey\n|-damage|p1a: Chansey|82/100 par\n|cant|p1a: Chansey|par\n|\n|upkeep\n|turn|23\n|\n|t:|1784664801\n|move|p2a: Jynx|Body Slam|p1a: Chansey\n|-damage|p1a: Chansey|64/100 par\n|cant|p1a: Chansey|par\n|\n|upkeep\n|turn|24\n|\n|t:|1784664809\n|cant|p2a: Jynx|par\n|cant|p1a: Chansey|par\n|\n|upkeep\n|turn|25\n|inactive|TheStupe has 270 seconds left.\n|\n|t:|1784664865\n|switch|p2a: Gengar|Gengar|100/100\n|move|p1a: Chansey|Soft-Boiled|p1a: Chansey\n|-heal|p1a: Chansey|100/100 par\n|\n|upkeep\n|turn|26\n|inactive|Laroxyl has 240 seconds left.\n|\n|t:|1784664910\n|move|p2a: Gengar|Psychic|p1a: Chansey\n|-damage|p1a: Chansey|90/100 par\n|move|p1a: Chansey|Thunder Wave|p2a: Gengar\n|-status|p2a: Gengar|par\n|\n|upkeep\n|turn|27\n|inactive|Laroxyl has 210 seconds left.\n|\n|t:|1784664931\n|move|p2a: Gengar|Night Shade|p1a: Chansey\n|-damage|p1a: Chansey|75/100 par\n|move|p1a: Chansey|Soft-Boiled|p1a: Chansey\n|-heal|p1a: Chansey|100/100 par\n|\n|upkeep\n|turn|28\n|inactive|Laroxyl has 210 seconds left.\n|\n|t:|1784664961\n|switch|p1a: Exeggutor|Exeggutor|100/100\n|move|p2a: Gengar|Night Shade|p1a: Exeggutor\n|-damage|p1a: Exeggutor|75/100\n|\n|upkeep\n|turn|29\n|\n|t:|1784664965\n|move|p1a: Exeggutor|Psychic|p2a: Gengar\n|-crit|p2a: Gengar\n|-supereffective|p2a: Gengar\n|-damage|p2a: Gengar|0 fnt\n|faint|p2a: Gengar\n|\n|t:|1784664969\n|switch|p2a: Jynx|Jynx|25/100 par\n|turn|30\n|inactive|Laroxyl has 210 seconds left.\n|\n|t:|1784664985\n|switch|p1a: Starmie|Starmie|100/100 slp\n|cant|p2a: Jynx|par\n|\n|upkeep\n|turn|31\n|inactive|Laroxyl has 210 seconds left.\n|\n|t:|1784664995\n|switch|p1a: Snorlax|Snorlax|100/100\n|switch|p2a: Tauros|Tauros|100/100\n|\n|upkeep\n|turn|32\n|\n|t:|1784665013\n|switch|p2a: Jynx|Jynx|25/100 par\n|move|p1a: Snorlax|Body Slam|p2a: Jynx\n|-damage|p2a: Jynx|0 fnt\n|faint|p2a: Jynx\n|\n|t:|1784665015\n|switch|p2a: Zapdos|Zapdos|100/100\n|turn|33\n|\n|t:|1784665040\n|switch|p1a: Rhydon|Rhydon|64/100\n|move|p2a: Zapdos|Thunderbolt|p1a: Rhydon\n|-immune|p1a: Rhydon\n|\n|upkeep\n|turn|34\n|\n|t:|1784665046\n|switch|p2a: Exeggutor|Exeggutor|100/100\n|move|p1a: Rhydon|Body Slam|p2a: Exeggutor\n|-damage|p2a: Exeggutor|77/100\n|-status|p2a: Exeggutor|par\n|\n|upkeep\n|turn|35\n|\n|t:|1784665056\n|switch|p1a: Chansey|Chansey|100/100 par\n|move|p2a: Exeggutor|Psychic|p1a: Chansey\n|-damage|p1a: Chansey|83/100 par\n|\n|upkeep\n|turn|36\n|\n|t:|1784665060\n|move|p2a: Exeggutor|Psychic|p1a: Chansey\n|-damage|p1a: Chansey|66/100 par\n|move|p1a: Chansey|Ice Beam|p2a: Exeggutor\n|-supereffective|p2a: Exeggutor\n|-damage|p2a: Exeggutor|41/100 par\n|\n|upkeep\n|turn|37\n|\n|t:|1784665064\n|move|p2a: Exeggutor|Psychic|p1a: Chansey\n|-damage|p1a: Chansey|50/100 par\n|move|p1a: Chansey|Soft-Boiled|p1a: Chansey\n|-heal|p1a: Chansey|99/100 par\n|\n|upkeep\n|turn|38\n|\n|t:|1784665068\n|cant|p2a: Exeggutor|par\n|move|p1a: Chansey|Ice Beam|p2a: Exeggutor\n|-supereffective|p2a: Exeggutor\n|-damage|p2a: Exeggutor|8/100 par\n|\n|upkeep\n|turn|39\n|c|☆TheStupe|gg\n|\n|t:|1784665074\n|move|p2a: Exeggutor|Explosion|p1a: Chansey\n|-damage|p1a: Chansey|0 fnt\n|faint|p1a: Chansey\n|faint|p2a: Exeggutor\n|inactive|Laroxyl has 240 seconds left.\n|inactive|Laroxyl has 210 seconds left.\n|\n|t:|1784665127\n|switch|p2a: Tauros|Tauros|100/100\n|switch|p1a: Snorlax|Snorlax|100/100\n|turn|40\n|\n|t:|1784665131\n|move|p2a: Tauros|Blizzard|p1a: Snorlax\n|-crit|p1a: Snorlax\n|-damage|p1a: Snorlax|63/100\n|move|p1a: Snorlax|Body Slam|p2a: Tauros\n|-damage|p2a: Tauros|70/100\n|\n|upkeep\n|turn|41\n|c|☆Laroxyl|Sorry for luck\n|inactive|Laroxyl has 210 seconds left.\n|\n|t:|1784665151\n|move|p2a: Tauros|Hyper Beam|p1a: Snorlax|[miss]\n|-miss|p2a: Tauros\n|move|p1a: Snorlax|Hyper Beam|p2a: Tauros\n|-damage|p2a: Tauros|14/100\n|-mustrecharge|p1a: Snorlax\n|\n|upkeep\n|turn|42\n|\n|t:|1784665154\n|move|p2a: Tauros|Body Slam|p1a: Snorlax\n|-crit|p1a: Snorlax\n|-damage|p1a: Snorlax|11/100\n|cant|p1a: Snorlax|recharge\n|\n|upkeep\n|turn|43\n|\n|t:|1784665156\n|move|p2a: Tauros|Body Slam|p1a: Snorlax\n|-damage|p1a: Snorlax|0 fnt\n|faint|p1a: Snorlax\n|\n|t:|1784665165\n|switch|p1a: Tauros|Tauros|100/100\n|turn|44\n|c|☆TheStupe|No worries\n|\n|t:|1784665179\n|move|p2a: Tauros|Hyper Beam|p1a: Tauros\n|-damage|p1a: Tauros|45/100\n|-mustrecharge|p2a: Tauros\n|move|p1a: Tauros|Body Slam|p2a: Tauros\n|-damage|p2a: Tauros|0 fnt\n|faint|p2a: Tauros\n|\n|t:|1784665181\n|switch|p2a: Zapdos|Zapdos|100/100\n|turn|45\n|\n|t:|1784665184\n|move|p1a: Tauros|Body Slam|p2a: Zapdos\n|-crit|p2a: Zapdos\n|-damage|p2a: Zapdos|45/100\n|move|p2a: Zapdos|Thunderbolt|p1a: Tauros\n|-crit|p1a: Tauros\n|-damage|p1a: Tauros|0 fnt\n|faint|p1a: Tauros\n|\n|t:|1784665193\n|switch|p1a: Rhydon|Rhydon|64/100\n|turn|46\n|\n|t:|1784665195\n|move|p2a: Zapdos|Drill Peck|p1a: Rhydon\n|-resisted|p1a: Rhydon\n|-damage|p1a: Rhydon|54/100\n|move|p1a: Rhydon|Body Slam|p2a: Zapdos\n|-damage|p2a: Zapdos|21/100\n|\n|upkeep\n|turn|47\n|\n|t:|1784665197\n|move|p2a: Zapdos|Drill Peck|p1a: Rhydon\n|-resisted|p1a: Rhydon\n|-damage|p1a: Rhydon|45/100\n|move|p1a: Rhydon|Body Slam|p2a: Zapdos\n|-damage|p2a: Zapdos|0 fnt\n|faint|p2a: Zapdos\n|\n|win|Laroxyl\n|c|☆Laroxyl|gg\n|player|p1|\n","uploadtime":1784665197,"views":"73","formatid":"gen1ou","rating":null,"private":0,"password":null}