{"id":"smogtours-gen1ou-965284","format":"[Gen 1] OU","players":["Kaz","LNumbers"],"log":"|inactive|Battle timer is ON: inactive players will automatically lose when time's up.\n|t:|1787344096\n|gametype|singles\n|player|p1|Kaz|#kaz|\n|player|p2|LNumbers|#rbywc2026|\n|gen|1\n|tier|[Gen 1] OU\n|rule|Desync Clause Mod: Desyncs resolve to link battle behavior from the acting player's perspective.\n|rule|HP Percentage Mod: HP is shown in percentages\n|rule|Endless Battle Clause: Forcing endless battles is banned\n|rule|Sleep Clause Mod: Limit one foe put to sleep\n|rule|Freeze Clause Mod: Limit one foe frozen\n|rule|Species Clause: Limit one of each Pokémon\n|rule|OHKO Clause: OHKO moves are banned\n|rule|Evasion Moves Clause: Evasion moves are banned\n|\n|t:|1787344096\n|teamsize|p1|6\n|teamsize|p2|6\n|start\n|switch|p1a: Starmie|Starmie|100/100\n|switch|p2a: Alakazam|Alakazam|100/100\n|turn|1\n|c|☆LNumbers|hf\n|c|☆Kaz|hf\n|\n|t:|1787344113\n|switch|p1a: Jynx|Jynx|100/100\n|move|p2a: Alakazam|Thunder Wave|p1a: Jynx\n|-status|p1a: Jynx|par\n|\n|upkeep\n|turn|2\n|\n|t:|1787344126\n|move|p2a: Alakazam|Seismic Toss|p1a: Jynx\n|-damage|p1a: Jynx|70/100 par\n|cant|p1a: Jynx|par\n|\n|upkeep\n|turn|3\n|\n|t:|1787344142\n|move|p2a: Alakazam|Psychic|p1a: Jynx\n|-resisted|p1a: Jynx\n|-damage|p1a: Jynx|50/100 par\n|-unboost|p1a: Jynx|spa|1\n|-unboost|p1a: Jynx|spd|1\n|move|p1a: Jynx|Lovely Kiss|p2a: Alakazam|[miss]\n|-miss|p1a: Jynx\n|\n|upkeep\n|turn|4\n|inactive|LNumbers has 270 seconds left.\n|\n|t:|1787344167\n|move|p2a: Alakazam|Psychic|p1a: Jynx\n|-crit|p1a: Jynx\n|-resisted|p1a: Jynx\n|-damage|p1a: Jynx|12/100 par\n|move|p1a: Jynx|Lovely Kiss|p2a: Alakazam\n|-status|p2a: Alakazam|slp|[from] move: Lovely Kiss\n|\n|upkeep\n|turn|5\n|\n|t:|1787344177\n|cant|p2a: Alakazam|slp\n|move|p1a: Jynx|Rest|p1a: Jynx\n|-status|p1a: Jynx|slp|[from] move: Rest\n|-heal|p1a: Jynx|100/100 slp|[silent]\n|\n|upkeep\n|turn|6\n|\n|t:|1787344189\n|switch|p2a: Exeggutor|Exeggutor|100/100\n|cant|p1a: Jynx|slp\n|\n|upkeep\n|turn|7\n|\n|t:|1787344197\n|move|p2a: Exeggutor|Psychic|p1a: Jynx\n|-resisted|p1a: Jynx\n|-damage|p1a: Jynx|74/100 slp\n|-unboost|p1a: Jynx|spa|1\n|-unboost|p1a: Jynx|spd|1\n|-curestatus|p1a: Jynx|slp|[msg]\n|\n|upkeep\n|turn|8\n|\n|t:|1787344206\n|move|p2a: Exeggutor|Psychic|p1a: Jynx\n|-resisted|p1a: Jynx\n|-damage|p1a: Jynx|36/100\n|move|p1a: Jynx|Body Slam|p2a: Exeggutor\n|-damage|p2a: Exeggutor|89/100\n|\n|upkeep\n|turn|9\n|inactive|LNumbers has 270 seconds left.\n|inactive|Kaz has 270 seconds left.\n|\n|t:|1787344262\n|move|p2a: Exeggutor|Sleep Powder|p1a: Jynx\n|-status|p1a: Jynx|slp|[from] move: Sleep Powder\n|cant|p1a: Jynx|slp\n|\n|upkeep\n|turn|10\n|\n|t:|1787344272\n|switch|p1a: Alakazam|Alakazam|100/100\n|move|p2a: Exeggutor|Stun Spore|p1a: Alakazam|[miss]\n|-miss|p2a: Exeggutor\n|\n|upkeep\n|turn|11\n|\n|t:|1787344282\n|move|p1a: Alakazam|Thunder Wave|p2a: Exeggutor\n|-status|p2a: Exeggutor|par\n|move|p2a: Exeggutor|Stun Spore|p1a: Alakazam\n|-status|p1a: Alakazam|par\n|\n|upkeep\n|turn|12\n|inactive|Kaz has 270 seconds left.\n|\n|t:|1787344295\n|switch|p2a: Rhydon|Rhydon|100/100\n|move|p1a: Alakazam|Psychic|p2a: Rhydon\n|-damage|p2a: Rhydon|48/100\n|\n|upkeep\n|turn|13\n|inactive|Kaz has 270 seconds left.\n|\n|t:|1787344310\n|switch|p1a: Jynx|Jynx|36/100 slp\n|move|p2a: Rhydon|Body Slam|p1a: Jynx\n|-damage|p1a: Jynx|0 fnt\n|faint|p1a: Jynx\n|inactive|Kaz has 270 seconds left.\n|\n|t:|1787344320\n|switch|p1a: Tauros|Tauros|100/100\n|turn|14\n|\n|t:|1787344324\n|switch|p2a: Starmie|Starmie|100/100\n|move|p1a: Tauros|Body Slam|p2a: Starmie\n|-damage|p2a: Starmie|66/100\n|\n|upkeep\n|turn|15\n|\n|t:|1787344340\n|switch|p1a: Alakazam|Alakazam|100/100 par\n|move|p2a: Starmie|Thunder Wave|p1a: Alakazam\n|-fail|p1a: Alakazam|par\n|\n|upkeep\n|turn|16\n|\n|t:|1787344344\n|move|p2a: Starmie|Recover|p2a: Starmie\n|-heal|p2a: Starmie|100/100\n|cant|p1a: Alakazam|par\n|\n|upkeep\n|turn|17\n|\n|t:|1787344350\n|switch|p2a: Alakazam|Alakazam|100/100 slp\n|move|p1a: Alakazam|Psychic|p2a: Alakazam\n|-resisted|p2a: Alakazam\n|-damage|p2a: Alakazam|83/100 slp\n|\n|upkeep\n|turn|18\n|\n|t:|1787344364\n|switch|p1a: Snorlax|Snorlax|100/100\n|-curestatus|p2a: Alakazam|slp|[msg]\n|\n|upkeep\n|turn|19\n|inactive|Kaz has 270 seconds left.\n|\n|t:|1787344412\n|move|p2a: Alakazam|Thunder Wave|p1a: Snorlax\n|-status|p1a: Snorlax|par\n|cant|p1a: Snorlax|par\n|\n|upkeep\n|turn|20\n|\n|t:|1787344433\n|move|p2a: Alakazam|Psychic|p1a: Snorlax\n|-crit|p1a: Snorlax\n|-damage|p1a: Snorlax|42/100 par\n|move|p1a: Snorlax|Body Slam|p2a: Alakazam\n|-crit|p2a: Alakazam\n|-damage|p2a: Alakazam|0 fnt\n|faint|p2a: Alakazam\n|\n|t:|1787344445\n|switch|p2a: Rhydon|Rhydon|48/100\n|turn|21\n|inactive|Kaz has 270 seconds left.\n|inactive|LNumbers has 270 seconds left.\n|\n|t:|1787344485\n|switch|p1a: Tauros|Tauros|100/100\n|move|p2a: Rhydon|Earthquake|p1a: Tauros\n|-damage|p1a: Tauros|59/100\n|\n|upkeep\n|turn|22\n|inactive|LNumbers has 240 seconds left.\n|inactive|Kaz has 240 seconds left.\n|\n|t:|1787344546\n|switch|p2a: Starmie|Starmie|100/100\n|move|p1a: Tauros|Body Slam|p2a: Starmie\n|-damage|p2a: Starmie|65/100\n|\n|upkeep\n|turn|23\n|inactive|LNumbers has 210 seconds left.\n|inactive|LNumbers has 180 seconds left.\n|\n|t:|1787344597\n|switch|p1a: Alakazam|Alakazam|100/100 par\n|move|p2a: Starmie|Recover|p2a: Starmie\n|-heal|p2a: Starmie|100/100\n|\n|upkeep\n|turn|24\n|inactive|LNumbers has 180 seconds left.\n|inactive|Kaz has 210 seconds left.\n|inactive|LNumbers has 150 seconds left.\n|\n|t:|1787344642\n|switch|p2a: Exeggutor|Exeggutor|89/100 par\n|move|p1a: Alakazam|Psychic|p2a: Exeggutor\n|-resisted|p2a: Exeggutor\n|-damage|p2a: Exeggutor|74/100 par\n|-unboost|p2a: Exeggutor|spa|1\n|-unboost|p2a: Exeggutor|spd|1\n|\n|upkeep\n|turn|25\n|inactive|LNumbers has 150 seconds left.\n|inactive|LNumbers has 120 seconds left.\n|inactive|Kaz has 180 seconds left.\n|inactive|LNumbers has 90 seconds left.\n|inactive|Kaz has 150 seconds left.\n|\n|t:|1787344733\n|switch|p1a: Snorlax|Snorlax|42/100 par\n|move|p2a: Exeggutor|Psychic|p1a: Snorlax\n|-damage|p1a: Snorlax|23/100 par\n|\n|upkeep\n|turn|26\n|inactive|Kaz has 150 seconds left.\n|\n|t:|1787344750\n|switch|p1a: Tauros|Tauros|59/100\n|switch|p2a: Rhydon|Rhydon|48/100\n|\n|upkeep\n|turn|27\n|inactive|Kaz has 150 seconds left.\n|inactive|LNumbers has 60 seconds left.\n|\n|t:|1787344771\n|switch|p2a: Starmie|Starmie|100/100\n|move|p1a: Tauros|Body Slam|p2a: Starmie\n|-damage|p2a: Starmie|68/100\n|\n|upkeep\n|turn|28\n|inactive|LNumbers has 60 seconds left.\n|\n|t:|1787344795\n|switch|p1a: Alakazam|Alakazam|100/100 par\n|move|p2a: Starmie|Recover|p2a: Starmie\n|-heal|p2a: Starmie|100/100\n|\n|upkeep\n|turn|29\n|\n|t:|1787344818\n|switch|p2a: Snorlax|Snorlax|100/100\n|move|p1a: Alakazam|Seismic Toss|p2a: Snorlax\n|-damage|p2a: Snorlax|81/100\n|\n|upkeep\n|turn|30\n|inactive|Kaz has 150 seconds left.\n|inactive|Kaz has 120 seconds left.\n|\n|t:|1787344856\n|switch|p1a: Rhydon|Rhydon|100/100\n|move|p2a: Snorlax|Body Slam|p1a: Rhydon\n|-resisted|p1a: Rhydon\n|-damage|p1a: Rhydon|90/100\n|\n|upkeep\n|turn|31\n|inactive|Kaz has 120 seconds left.\n|\n|t:|1787344871\n|move|p1a: Rhydon|Rock Slide|p2a: Snorlax\n|-damage|p2a: Snorlax|56/100\n|move|p2a: Snorlax|Blizzard|p1a: Rhydon\n|-supereffective|p1a: Rhydon\n|-damage|p1a: Rhydon|31/100\n|\n|upkeep\n|turn|32\n|inactive|Kaz has 120 seconds left.\n|inactive|LNumbers has 30 seconds left.\n|inactive|LNumbers has 20 seconds left.\n|inactive|Kaz has 90 seconds left.\n|inactive|LNumbers has 15 seconds left.\n|\n|t:|1787344919\n|move|p1a: Rhydon|Body Slam|p2a: Snorlax\n|-crit|p2a: Snorlax\n|-damage|p2a: Snorlax|15/100\n|move|p2a: Snorlax|Blizzard|p1a: Rhydon\n|-supereffective|p1a: Rhydon\n|-damage|p1a: Rhydon|0 fnt\n|faint|p1a: Rhydon\n|\n|t:|1787344928\n|switch|p1a: Tauros|Tauros|59/100\n|turn|33\n|inactive|LNumbers has 30 seconds left this turn.\n|inactive|LNumbers has 20 seconds left.\n|inactive|LNumbers has 15 seconds left.\n|\n|t:|1787344945\n|switch|p2a: Starmie|Starmie|100/100\n|move|p1a: Tauros|Body Slam|p2a: Starmie\n|-damage|p2a: Starmie|66/100\n|-status|p2a: Starmie|par\n|\n|upkeep\n|turn|34\n|inactive|LNumbers has 25 seconds left this turn.\n|inactive|LNumbers has 20 seconds left.\n|\n|t:|1787344954\n|switch|p1a: Alakazam|Alakazam|100/100 par\n|move|p2a: Starmie|Recover|p2a: Starmie\n|-heal|p2a: Starmie|100/100 par\n|\n|upkeep\n|turn|35\n|inactive|LNumbers has 30 seconds left this turn.\n|inactive|LNumbers has 20 seconds left.\n|\n|t:|1787344965\n|move|p1a: Alakazam|Psychic|p2a: Starmie\n|-resisted|p2a: Starmie\n|-damage|p2a: Starmie|79/100 par\n|-unboost|p2a: Starmie|spa|1\n|-unboost|p2a: Starmie|spd|1\n|move|p2a: Starmie|Blizzard|p1a: Alakazam\n|-crit|p1a: Alakazam\n|-damage|p1a: Alakazam|50/100 par\n|\n|upkeep\n|turn|36\n|inactive|LNumbers has 30 seconds left this turn.\n|\n|t:|1787344974\n|move|p1a: Alakazam|Psychic|p2a: Starmie\n|-resisted|p2a: Starmie\n|-damage|p2a: Starmie|47/100 par\n|-unboost|p2a: Starmie|spa|1\n|-unboost|p2a: Starmie|spd|1\n|move|p2a: Starmie|Recover|p2a: Starmie\n|-heal|p2a: Starmie|96/100 par\n|\n|upkeep\n|turn|37\n|inactive|LNumbers has 30 seconds left.\n|inactive|LNumbers has 20 seconds left.\n|inactive|Kaz has 120 seconds left.\n|inactive|LNumbers has 15 seconds left.\n|inactive|LNumbers has 10 seconds left.\n|inactive|LNumbers has 5 seconds left.\n|\n|t:|1787345005\n|switch|p2a: Exeggutor|Exeggutor|74/100 par\n|cant|p1a: Alakazam|par\n|\n|upkeep\n|turn|38\n|inactive|LNumbers has 15 seconds left this turn.\n|inactive|LNumbers has 10 seconds left.\n|inactive|LNumbers has 5 seconds left.\n|\n|t:|1787345022\n|move|p1a: Alakazam|Psychic|p2a: Exeggutor\n|-crit|p2a: Exeggutor\n|-resisted|p2a: Exeggutor\n|-damage|p2a: Exeggutor|45/100 par\n|-unboost|p2a: Exeggutor|spa|1\n|-unboost|p2a: Exeggutor|spd|1\n|move|p2a: Exeggutor|Explosion|p1a: Alakazam\n|-damage|p1a: Alakazam|0 fnt\n|faint|p1a: Alakazam\n|faint|p2a: Exeggutor\n|inactive|LNumbers has 10 seconds left this turn.\n|inactive|LNumbers has 5 seconds left.\n|inactive|Kaz has 120 seconds left.\n|\n|t:|1787345061\n|switch|p1a: Starmie|Starmie|100/100\n|switch|p2a: Starmie|Starmie|96/100 par\n|turn|39\n|inactive|LNumbers has 15 seconds left this turn.\n|\n|t:|1787345065\n|move|p1a: Starmie|Thunderbolt|p2a: Starmie\n|-supereffective|p2a: Starmie\n|-damage|p2a: Starmie|52/100 par\n|move|p2a: Starmie|Thunder Wave|p1a: Starmie\n|-status|p1a: Starmie|par\n|\n|upkeep\n|turn|40\n|inactive|LNumbers has 25 seconds left this turn.\n|inactive|LNumbers has 20 seconds left.\n|\n|t:|1787345076\n|move|p1a: Starmie|Surf|p2a: Starmie\n|-resisted|p2a: Starmie\n|-damage|p2a: Starmie|36/100 par\n|move|p2a: Starmie|Thunderbolt|p1a: Starmie\n|-supereffective|p1a: Starmie\n|-damage|p1a: Starmie|57/100 par\n|\n|upkeep\n|turn|41\n|inactive|LNumbers has 30 seconds left this turn.\n|inactive|LNumbers has 20 seconds left.\n|\n|t:|1787345086\n|switch|p2a: Snorlax|Snorlax|15/100\n|move|p1a: Starmie|Recover|p1a: Starmie\n|-heal|p1a: Starmie|100/100 par\n|\n|upkeep\n|turn|42\n|inactive|LNumbers has 30 seconds left this turn.\n|\n|t:|1787345094\n|switch|p1a: Snorlax|Snorlax|23/100 par\n|move|p2a: Snorlax|Body Slam|p1a: Snorlax\n|-damage|p1a: Snorlax|0 fnt\n|faint|p1a: Snorlax\n|\n|t:|1787345097\n|switch|p1a: Tauros|Tauros|59/100\n|turn|43\n|inactive|LNumbers has 30 seconds left.\n|\n|t:|1787345110\n|switch|p2a: Starmie|Starmie|36/100 par\n|move|p1a: Tauros|Body Slam|p2a: Starmie\n|-damage|p2a: Starmie|4/100 par\n|\n|upkeep\n|turn|44\n|\n|t:|1787345122\n|move|p1a: Tauros|Body Slam|p2a: Starmie\n|-damage|p2a: Starmie|0 fnt\n|faint|p2a: Starmie\n|\n|t:|1787345125\n|switch|p2a: Tauros|Tauros|100/100\n|turn|45\n|inactive|Kaz has 120 seconds left.\n|\n|t:|1787345148\n|switch|p1a: Starmie|Starmie|100/100 par\n|move|p2a: Tauros|Body Slam|p1a: Starmie\n|-crit|p1a: Starmie\n|-damage|p1a: Starmie|35/100 par\n|\n|upkeep\n|turn|46\n|inactive|LNumbers has 60 seconds left.\n|c|☆Kaz|gg\n|inactive|Kaz has 120 seconds left.\n|inactive|LNumbers has 30 seconds left.\n|inactive|LNumbers has 20 seconds left.\n|\n|t:|1787345200\n|switch|p2a: Snorlax|Snorlax|15/100\n|move|p1a: Starmie|Recover|p1a: Starmie\n|-heal|p1a: Starmie|85/100 par\n|\n|upkeep\n|turn|47\n|inactive|LNumbers has 30 seconds left this turn.\n|inactive|Kaz has 90 seconds left.\n|\n|t:|1787345238\n|move|p2a: Snorlax|Self-Destruct|p1a: Starmie\n|-damage|p1a: Starmie|0 fnt\n|faint|p1a: Starmie\n|faint|p2a: Snorlax\n|inactive|LNumbers has 30 seconds left.\n|inactive|LNumbers has 20 seconds left.\n|inactive|LNumbers has 15 seconds left.\n|\n|t:|1787345263\n|switch|p2a: Rhydon|Rhydon|48/100\n|switch|p1a: Tauros|Tauros|59/100\n|turn|48\n|inactive|LNumbers has 25 seconds left this turn.\n|\n|t:|1787345271\n|move|p1a: Tauros|Blizzard|p2a: Rhydon|[miss]\n|-miss|p1a: Tauros\n|move|p2a: Rhydon|Earthquake|p1a: Tauros\n|-damage|p1a: Tauros|19/100\n|\n|upkeep\n|turn|49\n|\n|t:|1787345273\n|move|p1a: Tauros|Blizzard|p2a: Rhydon\n|-crit|p2a: Rhydon\n|-supereffective|p2a: Rhydon\n|-damage|p2a: Rhydon|0 fnt\n|faint|p2a: Rhydon\n|\n|t:|1787345275\n|switch|p2a: Tauros|Tauros|100/100\n|turn|50\n|inactive|Kaz has 90 seconds left.\n|\n|t:|1787345300\n|move|p2a: Tauros|Body Slam|p1a: Tauros\n|-crit|p1a: Tauros\n|-damage|p1a: Tauros|0 fnt\n|faint|p1a: Tauros\n|\n|win|LNumbers\n|c|☆LNumbers|gg\n|c|☆Kaz|gg\n|c|☆LNumbers|/log LNumbers made the replay of this battle unlisted.\n|player|p1|\n|player|p2|\n","uploadtime":1787345300,"views":"65","formatid":"gen1ou","rating":null,"private":2,"password":null}