{"id":"smogtours-gen1ou-907044","format":"[Gen 1] OU","players":["Laroxyl","sadisticnarwhal"],"log":"|inactive|Battle timer is ON: inactive players will automatically lose when time's up.\n|t:|1770570906\n|gametype|singles\n|player|p1|Laroxyl|#splxviitigers2|\n|player|p2|sadisticnarwhal|#splxviiruiners2|\n|gen|1\n|tier|[Gen 1] OU\n|rule|Desync Clause Mod: Desyncs changed to move failure.\n|rule|Sleep Clause Mod: Limit one foe put to sleep\n|rule|Freeze Clause Mod: Limit one foe frozen\n|rule|Species Clause: Limit one of each Pokémon\n|rule|OHKO Clause: OHKO moves are banned\n|rule|Evasion Moves Clause: Evasion moves are banned\n|rule|Endless Battle Clause: Forcing endless battles is banned\n|rule|HP Percentage Mod: HP is shown in percentages\n|\n|t:|1770570906\n|teamsize|p1|6\n|teamsize|p2|6\n|start\n|switch|p1a: Starmie|Starmie|100/100\n|switch|p2a: Gengar|Gengar|100/100\n|turn|1\n|c|☆sadisticnarwhal|hf\n|c|☆Laroxyl|hf\n|\n|t:|1770570922\n|switch|p2a: Chansey|Chansey|100/100\n|move|p1a: Starmie|Psychic|p2a: Chansey\n|-damage|p2a: Chansey|86/100\n|\n|upkeep\n|turn|2\n|rated|Smogon Premier League\n|\n|t:|1770570946\n|move|p1a: Starmie|Psychic|p2a: Chansey\n|-damage|p2a: Chansey|70/100\n|move|p2a: Chansey|Sing|p1a: Starmie\n|-status|p1a: Starmie|slp|[from] move: Sing\n|\n|upkeep\n|turn|3\n|\n|t:|1770570958\n|cant|p1a: Starmie|slp\n|move|p2a: Chansey|Seismic Toss|p1a: Starmie\n|-damage|p1a: Starmie|70/100 slp\n|\n|upkeep\n|turn|4\n|\n|t:|1770570968\n|switch|p1a: Exeggutor|Exeggutor|100/100\n|move|p2a: Chansey|Seismic Toss|p1a: Exeggutor\n|-damage|p1a: Exeggutor|75/100\n|\n|upkeep\n|turn|5\n|inactive|Laroxyl has 270 seconds left.\n|\n|t:|1770570996\n|switch|p2a: Gengar|Gengar|100/100\n|move|p1a: Exeggutor|Psychic|p2a: Gengar\n|-supereffective|p2a: Gengar\n|-damage|p2a: Gengar|38/100\n|-unboost|p2a: Gengar|spa|1\n|-unboost|p2a: Gengar|spd|1\n|\n|upkeep\n|turn|6\n|inactive|Laroxyl has 270 seconds left.\n|inactive|Laroxyl has 240 seconds left.\n|\n|t:|1770571045\n|move|p2a: Gengar|Night Shade|p1a: Exeggutor\n|-damage|p1a: Exeggutor|50/100\n|move|p1a: Exeggutor|Psychic|p2a: Gengar\n|-supereffective|p2a: Gengar\n|-damage|p2a: Gengar|0 fnt\n|faint|p2a: Gengar\n|\n|t:|1770571049\n|switch|p2a: Starmie|Starmie|100/100\n|turn|7\n|inactive|Laroxyl has 240 seconds left.\n|\n|t:|1770571076\n|move|p2a: Starmie|Blizzard|p1a: Exeggutor\n|-supereffective|p1a: Exeggutor\n|-damage|p1a: Exeggutor|7/100\n|move|p1a: Exeggutor|Sleep Powder|p2a: Starmie\n|-status|p2a: Starmie|slp|[from] move: Sleep Powder\n|\n|upkeep\n|turn|8\n|\n|t:|1770571086\n|cant|p2a: Starmie|slp\n|move|p1a: Exeggutor|Psychic|p2a: Starmie\n|-resisted|p2a: Starmie\n|-damage|p2a: Starmie|83/100 slp\n|\n|upkeep\n|turn|9\n|\n|t:|1770571089\n|cant|p2a: Starmie|slp\n|move|p1a: Exeggutor|Explosion|p2a: Starmie\n|-damage|p2a: Starmie|0 fnt\n|faint|p2a: Starmie\n|faint|p1a: Exeggutor\n|\n|t:|1770571108\n|switch|p2a: Chansey|Chansey|70/100\n|switch|p1a: Chansey|Chansey|100/100\n|turn|10\n|\n|t:|1770571119\n|move|p1a: Chansey|Thunder Wave|p2a: Chansey\n|-status|p2a: Chansey|par\n|cant|p2a: Chansey|par\n|\n|upkeep\n|turn|11\n|\n|t:|1770571131\n|switch|p1a: Rhydon|Rhydon|100/100\n|move|p2a: Chansey|Soft-Boiled|p2a: Chansey\n|-heal|p2a: Chansey|100/100 par\n|\n|upkeep\n|turn|12\n|\n|t:|1770571149\n|switch|p2a: Exeggutor|Exeggutor|100/100\n|move|p1a: Rhydon|Body Slam|p2a: Exeggutor\n|-damage|p2a: Exeggutor|77/100\n|-status|p2a: Exeggutor|par\n|\n|upkeep\n|turn|13\n|\n|t:|1770571166\n|switch|p1a: Chansey|Chansey|100/100\n|move|p2a: Exeggutor|Stun Spore|p1a: Chansey\n|-status|p1a: Chansey|par\n|\n|upkeep\n|turn|14\n|\n|t:|1770571178\n|switch|p2a: Snorlax|Snorlax|100/100\n|cant|p1a: Chansey|par\n|\n|upkeep\n|turn|15\n|\n|t:|1770571184\n|switch|p1a: Snorlax|Snorlax|100/100\n|move|p2a: Snorlax|Body Slam|p1a: Snorlax\n|-damage|p1a: Snorlax|72/100\n|\n|upkeep\n|turn|16\n|\n|t:|1770571187\n|move|p2a: Snorlax|Body Slam|p1a: Snorlax\n|-damage|p1a: Snorlax|45/100\n|move|p1a: Snorlax|Reflect|p1a: Snorlax\n|-start|p1a: Snorlax|Reflect\n|\n|upkeep\n|turn|17\n|inactive|Laroxyl has 240 seconds left.\n|inactive|sadisticnarwhal has 270 seconds left.\n|inactive|Laroxyl has 210 seconds left.\n|\n|t:|1770571234\n|move|p2a: Snorlax|Reflect|p2a: Snorlax\n|-start|p2a: Snorlax|Reflect\n|move|p1a: Snorlax|Ice Beam|p2a: Snorlax\n|-damage|p2a: Snorlax|87/100\n|\n|upkeep\n|turn|18\n|inactive|Laroxyl has 210 seconds left.\n|\n|t:|1770571258\n|move|p1a: Snorlax|Rest|p1a: Snorlax\n|-status|p1a: Snorlax|slp|[from] move: Rest\n|-heal|p1a: Snorlax|100/100 slp|[silent]\n|move|p2a: Snorlax|Body Slam|p1a: Snorlax\n|-damage|p1a: Snorlax|87/100 slp\n|\n|upkeep\n|turn|19\n|\n|t:|1770571260\n|move|p2a: Snorlax|Body Slam|p1a: Snorlax\n|-damage|p1a: Snorlax|72/100 slp\n|cant|p1a: Snorlax|slp\n|\n|upkeep\n|turn|20\n|\n|t:|1770571262\n|move|p2a: Snorlax|Body Slam|p1a: Snorlax\n|-damage|p1a: Snorlax|59/100 slp\n|-curestatus|p1a: Snorlax|slp|[msg]\n|\n|upkeep\n|turn|21\n|\n|t:|1770571268\n|move|p1a: Snorlax|Rest|p1a: Snorlax\n|-status|p1a: Snorlax|slp|[from] move: Rest\n|-heal|p1a: Snorlax|100/100 slp|[silent]\n|move|p2a: Snorlax|Body Slam|p1a: Snorlax\n|-damage|p1a: Snorlax|88/100 slp\n|\n|upkeep\n|turn|22\n|\n|t:|1770571270\n|move|p2a: Snorlax|Body Slam|p1a: Snorlax\n|-damage|p1a: Snorlax|73/100 slp\n|cant|p1a: Snorlax|slp\n|\n|upkeep\n|turn|23\n|\n|t:|1770571272\n|-curestatus|p1a: Snorlax|slp|[msg]\n|move|p2a: Snorlax|Body Slam|p1a: Snorlax\n|-damage|p1a: Snorlax|60/100\n|\n|upkeep\n|turn|24\n|\n|t:|1770571278\n|move|p1a: Snorlax|Ice Beam|p2a: Snorlax\n|-damage|p2a: Snorlax|73/100\n|move|p2a: Snorlax|Body Slam|p1a: Snorlax\n|-damage|p1a: Snorlax|48/100\n|\n|upkeep\n|turn|25\n|\n|t:|1770571286\n|switch|p2a: Exeggutor|Exeggutor|77/100 par\n|move|p1a: Snorlax|Ice Beam|p2a: Exeggutor\n|-supereffective|p2a: Exeggutor\n|-damage|p2a: Exeggutor|53/100 par\n|\n|upkeep\n|turn|26\n|inactive|Laroxyl has 240 seconds left.\n|inactive|Laroxyl has 210 seconds left.\n|\n|t:|1770571365\n|move|p1a: Snorlax|Body Slam|p2a: Exeggutor\n|-damage|p2a: Exeggutor|23/100 par\n|move|p2a: Exeggutor|Psychic|p1a: Snorlax\n|-damage|p1a: Snorlax|18/100\n|\n|upkeep\n|turn|27\n|inactive|sadisticnarwhal has 270 seconds left.\n|inactive|Laroxyl has 180 seconds left.\n|inactive|sadisticnarwhal has 240 seconds left.\n|inactive|Laroxyl has 150 seconds left.\n|\n|t:|1770571437\n|move|p1a: Snorlax|Body Slam|p2a: Exeggutor\n|-damage|p2a: Exeggutor|0 fnt\n|faint|p2a: Exeggutor\n|\n|t:|1770571439\n|switch|p2a: Tauros|Tauros|100/100\n|turn|28\n|inactive|Laroxyl has 120 seconds left.\n|inactive|Laroxyl has 90 seconds left.\n|inactive|Laroxyl has 60 seconds left.\n|\n|t:|1770571527\n|switch|p1a: Chansey|Chansey|100/100 par\n|move|p2a: Tauros|Blizzard|p1a: Chansey\n|-damage|p1a: Chansey|91/100 par\n|\n|upkeep\n|turn|29\n|inactive|sadisticnarwhal has 240 seconds left.\n|inactive|Laroxyl has 60 seconds left.\n|\n|t:|1770571541\n|switch|p2a: Snorlax|Snorlax|73/100\n|cant|p1a: Chansey|par\n|\n|upkeep\n|turn|30\n|inactive|Laroxyl has 60 seconds left.\n|\n|t:|1770571552\n|move|p2a: Snorlax|Body Slam|p1a: Chansey\n|-damage|p1a: Chansey|50/100 par\n|move|p1a: Chansey|Thunder Wave|p2a: Snorlax\n|-status|p2a: Snorlax|par\n|\n|upkeep\n|turn|31\n|inactive|Laroxyl has 60 seconds left.\n|\n|t:|1770571570\n|move|p1a: Chansey|Soft-Boiled|p1a: Chansey\n|-heal|p1a: Chansey|99/100 par\n|move|p2a: Snorlax|Body Slam|p1a: Chansey\n|-damage|p1a: Chansey|58/100 par\n|\n|upkeep\n|turn|32\n|inactive|Laroxyl has 60 seconds left.\n|\n|t:|1770571590\n|cant|p1a: Chansey|par\n|move|p2a: Snorlax|Body Slam|p1a: Chansey\n|-damage|p1a: Chansey|15/100 par\n|\n|upkeep\n|turn|33\n|\n|t:|1770571602\n|move|p1a: Chansey|Soft-Boiled|p1a: Chansey\n|-heal|p1a: Chansey|65/100 par\n|cant|p2a: Snorlax|par\n|\n|upkeep\n|turn|34\n|\n|t:|1770571614\n|move|p1a: Chansey|Soft-Boiled|p1a: Chansey\n|-heal|p1a: Chansey|100/100 par\n|move|p2a: Snorlax|Body Slam|p1a: Chansey\n|-damage|p1a: Chansey|58/100 par\n|\n|upkeep\n|turn|35\n|\n|t:|1770571618\n|cant|p1a: Chansey|par\n|move|p2a: Snorlax|Body Slam|p1a: Chansey\n|-damage|p1a: Chansey|17/100 par\n|\n|upkeep\n|turn|36\n|inactive|Laroxyl has 60 seconds left.\n|\n|t:|1770571625\n|cant|p1a: Chansey|par\n|move|p2a: Snorlax|Body Slam|p1a: Chansey\n|-damage|p1a: Chansey|0 fnt\n|faint|p1a: Chansey\n|inactive|Laroxyl has 60 seconds left.\n|inactive|Laroxyl has 30 seconds left.\n|\n|t:|1770571663\n|switch|p1a: Rhydon|Rhydon|100/100\n|turn|37\n|inactive|sadisticnarwhal has 270 seconds left.\n|\n|t:|1770571718\n|move|p1a: Rhydon|Earthquake|p2a: Snorlax\n|-damage|p2a: Snorlax|37/100 par\n|move|p2a: Snorlax|Reflect|p2a: Snorlax\n|-start|p2a: Snorlax|Reflect\n|\n|upkeep\n|turn|38\n|\n|t:|1770571728\n|move|p1a: Rhydon|Earthquake|p2a: Snorlax\n|-damage|p2a: Snorlax|19/100 par\n|cant|p2a: Snorlax|par\n|\n|upkeep\n|turn|39\n|\n|t:|1770571737\n|move|p1a: Rhydon|Earthquake|p2a: Snorlax\n|-damage|p2a: Snorlax|1/100 par\n|move|p2a: Snorlax|Self-Destruct|p1a: Rhydon\n|-resisted|p1a: Rhydon\n|-damage|p1a: Rhydon|68/100\n|faint|p2a: Snorlax\n|\n|t:|1770571742\n|switch|p2a: Tauros|Tauros|100/100\n|turn|40\n|inactive|Laroxyl has 60 seconds left.\n|inactive|Laroxyl has 30 seconds left.\n|\n|t:|1770571785\n|move|p2a: Tauros|Blizzard|p1a: Rhydon|[miss]\n|-miss|p2a: Tauros\n|move|p1a: Rhydon|Earthquake|p2a: Tauros\n|-damage|p2a: Tauros|57/100\n|\n|upkeep\n|turn|41\n|inactive|Laroxyl has 30 seconds left.\n|inactive|Laroxyl has 20 seconds left.\n|inactive|Laroxyl has 15 seconds left.\n|\n|t:|1770571807\n|switch|p1a: Snorlax|Snorlax|18/100\n|move|p2a: Tauros|Blizzard|p1a: Snorlax\n|-damage|p1a: Snorlax|0 fnt\n|faint|p1a: Snorlax\n|inactive|Laroxyl has 20 seconds left this turn.\n|\n|t:|1770571809\n|switch|p1a: Tauros|Tauros|100/100\n|turn|42\n|inactive|Laroxyl has 30 seconds left this turn.\n|\n|t:|1770571817\n|move|p2a: Tauros|Blizzard|p1a: Tauros\n|-damage|p1a: Tauros|74/100\n|move|p1a: Tauros|Body Slam|p2a: Tauros\n|-damage|p2a: Tauros|29/100\n|\n|upkeep\n|turn|43\n|inactive|Laroxyl has 30 seconds left.\n|inactive|Laroxyl has 20 seconds left.\n|\n|t:|1770571841\n|move|p1a: Tauros|Hyper Beam|p2a: Tauros\n|-crit|p2a: Tauros\n|-damage|p2a: Tauros|0 fnt\n|faint|p2a: Tauros\n|\n|t:|1770571844\n|switch|p2a: Chansey|Chansey|100/100 par\n|turn|44\n|c|☆sadisticnarwhal|ggs\n|inactive|Laroxyl has 30 seconds left.\n|\n|t:|1770571855\n|move|p1a: Tauros|Body Slam|p2a: Chansey\n|-damage|p2a: Chansey|59/100 par\n|move|p2a: Chansey|Seismic Toss|p1a: Tauros\n|-damage|p1a: Tauros|46/100\n|\n|upkeep\n|turn|45\n|inactive|Laroxyl has 30 seconds left.\n|\n|t:|1770571860\n|move|p1a: Tauros|Hyper Beam|p2a: Chansey\n|-crit|p2a: Chansey\n|-damage|p2a: Chansey|0 fnt\n|faint|p2a: Chansey\n|\n|win|Laroxyl\n|player|p2|\n|c|☆Laroxyl|ggs\n|player|p1|\n","uploadtime":1770571860,"views":"901","formatid":"gen1ou","rating":null,"private":0,"password":null}