{"id":"smogtours-gen1ou-965215","format":"[Gen 1] OU","players":["Serpi","Nails"],"log":"|inactive|Battle timer is ON: inactive players will automatically lose when time's up.\n|t:|1787330502\n|gametype|singles\n|player|p1|Serpi|#rbywc2023|\n|player|p2|Nails|#scl2terrors|\n|gen|1\n|tier|[Gen 1] OU\n|rule|Desync Clause Mod: Desyncs resolve to link battle behavior from the acting player's perspective.\n|rule|HP Percentage Mod: HP is shown in percentages\n|rule|Endless Battle Clause: Forcing endless battles is banned\n|rule|Sleep Clause Mod: Limit one foe put to sleep\n|rule|Freeze Clause Mod: Limit one foe frozen\n|rule|Species Clause: Limit one of each Pokémon\n|rule|OHKO Clause: OHKO moves are banned\n|rule|Evasion Moves Clause: Evasion moves are banned\n|\n|t:|1787330502\n|teamsize|p1|6\n|teamsize|p2|6\n|start\n|switch|p1a: Zapdos|Zapdos|100/100\n|switch|p2a: Starmie|Starmie|100/100\n|turn|1\n|c|☆Nails|hf\n|c|☆Serpi|u2\n|inactive|Nails has 270 seconds left.\n|inactive|Nails has 240 seconds left.\n|\n|t:|1787330584\n|switch|p2a: Chansey|Chansey|100/100\n|move|p1a: Zapdos|Thunderbolt|p2a: Chansey\n|-damage|p2a: Chansey|82/100\n|\n|upkeep\n|turn|2\n|inactive|Nails has 270 seconds left.\n|inactive|Nails has 240 seconds left.\n|\n|t:|1787330642\n|switch|p2a: Rhydon|Rhydon|100/100\n|move|p1a: Zapdos|Drill Peck|p2a: Rhydon\n|-resisted|p2a: Rhydon\n|-damage|p2a: Rhydon|91/100\n|\n|upkeep\n|turn|3\n|inactive|Nails has 240 seconds left.\n|\n|t:|1787330665\n|switch|p1a: Exeggutor|Exeggutor|100/100\n|move|p2a: Rhydon|Body Slam|p1a: Exeggutor\n|-damage|p1a: Exeggutor|76/100\n|\n|upkeep\n|turn|4\n|inactive|Nails has 240 seconds left.\n|inactive|Nails has 210 seconds left.\n|\n|t:|1787330709\n|switch|p2a: Cloyster|Cloyster|100/100\n|move|p1a: Exeggutor|Sleep Powder|p2a: Cloyster|[miss]\n|-miss|p1a: Exeggutor\n|\n|upkeep\n|turn|5\n|inactive|Nails has 210 seconds left.\n|\n|t:|1787330728\n|switch|p1a: Lapras|Lapras|100/100\n|move|p2a: Cloyster|Blizzard|p1a: Lapras|[miss]\n|-miss|p2a: Cloyster\n|\n|upkeep\n|turn|6\n|inactive|Nails has 210 seconds left.\n|\n|t:|1787330739\n|switch|p2a: Chansey|Chansey|82/100\n|move|p1a: Lapras|Thunderbolt|p2a: Chansey\n|-damage|p2a: Chansey|72/100\n|\n|upkeep\n|turn|7\n|\n|t:|1787330748\n|move|p1a: Lapras|Sing|p2a: Chansey\n|-status|p2a: Chansey|slp|[from] move: Sing\n|cant|p2a: Chansey|slp\n|\n|upkeep\n|turn|8\n|inactive|Nails has 210 seconds left.\n|\n|t:|1787330795\n|switch|p1a: Snorlax|Snorlax|100/100\n|cant|p2a: Chansey|slp\n|\n|upkeep\n|turn|9\n|inactive|Nails has 180 seconds left.\n|\n|t:|1787330814\n|switch|p2a: Cloyster|Cloyster|100/100\n|move|p1a: Snorlax|Body Slam|p2a: Cloyster\n|-damage|p2a: Cloyster|76/100\n|-status|p2a: Cloyster|par\n|\n|upkeep\n|turn|10\n|inactive|Nails has 180 seconds left.\n|\n|t:|1787330837\n|switch|p1a: Lapras|Lapras|100/100\n|move|p2a: Cloyster|Clamp|p1a: Lapras\n|-resisted|p1a: Lapras\n|-damage|p1a: Lapras|96/100\n|\n|upkeep\n|turn|11\n|inactive|Serpi has 270 seconds left.\n|\n|t:|1787330863\n|switch|p1a: Snorlax|Snorlax|100/100\n|switch|p2a: Starmie|Starmie|100/100\n|\n|upkeep\n|turn|12\n|\n|t:|1787330873\n|move|p2a: Starmie|Thunder Wave|p1a: Snorlax\n|-status|p1a: Snorlax|par\n|move|p1a: Snorlax|Body Slam|p2a: Starmie\n|-damage|p2a: Starmie|65/100\n|-status|p2a: Starmie|par\n|\n|upkeep\n|turn|13\n|inactive|Nails has 180 seconds left.\n|\n|t:|1787330893\n|move|p2a: Starmie|Psychic|p1a: Snorlax\n|-damage|p1a: Snorlax|75/100 par\n|move|p1a: Snorlax|Body Slam|p2a: Starmie\n|-crit|p2a: Starmie\n|-damage|p2a: Starmie|0 fnt\n|faint|p2a: Starmie\n|inactive|Nails has 180 seconds left.\n|\n|t:|1787330904\n|switch|p2a: Rhydon|Rhydon|91/100\n|turn|14\n|inactive|Nails has 180 seconds left.\n|inactive|Serpi has 270 seconds left.\n|\n|t:|1787330952\n|move|p2a: Rhydon|Earthquake|p1a: Snorlax\n|-damage|p1a: Snorlax|38/100 par\n|cant|p1a: Snorlax|par\n|\n|upkeep\n|turn|15\n|inactive|Nails has 150 seconds left.\n|\n|t:|1787330984\n|move|p2a: Rhydon|Earthquake|p1a: Snorlax\n|-damage|p1a: Snorlax|5/100 par\n|move|p1a: Snorlax|Self-Destruct|p2a: Rhydon\n|-resisted|p2a: Rhydon\n|-damage|p2a: Rhydon|54/100\n|faint|p1a: Snorlax\n|inactive|Serpi has 240 seconds left.\n|\n|t:|1787331006\n|switch|p1a: Exeggutor|Exeggutor|76/100\n|turn|16\n|inactive|Nails has 150 seconds left.\n|\n|t:|1787331016\n|switch|p2a: Chansey|Chansey|72/100 slp\n|move|p1a: Exeggutor|Psychic|p2a: Chansey\n|-damage|p2a: Chansey|55/100 slp\n|\n|upkeep\n|turn|17\n|\n|t:|1787331023\n|move|p1a: Exeggutor|Psychic|p2a: Chansey\n|-crit|p2a: Chansey\n|-damage|p2a: Chansey|23/100 slp\n|-unboost|p2a: Chansey|spa|1\n|-unboost|p2a: Chansey|spd|1\n|-curestatus|p2a: Chansey|slp|[msg]\n|\n|upkeep\n|turn|18\n|inactive|Nails has 150 seconds left.\n|\n|t:|1787331051\n|switch|p2a: Snorlax|Snorlax|100/100\n|move|p1a: Exeggutor|Psychic|p2a: Snorlax\n|-crit|p2a: Snorlax\n|-damage|p2a: Snorlax|42/100\n|\n|upkeep\n|turn|19\n|inactive|Nails has 150 seconds left.\n|inactive|Serpi has 240 seconds left.\n|\n|t:|1787331079\n|switch|p1a: Zapdos|Zapdos|100/100\n|switch|p2a: Cloyster|Cloyster|76/100 par\n|\n|upkeep\n|turn|20\n|inactive|Nails has 150 seconds left.\n|inactive|Serpi has 240 seconds left.\n|\n|t:|1787331096\n|switch|p1a: Lapras|Lapras|96/100\n|switch|p2a: Chansey|Chansey|23/100\n|\n|upkeep\n|turn|21\n|inactive|Serpi has 240 seconds left.\n|\n|t:|1787331124\n|move|p1a: Lapras|Sing|p2a: Chansey\n|-status|p2a: Chansey|slp|[from] move: Sing\n|cant|p2a: Chansey|slp\n|\n|upkeep\n|turn|22\n|inactive|Serpi has 240 seconds left.\n|inactive|Nails has 120 seconds left.\n|\n|t:|1787331140\n|switch|p2a: Cloyster|Cloyster|76/100 par\n|move|p1a: Lapras|Blizzard|p2a: Cloyster\n|-resisted|p2a: Cloyster\n|-damage|p2a: Cloyster|64/100 par\n|\n|upkeep\n|turn|23\n|inactive|Serpi has 240 seconds left.\n|inactive|Nails has 120 seconds left.\n|inactive|Serpi has 210 seconds left.\n|\n|t:|1787331181\n|switch|p1a: Zapdos|Zapdos|100/100\n|cant|p2a: Cloyster|par\n|\n|upkeep\n|turn|24\n|inactive|Serpi has 210 seconds left.\n|inactive|Nails has 120 seconds left.\n|\n|t:|1787331211\n|switch|p1a: Lapras|Lapras|96/100\n|move|p2a: Cloyster|Explosion|p1a: Lapras\n|-damage|p1a: Lapras|28/100\n|faint|p2a: Cloyster\n|\n|t:|1787331228\n|switch|p2a: Tauros|Tauros|100/100\n|turn|25\n|\n|t:|1787331236\n|move|p2a: Tauros|Hyper Beam|p1a: Lapras\n|-damage|p1a: Lapras|0 fnt\n|faint|p1a: Lapras\n|\n|t:|1787331246\n|switch|p1a: Alakazam|Alakazam|100/100\n|turn|26\n|inactive|Nails has 120 seconds left.\n|\n|t:|1787331268\n|switch|p2a: Snorlax|Snorlax|42/100\n|move|p1a: Alakazam|Psychic|p2a: Snorlax\n|-damage|p2a: Snorlax|7/100\n|\n|upkeep\n|turn|27\n|\n|t:|1787331276\n|move|p1a: Alakazam|Seismic Toss|p2a: Snorlax\n|-damage|p2a: Snorlax|0 fnt\n|faint|p2a: Snorlax\n|\n|t:|1787331278\n|switch|p2a: Rhydon|Rhydon|54/100\n|turn|28\n|inactive|Nails has 120 seconds left.\n|inactive|Serpi has 210 seconds left.\n|inactive|Serpi has 180 seconds left.\n|inactive|Serpi has 150 seconds left.\n|\n|t:|1787331367\n|switch|p1a: Exeggutor|Exeggutor|76/100\n|move|p2a: Rhydon|Body Slam|p1a: Exeggutor\n|-damage|p1a: Exeggutor|52/100\n|\n|upkeep\n|turn|29\n|\n|t:|1787331377\n|move|p1a: Exeggutor|Psychic|p2a: Rhydon\n|-damage|p2a: Rhydon|8/100\n|move|p2a: Rhydon|Body Slam|p1a: Exeggutor\n|-damage|p1a: Exeggutor|30/100\n|\n|upkeep\n|turn|30\n|\n|t:|1787331381\n|switch|p2a: Chansey|Chansey|23/100 slp\n|move|p1a: Exeggutor|Psychic|p2a: Chansey\n|-damage|p2a: Chansey|6/100 slp\n|-unboost|p2a: Chansey|spa|1\n|-unboost|p2a: Chansey|spd|1\n|\n|upkeep\n|turn|31\n|\n|t:|1787331402\n|switch|p1a: Alakazam|Alakazam|100/100\n|switch|p2a: Tauros|Tauros|100/100\n|\n|upkeep\n|turn|32\n|\n|t:|1787331410\n|move|p1a: Alakazam|Thunder Wave|p2a: Tauros\n|-status|p2a: Tauros|par\n|move|p2a: Tauros|Body Slam|p1a: Alakazam\n|-damage|p1a: Alakazam|47/100\n|\n|upkeep\n|turn|33\n|\n|t:|1787331414\n|move|p1a: Alakazam|Psychic|p2a: Tauros\n|-damage|p2a: Tauros|51/100 par\n|move|p2a: Tauros|Body Slam|p1a: Alakazam\n|-crit|p1a: Alakazam\n|-damage|p1a: Alakazam|0 fnt\n|faint|p1a: Alakazam\n|\n|t:|1787331419\n|switch|p1a: Exeggutor|Exeggutor|30/100\n|turn|34\n|\n|t:|1787331424\n|move|p1a: Exeggutor|Psychic|p2a: Tauros\n|-damage|p2a: Tauros|10/100 par\n|-unboost|p2a: Tauros|spa|1\n|-unboost|p2a: Tauros|spd|1\n|move|p2a: Tauros|Hyper Beam|p1a: Exeggutor\n|-damage|p1a: Exeggutor|0 fnt\n|faint|p1a: Exeggutor\n|\n|t:|1787331426\n|switch|p1a: Tauros|Tauros|100/100\n|turn|35\n|\n|t:|1787331430\n|move|p1a: Tauros|Body Slam|p2a: Tauros\n|-damage|p2a: Tauros|0 fnt\n|faint|p2a: Tauros\n|\n|t:|1787331432\n|switch|p2a: Chansey|Chansey|6/100 slp\n|turn|36\n|\n|t:|1787331434\n|move|p1a: Tauros|Body Slam|p2a: Chansey\n|-damage|p2a: Chansey|0 fnt\n|faint|p2a: Chansey\n|\n|t:|1787331435\n|switch|p2a: Rhydon|Rhydon|8/100\n|turn|37\n|\n|t:|1787331436\n|move|p1a: Tauros|Body Slam|p2a: Rhydon\n|-crit|p2a: Rhydon\n|-resisted|p2a: Rhydon\n|-damage|p2a: Rhydon|0 fnt\n|faint|p2a: Rhydon\n|\n|win|Serpi\n","uploadtime":1787331436,"views":"70","formatid":"gen1ou","rating":null,"private":0,"password":null}