{"id":"smogtours-gen1ou-965220","format":"[Gen 1] OU","players":["Serpi","Nails"],"log":"|inactive|Battle timer is ON: inactive players will automatically lose when time's up.\n|t:|1787331480\n|gametype|singles\n|player|p1|Serpi|#rbywc2023|\n|player|p2|Nails|#scl2terrors|\n|gen|1\n|tier|[Gen 1] OU\n|rule|Desync Clause Mod: Desyncs resolve to link battle behavior from the acting player's perspective.\n|rule|HP Percentage Mod: HP is shown in percentages\n|rule|Endless Battle Clause: Forcing endless battles is banned\n|rule|Sleep Clause Mod: Limit one foe put to sleep\n|rule|Freeze Clause Mod: Limit one foe frozen\n|rule|Species Clause: Limit one of each Pokémon\n|rule|OHKO Clause: OHKO moves are banned\n|rule|Evasion Moves Clause: Evasion moves are banned\n|\n|t:|1787331480\n|teamsize|p1|6\n|teamsize|p2|6\n|start\n|switch|p1a: Gengar|Gengar|100/100\n|switch|p2a: Starmie|Starmie|100/100\n|turn|1\n|c|☆Nails|hf\n|c|☆Serpi|u2\n|inactive|Nails has 270 seconds left.\n|\n|t:|1787331524\n|switch|p1a: Alakazam|Alakazam|100/100\n|move|p2a: Starmie|Blizzard|p1a: Alakazam\n|-damage|p1a: Alakazam|77/100\n|\n|upkeep\n|turn|2\n|\n|t:|1787331545\n|switch|p2a: Chansey|Chansey|100/100\n|move|p1a: Alakazam|Thunder Wave|p2a: Chansey\n|-status|p2a: Chansey|par\n|\n|upkeep\n|turn|3\n|\n|t:|1787331568\n|switch|p1a: Gengar|Gengar|100/100\n|move|p2a: Chansey|Sing|p1a: Gengar|[miss]\n|-miss|p2a: Chansey\n|\n|upkeep\n|turn|4\n|inactive|Serpi has 270 seconds left.\n|\n|t:|1787331590\n|move|p1a: Gengar|Night Shade|p2a: Chansey\n|-damage|p2a: Chansey|86/100 par\n|move|p2a: Chansey|Sing|p1a: Gengar|[miss]\n|-miss|p2a: Chansey\n|\n|upkeep\n|turn|5\n|inactive|Serpi has 270 seconds left.\n|inactive|Nails has 270 seconds left.\n|inactive|Serpi has 240 seconds left.\n|\n|t:|1787331641\n|move|p1a: Gengar|Thunderbolt|p2a: Chansey\n|-damage|p2a: Chansey|74/100 par\n|move|p2a: Chansey|Sing|p1a: Gengar\n|-status|p1a: Gengar|slp|[from] move: Sing\n|\n|upkeep\n|turn|6\n|inactive|Serpi has 240 seconds left.\n|inactive|Nails has 270 seconds left.\n|\n|t:|1787331663\n|switch|p1a: Snorlax|Snorlax|100/100\n|move|p2a: Chansey|Thunder Wave|p1a: Snorlax\n|-status|p1a: Snorlax|par\n|\n|upkeep\n|turn|7\n|\n|t:|1787331678\n|switch|p2a: Snorlax|Snorlax|100/100\n|cant|p1a: Snorlax|par\n|\n|upkeep\n|turn|8\n|\n|t:|1787331688\n|move|p2a: Snorlax|Body Slam|p1a: Snorlax\n|-damage|p1a: Snorlax|73/100 par\n|move|p1a: Snorlax|Reflect|p1a: Snorlax\n|-start|p1a: Snorlax|Reflect\n|\n|upkeep\n|turn|9\n|\n|t:|1787331693\n|move|p2a: Snorlax|Reflect|p2a: Snorlax\n|-start|p2a: Snorlax|Reflect\n|move|p1a: Snorlax|Body Slam|p2a: Snorlax\n|-damage|p2a: Snorlax|87/100\n|\n|upkeep\n|turn|10\n|\n|t:|1787331714\n|move|p2a: Snorlax|Body Slam|p1a: Snorlax\n|-damage|p1a: Snorlax|60/100 par\n|move|p1a: Snorlax|Body Slam|p2a: Snorlax\n|-damage|p2a: Snorlax|73/100\n|\n|upkeep\n|turn|11\n|inactive|Nails has 270 seconds left.\n|\n|t:|1787331742\n|switch|p2a: Exeggutor|Exeggutor|100/100\n|move|p1a: Snorlax|Rest|p1a: Snorlax\n|-status|p1a: Snorlax|slp|[from] move: Rest\n|-heal|p1a: Snorlax|100/100 slp|[silent]\n|\n|upkeep\n|turn|12\n|inactive|Nails has 240 seconds left.\n|\n|t:|1787331775\n|switch|p1a: Exeggutor|Exeggutor|100/100\n|move|p2a: Exeggutor|Psychic|p1a: Exeggutor\n|-resisted|p1a: Exeggutor\n|-damage|p1a: Exeggutor|87/100\n|\n|upkeep\n|turn|13\n|inactive|Nails has 240 seconds left.\n|\n|t:|1787331814\n|move|p1a: Exeggutor|Psychic|p2a: Exeggutor\n|-resisted|p2a: Exeggutor\n|-damage|p2a: Exeggutor|88/100\n|move|p2a: Exeggutor|Stun Spore|p1a: Exeggutor\n|-status|p1a: Exeggutor|par\n|\n|upkeep\n|turn|14\n|\n|t:|1787331820\n|switch|p2a: Chansey|Chansey|74/100 par\n|move|p1a: Exeggutor|Psychic|p2a: Chansey\n|-damage|p2a: Chansey|56/100 par\n|-unboost|p2a: Chansey|spa|1\n|-unboost|p2a: Chansey|spd|1\n|\n|upkeep\n|turn|15\n|\n|t:|1787331827\n|move|p1a: Exeggutor|Psychic|p2a: Chansey\n|-damage|p2a: Chansey|30/100 par\n|cant|p2a: Chansey|par\n|\n|upkeep\n|turn|16\n|\n|t:|1787331834\n|move|p1a: Exeggutor|Psychic|p2a: Chansey\n|-damage|p2a: Chansey|2/100 par\n|-unboost|p2a: Chansey|spa|1\n|-unboost|p2a: Chansey|spd|1\n|move|p2a: Chansey|Soft-Boiled|p2a: Chansey\n|-heal|p2a: Chansey|52/100 par\n|\n|upkeep\n|turn|17\n|\n|t:|1787331848\n|cant|p1a: Exeggutor|par\n|cant|p2a: Chansey|par\n|\n|upkeep\n|turn|18\n|\n|t:|1787331850\n|switch|p2a: Starmie|Starmie|100/100\n|move|p1a: Exeggutor|Psychic|p2a: Starmie\n|-resisted|p2a: Starmie\n|-damage|p2a: Starmie|81/100\n|-unboost|p2a: Starmie|spa|1\n|-unboost|p2a: Starmie|spd|1\n|\n|upkeep\n|turn|19\n|inactive|Nails has 240 seconds left.\n|\n|t:|1787331869\n|switch|p2a: Chansey|Chansey|52/100 par\n|move|p1a: Exeggutor|Psychic|p2a: Chansey\n|-damage|p2a: Chansey|37/100 par\n|-unboost|p2a: Chansey|spa|1\n|-unboost|p2a: Chansey|spd|1\n|\n|upkeep\n|turn|20\n|inactive|Nails has 240 seconds left.\n|\n|t:|1787331880\n|move|p1a: Exeggutor|Psychic|p2a: Chansey\n|-damage|p2a: Chansey|9/100 par\n|move|p2a: Chansey|Soft-Boiled|p2a: Chansey\n|-heal|p2a: Chansey|59/100 par\n|\n|upkeep\n|turn|21\n|\n|t:|1787331883\n|cant|p1a: Exeggutor|par\n|move|p2a: Chansey|Soft-Boiled|p2a: Chansey\n|-heal|p2a: Chansey|100/100 par\n|\n|upkeep\n|turn|22\n|\n|t:|1787331893\n|move|p1a: Exeggutor|Psychic|p2a: Chansey\n|-damage|p2a: Chansey|75/100 par\n|move|p2a: Chansey|Seismic Toss|p1a: Exeggutor\n|-damage|p1a: Exeggutor|61/100 par\n|\n|upkeep\n|turn|23\n|\n|t:|1787331916\n|move|p1a: Exeggutor|Psychic|p2a: Chansey\n|-crit|p2a: Chansey\n|-damage|p2a: Chansey|45/100 par\n|move|p2a: Chansey|Seismic Toss|p1a: Exeggutor\n|-damage|p1a: Exeggutor|36/100 par\n|\n|upkeep\n|turn|24\n|inactive|Nails has 240 seconds left.\n|\n|t:|1787331942\n|move|p1a: Exeggutor|Explosion|p2a: Chansey\n|-damage|p2a: Chansey|0 fnt\n|faint|p2a: Chansey\n|faint|p1a: Exeggutor\n|inactive|Nails has 210 seconds left.\n|inactive|Serpi has 270 seconds left.\n|\n|t:|1787331984\n|switch|p1a: Lapras|Lapras|100/100\n|switch|p2a: Exeggutor|Exeggutor|88/100\n|turn|25\n|inactive|Serpi has 270 seconds left.\n|inactive|Nails has 210 seconds left.\n|inactive|Serpi has 240 seconds left.\n|inactive|Nails has 180 seconds left.\n|inactive|Nails has 150 seconds left.\n|\n|t:|1787332065\n|move|p1a: Lapras|Blizzard|p2a: Exeggutor\n|-supereffective|p2a: Exeggutor\n|-damage|p2a: Exeggutor|31/100\n|move|p2a: Exeggutor|Stun Spore|p1a: Lapras\n|-status|p1a: Lapras|par\n|\n|upkeep\n|turn|26\n|inactive|Nails has 120 seconds left.\n|inactive|Serpi has 210 seconds left.\n|inactive|Nails has 90 seconds left.\n|\n|t:|1787332136\n|move|p2a: Exeggutor|Explosion|p1a: Lapras\n|-damage|p1a: Lapras|34/100 par\n|faint|p2a: Exeggutor\n|inactive|Nails has 60 seconds left.\n|\n|t:|1787332176\n|switch|p2a: Tauros|Tauros|100/100\n|turn|27\n|inactive|Serpi has 210 seconds left.\n|\n|t:|1787332191\n|switch|p1a: Gengar|Gengar|100/100 slp\n|move|p2a: Tauros|Hyper Beam|p1a: Gengar\n|-immune|p1a: Gengar\n|\n|upkeep\n|turn|28\n|\n|t:|1787332197\n|move|p2a: Tauros|Earthquake|p1a: Gengar\n|-supereffective|p1a: Gengar\n|-damage|p1a: Gengar|36/100 slp\n|cant|p1a: Gengar|slp\n|\n|upkeep\n|turn|29\n|inactive|Serpi has 210 seconds left.\n|\n|t:|1787332213\n|switch|p1a: Lapras|Lapras|34/100 par\n|move|p2a: Tauros|Earthquake|p1a: Lapras\n|-damage|p1a: Lapras|16/100 par\n|\n|upkeep\n|turn|30\n|inactive|Nails has 60 seconds left.\n|\n|t:|1787332222\n|move|p2a: Tauros|Earthquake|p1a: Lapras\n|-damage|p1a: Lapras|0 fnt\n|faint|p1a: Lapras\n|inactive|Serpi has 210 seconds left.\n|\n|t:|1787332246\n|switch|p1a: Alakazam|Alakazam|77/100\n|turn|31\n|inactive|Serpi has 210 seconds left.\n|inactive|Nails has 60 seconds left.\n|\n|t:|1787332262\n|move|p1a: Alakazam|Recover|p1a: Alakazam\n|-heal|p1a: Alakazam|100/100\n|move|p2a: Tauros|Hyper Beam|p1a: Alakazam\n|-damage|p1a: Alakazam|17/100\n|-mustrecharge|p2a: Tauros\n|\n|upkeep\n|turn|32\n|inactive|Serpi has 210 seconds left.\n|\n|t:|1787332283\n|move|p1a: Alakazam|Psychic|p2a: Tauros\n|-crit|p2a: Tauros\n|-damage|p2a: Tauros|10/100\n|cant|p2a: Tauros|recharge\n|\n|upkeep\n|turn|33\n|inactive|Nails has 60 seconds left.\n|\n|t:|1787332308\n|switch|p2a: Alakazam|Alakazam|100/100\n|move|p1a: Alakazam|Seismic Toss|p2a: Alakazam\n|-damage|p2a: Alakazam|69/100\n|\n|upkeep\n|turn|34\n|inactive|Nails has 60 seconds left.\n|inactive|Serpi has 180 seconds left.\n|\n|t:|1787332356\n|switch|p1a: Tauros|Tauros|100/100\n|move|p2a: Alakazam|Seismic Toss|p1a: Tauros\n|-damage|p1a: Tauros|72/100\n|\n|upkeep\n|turn|35\n|inactive|Nails has 60 seconds left.\n|inactive|Nails has 30 seconds left.\n|\n|t:|1787332394\n|switch|p2a: Snorlax|Snorlax|73/100\n|move|p1a: Tauros|Body Slam|p2a: Snorlax\n|-damage|p2a: Snorlax|48/100\n|\n|upkeep\n|turn|36\n|inactive|Nails has 30 seconds left.\n|inactive|Serpi has 150 seconds left.\n|inactive|Nails has 20 seconds left.\n|inactive|Nails has 15 seconds left.\n|inactive|Nails has 10 seconds left.\n|inactive|Serpi has 120 seconds left.\n|inactive|Serpi has 90 seconds left.\n|\n|t:|1787332491\n|switch|p1a: Snorlax|Snorlax|100/100 slp\n|move|p2a: Snorlax|Body Slam|p1a: Snorlax\n|-damage|p1a: Snorlax|73/100 slp\n|\n|upkeep\n|turn|37\n|inactive|Nails has 20 seconds left this turn.\n|inactive|Nails has 15 seconds left.\n|\n|t:|1787332498\n|cant|p1a: Snorlax|slp\n|move|p2a: Snorlax|Body Slam|p1a: Snorlax\n|-damage|p1a: Snorlax|47/100 slp\n|\n|upkeep\n|turn|38\n|inactive|Nails has 25 seconds left this turn.\n|\n|t:|1787332503\n|move|p2a: Snorlax|Body Slam|p1a: Snorlax\n|-damage|p1a: Snorlax|18/100 slp\n|-curestatus|p1a: Snorlax|slp|[msg]\n|\n|upkeep\n|turn|39\n|inactive|Nails has 30 seconds left.\n|inactive|Nails has 20 seconds left.\n|\n|t:|1787332518\n|move|p1a: Snorlax|Hyper Beam|p2a: Snorlax\n|-damage|p2a: Snorlax|0 fnt\n|faint|p2a: Snorlax\n|inactive|Nails has 25 seconds left this turn.\n|inactive|Nails has 20 seconds left.\n|\n|t:|1787332526\n|switch|p2a: Alakazam|Alakazam|69/100\n|turn|40\n|inactive|Nails has 30 seconds left this turn.\n|inactive|Serpi has 90 seconds left.\n|\n|t:|1787332555\n|move|p2a: Alakazam|Psychic|p1a: Snorlax\n|-damage|p1a: Snorlax|0 fnt\n|faint|p1a: Snorlax\n|\n|t:|1787332562\n|switch|p1a: Tauros|Tauros|72/100\n|turn|41\n|inactive|Serpi has 90 seconds left.\n|inactive|Nails has 30 seconds left.\n|inactive|Nails has 20 seconds left.\n|inactive|Nails has 15 seconds left.\n|inactive|Nails has 10 seconds left.\n|\n|t:|1787332600\n|move|p2a: Alakazam|Thunder Wave|p1a: Tauros\n|-status|p1a: Tauros|par\n|move|p1a: Tauros|Body Slam|p2a: Alakazam\n|-damage|p2a: Alakazam|16/100\n|\n|upkeep\n|turn|42\n|inactive|Nails has 20 seconds left this turn.\n|inactive|Nails has 15 seconds left.\n|inactive|Nails has 10 seconds left.\n|\n|t:|1787332613\n|move|p2a: Alakazam|Psychic|p1a: Tauros\n|-crit|p1a: Tauros\n|-damage|p1a: Tauros|0 fnt\n|faint|p1a: Tauros\n|\n|t:|1787332615\n|switch|p1a: Alakazam|Alakazam|17/100\n|turn|43\n|inactive|Nails has 25 seconds left this turn.\n|inactive|Nails has 20 seconds left.\n|\n|t:|1787332624\n|move|p2a: Alakazam|Seismic Toss|p1a: Alakazam\n|-damage|p1a: Alakazam|0 fnt\n|faint|p1a: Alakazam\n|\n|t:|1787332626\n|switch|p1a: Gengar|Gengar|36/100 slp\n|turn|44\n|\n|t:|1787332627\n|move|p2a: Alakazam|Psychic|p1a: Gengar\n|-supereffective|p1a: Gengar\n|-damage|p1a: Gengar|0 fnt\n|faint|p1a: Gengar\n|\n|win|Nails\n","uploadtime":1787332627,"views":"67","formatid":"gen1ou","rating":null,"private":0,"password":null}