{"id":"smogtours-gen1ou-961951","format":"[Gen 1] OU","players":["marcoasd","1000papercranes"],"log":"|inactive|Battle timer is ON: inactive players will automatically lose when time's up.\n|t:|1786055303\n|gametype|singles\n|player|p1|marcoasd|265|\n|player|p2|1000papercranes|psychic-gen1rb|\n|gen|1\n|tier|[Gen 1] OU\n|rule|Desync Clause Mod: Desyncs resolve to link battle behavior from the acting player's perspective.\n|rule|HP Percentage Mod: HP is shown in percentages\n|rule|Endless Battle Clause: Forcing endless battles is banned\n|rule|Sleep Clause Mod: Limit one foe put to sleep\n|rule|Freeze Clause Mod: Limit one foe frozen\n|rule|Species Clause: Limit one of each Pokémon\n|rule|OHKO Clause: OHKO moves are banned\n|rule|Evasion Moves Clause: Evasion moves are banned\n|\n|t:|1786055303\n|teamsize|p1|6\n|teamsize|p2|6\n|start\n|switch|p1a: Jynx|Jynx|100/100\n|switch|p2a: Gengar|Gengar|100/100\n|turn|1\n|\n|t:|1786055312\n|move|p2a: Gengar|Hypnosis|p1a: Jynx|[miss]\n|-miss|p2a: Gengar\n|move|p1a: Jynx|Psychic|p2a: Gengar\n|-crit|p2a: Gengar\n|-supereffective|p2a: Gengar\n|-damage|p2a: Gengar|0 fnt\n|faint|p2a: Gengar\n|\n|t:|1786055336\n|switch|p2a: Starmie|Starmie|100/100\n|turn|2\n|\n|t:|1786055344\n|switch|p2a: Exeggutor|Exeggutor|100/100\n|switch|p1a: Chansey|Chansey|100/100\n|\n|upkeep\n|turn|3\n|\n|t:|1786055352\n|switch|p1a: Jynx|Jynx|100/100\n|move|p2a: Exeggutor|Explosion|p1a: Jynx\n|-damage|p1a: Jynx|0 fnt\n|faint|p1a: Jynx\n|faint|p2a: Exeggutor\n|\n|t:|1786055361\n|switch|p1a: Chansey|Chansey|100/100\n|switch|p2a: Chansey|Chansey|100/100\n|turn|4\n|\n|t:|1786055368\n|move|p1a: Chansey|Sing|p2a: Chansey\n|-status|p2a: Chansey|slp|[from] move: Sing\n|cant|p2a: Chansey|slp\n|\n|upkeep\n|turn|5\n|\n|t:|1786055374\n|switch|p1a: Snorlax|Snorlax|100/100\n|cant|p2a: Chansey|slp\n|\n|upkeep\n|turn|6\n|\n|t:|1786055376\n|cant|p2a: Chansey|slp\n|move|p1a: Snorlax|Body Slam|p2a: Chansey\n|-damage|p2a: Chansey|56/100 slp\n|\n|upkeep\n|turn|7\n|\n|t:|1786055385\n|switch|p2a: Rhydon|Rhydon|100/100\n|move|p1a: Snorlax|Body Slam|p2a: Rhydon\n|-resisted|p2a: Rhydon\n|-damage|p2a: Rhydon|89/100\n|-status|p2a: Rhydon|par\n|\n|upkeep\n|turn|8\n|\n|t:|1786055399\n|switch|p1a: Exeggutor|Exeggutor|100/100\n|cant|p2a: Rhydon|par\n|\n|upkeep\n|turn|9\n|\n|t:|1786055405\n|switch|p2a: Chansey|Chansey|56/100 slp\n|move|p1a: Exeggutor|Stun Spore|p2a: Chansey\n|-fail|p2a: Chansey\n|\n|upkeep\n|turn|10\n|\n|t:|1786055409\n|switch|p1a: Tauros|Tauros|100/100\n|cant|p2a: Chansey|slp\n|\n|upkeep\n|turn|11\n|\n|t:|1786055413\n|switch|p2a: Rhydon|Rhydon|89/100 par\n|move|p1a: Tauros|Earthquake|p2a: Rhydon\n|-supereffective|p2a: Rhydon\n|-damage|p2a: Rhydon|56/100 par\n|\n|upkeep\n|turn|12\n|\n|t:|1786055419\n|switch|p2a: Starmie|Starmie|100/100\n|move|p1a: Tauros|Blizzard|p2a: Starmie\n|-resisted|p2a: Starmie\n|-damage|p2a: Starmie|90/100\n|\n|upkeep\n|turn|13\n|\n|t:|1786055427\n|switch|p1a: Chansey|Chansey|100/100\n|move|p2a: Starmie|Thunder Wave|p1a: Chansey\n|-status|p1a: Chansey|par\n|\n|upkeep\n|turn|14\n|\n|t:|1786055433\n|switch|p2a: Rhydon|Rhydon|56/100 par\n|move|p1a: Chansey|Seismic Toss|p2a: Rhydon\n|-damage|p2a: Rhydon|32/100 par\n|\n|upkeep\n|turn|15\n|\n|t:|1786055439\n|switch|p1a: Exeggutor|Exeggutor|100/100\n|move|p2a: Rhydon|Rest|p2a: Rhydon\n|-status|p2a: Rhydon|slp|[from] move: Rest\n|-heal|p2a: Rhydon|100/100 slp|[silent]\n|\n|upkeep\n|turn|16\n|\n|t:|1786055446\n|switch|p2a: Chansey|Chansey|56/100 slp\n|move|p1a: Exeggutor|Psychic|p2a: Chansey\n|-damage|p2a: Chansey|38/100 slp\n|-unboost|p2a: Chansey|spa|1\n|-unboost|p2a: Chansey|spd|1\n|\n|upkeep\n|turn|17\n|\n|t:|1786055449\n|move|p1a: Exeggutor|Psychic|p2a: Chansey\n|-crit|p2a: Chansey\n|-damage|p2a: Chansey|4/100 slp\n|cant|p2a: Chansey|slp\n|\n|upkeep\n|turn|18\n|\n|t:|1786055456\n|switch|p2a: Starmie|Starmie|90/100\n|move|p1a: Exeggutor|Psychic|p2a: Starmie\n|-resisted|p2a: Starmie\n|-damage|p2a: Starmie|70/100\n|-unboost|p2a: Starmie|spa|1\n|-unboost|p2a: Starmie|spd|1\n|\n|upkeep\n|turn|19\n|\n|t:|1786055465\n|switch|p2a: Chansey|Chansey|4/100 slp\n|switch|p1a: Chansey|Chansey|100/100 par\n|\n|upkeep\n|turn|20\n|\n|t:|1786055473\n|switch|p1a: Tauros|Tauros|100/100\n|-curestatus|p2a: Chansey|slp|[msg]\n|\n|upkeep\n|turn|21\n|\n|t:|1786055479\n|switch|p2a: Starmie|Starmie|70/100\n|move|p1a: Tauros|Earthquake|p2a: Starmie\n|-damage|p2a: Starmie|44/100\n|\n|upkeep\n|turn|22\n|\n|t:|1786055487\n|switch|p1a: Chansey|Chansey|100/100 par\n|move|p2a: Starmie|Recover|p2a: Starmie\n|-heal|p2a: Starmie|94/100\n|\n|upkeep\n|turn|23\n|\n|t:|1786055492\n|move|p2a: Starmie|Psychic|p1a: Chansey\n|-damage|p1a: Chansey|86/100 par\n|-unboost|p1a: Chansey|spa|1\n|-unboost|p1a: Chansey|spd|1\n|cant|p1a: Chansey|par\n|\n|upkeep\n|turn|24\n|\n|t:|1786055499\n|move|p2a: Starmie|Psychic|p1a: Chansey\n|-crit|p1a: Chansey\n|-damage|p1a: Chansey|58/100 par\n|move|p1a: Chansey|Sing|p2a: Starmie\n|-status|p2a: Starmie|slp|[from] move: Sing\n|\n|upkeep\n|turn|25\n|inactive|1000papercranes has 270 seconds left.\n|\n|t:|1786055532\n|switch|p2a: Chansey|Chansey|4/100\n|switch|p1a: Tauros|Tauros|100/100\n|\n|upkeep\n|turn|26\n|\n|t:|1786055537\n|move|p1a: Tauros|Earthquake|p2a: Chansey\n|-damage|p2a: Chansey|0 fnt\n|faint|p2a: Chansey\n|\n|t:|1786055539\n|switch|p2a: Tauros|Tauros|100/100\n|turn|27\n|\n|t:|1786055543\n|move|p1a: Tauros|Body Slam|p2a: Tauros\n|-damage|p2a: Tauros|71/100\n|move|p2a: Tauros|Body Slam|p1a: Tauros\n|-damage|p1a: Tauros|72/100\n|\n|upkeep\n|turn|28\n|\n|t:|1786055548\n|move|p2a: Tauros|Body Slam|p1a: Tauros\n|-damage|p1a: Tauros|42/100\n|move|p1a: Tauros|Body Slam|p2a: Tauros\n|-crit|p2a: Tauros\n|-damage|p2a: Tauros|12/100\n|\n|upkeep\n|turn|29\n|\n|t:|1786055558\n|switch|p1a: Snorlax|Snorlax|100/100\n|move|p2a: Tauros|Hyper Beam|p1a: Snorlax|[miss]\n|-miss|p2a: Tauros\n|\n|upkeep\n|turn|30\n|\n|t:|1786055563\n|switch|p2a: Rhydon|Rhydon|100/100 slp\n|move|p1a: Snorlax|Body Slam|p2a: Rhydon\n|-resisted|p2a: Rhydon\n|-damage|p2a: Rhydon|89/100 slp\n|\n|upkeep\n|turn|31\n|\n|t:|1786055565\n|cant|p2a: Rhydon|slp\n|move|p1a: Snorlax|Surf|p2a: Rhydon\n|-supereffective|p2a: Rhydon\n|-damage|p2a: Rhydon|7/100 slp\n|\n|upkeep\n|turn|32\n|\n|t:|1786055576\n|switch|p2a: Starmie|Starmie|94/100 slp\n|move|p1a: Snorlax|Body Slam|p2a: Starmie\n|-damage|p2a: Starmie|54/100 slp\n|\n|upkeep\n|turn|33\n|\n|t:|1786055578\n|cant|p2a: Starmie|slp\n|move|p1a: Snorlax|Body Slam|p2a: Starmie\n|-damage|p2a: Starmie|20/100 slp\n|\n|upkeep\n|turn|34\n|\n|t:|1786055581\n|-curestatus|p2a: Starmie|slp|[msg]\n|move|p1a: Snorlax|Body Slam|p2a: Starmie\n|-damage|p2a: Starmie|0 fnt\n|faint|p2a: Starmie\n|\n|t:|1786055583\n|switch|p2a: Tauros|Tauros|12/100\n|turn|35\n|c|☆1000papercranes|Gg\n|-message|1000papercranes forfeited.\n|\n|win|marcoasd\n|c|☆marcoasd|gg\n","uploadtime":1786055587,"views":"69","formatid":"gen1ou","rating":null,"private":0,"password":null}