{"id":"smogtours-gen1ou-957293","format":"[Gen 1] OU","players":["Serpi n_n","Unowndragon"],"log":"|inactive|Battle timer is ON: inactive players will automatically lose when time's up.\n|t:|1784453003\n|gametype|singles\n|player|p1|Serpi n_n|#rbywc2023|\n|player|p2|Unowndragon|#uplximelmetal|\n|gen|1\n|tier|[Gen 1] OU\n|rule|Desync Clause Mod: Desyncs resolve to link battle behavior from the acting player's perspective.\n|rule|HP Percentage Mod: HP is shown in percentages\n|rule|Endless Battle Clause: Forcing endless battles is banned\n|rule|Sleep Clause Mod: Limit one foe put to sleep\n|rule|Freeze Clause Mod: Limit one foe frozen\n|rule|Species Clause: Limit one of each Pokémon\n|rule|OHKO Clause: OHKO moves are banned\n|rule|Evasion Moves Clause: Evasion moves are banned\n|\n|t:|1784453003\n|teamsize|p1|6\n|teamsize|p2|6\n|start\n|switch|p1a: Starmie|Starmie|100/100\n|switch|p2a: Zapdos|Zapdos|100/100\n|turn|1\n|c|☆Serpi n_n|hf\n|c|☆Unowndragon|u2\n|inactive|Serpi n_n has 270 seconds left.\n|inactive|Unowndragon has 270 seconds left.\n|inactive|Serpi n_n has 240 seconds left.\n|\n|t:|1784453089\n|switch|p1a: Chansey|Chansey|100/100\n|switch|p2a: Exeggutor|Exeggutor|100/100\n|\n|upkeep\n|turn|2\n|inactive|Serpi n_n has 270 seconds left.\n|inactive|Serpi n_n has 240 seconds left.\n|\n|t:|1784453156\n|switch|p1a: Starmie|Starmie|100/100\n|move|p2a: Exeggutor|Sleep Powder|p1a: Starmie\n|-status|p1a: Starmie|slp|[from] move: Sleep Powder\n|\n|upkeep\n|turn|3\n|inactive|Serpi n_n has 210 seconds left.\n|\n|t:|1784453182\n|switch|p2a: Zapdos|Zapdos|100/100\n|cant|p1a: Starmie|slp\n|\n|upkeep\n|turn|4\n|inactive|Serpi n_n has 210 seconds left.\n|\n|t:|1784453204\n|switch|p1a: Rhydon|Rhydon|100/100\n|move|p2a: Zapdos|Drill Peck|p1a: Rhydon\n|-resisted|p1a: Rhydon\n|-damage|p1a: Rhydon|91/100\n|\n|upkeep\n|turn|5\n|\n|t:|1784453218\n|switch|p1a: Exeggutor|Exeggutor|100/100\n|move|p2a: Zapdos|Drill Peck|p1a: Exeggutor\n|-supereffective|p1a: Exeggutor\n|-damage|p1a: Exeggutor|47/100\n|\n|upkeep\n|turn|6\n|\n|t:|1784453237\n|switch|p1a: Rhydon|Rhydon|91/100\n|move|p2a: Zapdos|Drill Peck|p1a: Rhydon\n|-resisted|p1a: Rhydon\n|-damage|p1a: Rhydon|81/100\n|\n|upkeep\n|turn|7\n|\n|t:|1784453244\n|switch|p2a: Exeggutor|Exeggutor|100/100\n|move|p1a: Rhydon|Rock Slide|p2a: Exeggutor\n|-damage|p2a: Exeggutor|69/100\n|\n|upkeep\n|turn|8\n|\n|t:|1784453254\n|switch|p1a: Exeggutor|Exeggutor|47/100\n|move|p2a: Exeggutor|Stun Spore|p1a: Exeggutor\n|-status|p1a: Exeggutor|par\n|\n|upkeep\n|turn|9\n|\n|t:|1784453268\n|switch|p2a: Zapdos|Zapdos|100/100\n|cant|p1a: Exeggutor|par\n|\n|upkeep\n|turn|10\n|inactive|Serpi n_n has 210 seconds left.\n|\n|t:|1784453279\n|switch|p2a: Chansey|Chansey|100/100\n|switch|p1a: Rhydon|Rhydon|81/100\n|\n|upkeep\n|turn|11\n|inactive|Serpi n_n has 210 seconds left.\n|\n|t:|1784453293\n|switch|p1a: Chansey|Chansey|100/100\n|move|p2a: Chansey|Ice Beam|p1a: Chansey\n|-damage|p1a: Chansey|90/100\n|\n|upkeep\n|turn|12\n|inactive|Serpi n_n has 210 seconds left.\n|\n|t:|1784453303\n|move|p1a: Chansey|Thunder Wave|p2a: Chansey\n|-status|p2a: Chansey|par\n|move|p2a: Chansey|Ice Beam|p1a: Chansey\n|-damage|p1a: Chansey|78/100\n|\n|upkeep\n|turn|13\n|\n|t:|1784453311\n|switch|p1a: Snorlax|Snorlax|100/100\n|cant|p2a: Chansey|par\n|\n|upkeep\n|turn|14\n|\n|t:|1784453319\n|move|p1a: Snorlax|Body Slam|p2a: Chansey\n|-damage|p2a: Chansey|58/100 par\n|move|p2a: Chansey|Thunder Wave|p1a: Snorlax\n|-status|p1a: Snorlax|par\n|\n|upkeep\n|turn|15\n|\n|t:|1784453328\n|switch|p2a: Snorlax|Snorlax|100/100\n|move|p1a: Snorlax|Body Slam|p2a: Snorlax\n|-damage|p2a: Snorlax|75/100\n|\n|upkeep\n|turn|16\n|\n|t:|1784453335\n|move|p2a: Snorlax|Body Slam|p1a: Snorlax\n|-damage|p1a: Snorlax|74/100 par\n|move|p1a: Snorlax|Reflect|p1a: Snorlax\n|-start|p1a: Snorlax|Reflect\n|\n|upkeep\n|turn|17\n|inactive|Serpi n_n has 240 seconds left.\n|\n|t:|1784453346\n|move|p2a: Snorlax|Reflect|p2a: Snorlax\n|-start|p2a: Snorlax|Reflect\n|move|p1a: Snorlax|Body Slam|p2a: Snorlax\n|-damage|p2a: Snorlax|61/100\n|\n|upkeep\n|turn|18\n|\n|t:|1784453349\n|move|p2a: Snorlax|Body Slam|p1a: Snorlax\n|-damage|p1a: Snorlax|61/100 par\n|cant|p1a: Snorlax|par\n|\n|upkeep\n|turn|19\n|\n|t:|1784453355\n|move|p2a: Snorlax|Body Slam|p1a: Snorlax\n|-damage|p1a: Snorlax|48/100 par\n|cant|p1a: Snorlax|par\n|\n|upkeep\n|turn|20\n|\n|t:|1784453367\n|move|p2a: Snorlax|Self-Destruct|p1a: Snorlax\n|-damage|p1a: Snorlax|7/100 par\n|faint|p2a: Snorlax\n|\n|t:|1784453378\n|switch|p2a: Exeggutor|Exeggutor|69/100\n|turn|21\n|inactive|Serpi n_n has 270 seconds left.\n|\n|t:|1784453384\n|switch|p1a: Starmie|Starmie|100/100 slp\n|move|p2a: Exeggutor|Psychic|p1a: Starmie\n|-resisted|p1a: Starmie\n|-damage|p1a: Starmie|81/100 slp\n|-unboost|p1a: Starmie|spa|1\n|-unboost|p1a: Starmie|spd|1\n|\n|upkeep\n|turn|22\n|inactive|Serpi n_n has 270 seconds left.\n|inactive|Serpi n_n has 240 seconds left.\n|\n|t:|1784453427\n|switch|p1a: Exeggutor|Exeggutor|47/100 par\n|move|p2a: Exeggutor|Psychic|p1a: Exeggutor\n|-resisted|p1a: Exeggutor\n|-damage|p1a: Exeggutor|34/100 par\n|-unboost|p1a: Exeggutor|spa|1\n|-unboost|p1a: Exeggutor|spd|1\n|\n|upkeep\n|turn|23\n|inactive|Serpi n_n has 240 seconds left.\n|\n|t:|1784453448\n|switch|p2a: Chansey|Chansey|58/100 par\n|move|p1a: Exeggutor|Rest|p1a: Exeggutor\n|-status|p1a: Exeggutor|slp|[from] move: Rest\n|-heal|p1a: Exeggutor|100/100 slp|[silent]\n|\n|upkeep\n|turn|24\n|\n|t:|1784453462\n|switch|p1a: Tauros|Tauros|100/100\n|move|p2a: Chansey|Ice Beam|p1a: Tauros\n|-damage|p1a: Tauros|74/100\n|\n|upkeep\n|turn|25\n|\n|t:|1784453480\n|switch|p2a: Zapdos|Zapdos|100/100\n|move|p1a: Tauros|Body Slam|p2a: Zapdos\n|-damage|p2a: Zapdos|71/100\n|\n|upkeep\n|turn|26\n|inactive|Serpi n_n has 240 seconds left.\n|\n|t:|1784453499\n|switch|p2a: Articuno|Articuno|100/100\n|move|p1a: Tauros|Body Slam|p2a: Articuno\n|-crit|p2a: Articuno\n|-damage|p2a: Articuno|53/100\n|-status|p2a: Articuno|par\n|\n|upkeep\n|turn|27\n|inactive|Serpi n_n has 210 seconds left.\n|inactive|Serpi n_n has 180 seconds left.\n|\n|t:|1784453579\n|switch|p1a: Starmie|Starmie|81/100 slp\n|cant|p2a: Articuno|par\n|\n|upkeep\n|turn|28\n|\n|t:|1784453593\n|switch|p1a: Chansey|Chansey|78/100\n|switch|p2a: Tauros|Tauros|100/100\n|\n|upkeep\n|turn|29\n|inactive|Serpi n_n has 150 seconds left.\n|\n|t:|1784453620\n|switch|p2a: Chansey|Chansey|58/100 par\n|move|p1a: Chansey|Thunder Wave|p2a: Chansey\n|-fail|p2a: Chansey|par\n|\n|upkeep\n|turn|30\n|inactive|Serpi n_n has 150 seconds left.\n|\n|t:|1784453646\n|switch|p1a: Tauros|Tauros|74/100\n|move|p2a: Chansey|Soft-Boiled|p2a: Chansey\n|-heal|p2a: Chansey|100/100 par\n|\n|upkeep\n|turn|31\n|inactive|Serpi n_n has 120 seconds left.\n|inactive|Serpi n_n has 90 seconds left.\n|\n|t:|1784453702\n|switch|p1a: Rhydon|Rhydon|81/100\n|move|p2a: Chansey|Thunder Wave|p1a: Rhydon\n|-immune|p1a: Rhydon\n|\n|upkeep\n|turn|32\n|\n|t:|1784453711\n|switch|p2a: Exeggutor|Exeggutor|69/100\n|move|p1a: Rhydon|Earthquake|p2a: Exeggutor\n|-resisted|p2a: Exeggutor\n|-damage|p2a: Exeggutor|50/100\n|\n|upkeep\n|turn|33\n|inactive|Serpi n_n has 90 seconds left.\n|\n|t:|1784453746\n|switch|p2a: Tauros|Tauros|100/100\n|switch|p1a: Exeggutor|Exeggutor|100/100 slp\n|\n|upkeep\n|turn|34\n|\n|t:|1784453765\n|move|p2a: Tauros|Body Slam|p1a: Exeggutor\n|-damage|p1a: Exeggutor|71/100 slp\n|cant|p1a: Exeggutor|slp\n|\n|upkeep\n|turn|35\n|\n|t:|1784453769\n|move|p2a: Tauros|Body Slam|p1a: Exeggutor\n|-damage|p1a: Exeggutor|42/100 slp\n|-curestatus|p1a: Exeggutor|slp|[msg]\n|\n|upkeep\n|turn|36\n|inactive|Serpi n_n has 60 seconds left.\n|inactive|Unowndragon has 270 seconds left.\n|\n|t:|1784453811\n|move|p2a: Tauros|Hyper Beam|p1a: Exeggutor|[miss]\n|-miss|p2a: Tauros\n|move|p1a: Exeggutor|Psychic|p2a: Tauros\n|-crit|p2a: Tauros\n|-damage|p2a: Tauros|10/100\n|\n|upkeep\n|turn|37\n|inactive|Serpi n_n has 60 seconds left.\n|inactive|Unowndragon has 270 seconds left.\n|\n|t:|1784453845\n|move|p2a: Tauros|Hyper Beam|p1a: Exeggutor\n|-crit|p1a: Exeggutor\n|-damage|p1a: Exeggutor|0 fnt\n|faint|p1a: Exeggutor\n|\n|t:|1784453848\n|switch|p1a: Tauros|Tauros|74/100\n|turn|38\n|\n|t:|1784453863\n|move|p2a: Tauros|Hyper Beam|p1a: Tauros\n|-damage|p1a: Tauros|27/100\n|-mustrecharge|p2a: Tauros\n|move|p1a: Tauros|Body Slam|p2a: Tauros\n|-damage|p2a: Tauros|0 fnt\n|faint|p2a: Tauros\n|\n|t:|1784453869\n|switch|p2a: Articuno|Articuno|53/100 par\n|turn|39\n|inactive|Serpi n_n has 60 seconds left.\n|inactive|Serpi n_n has 30 seconds left.\n|inactive|Serpi n_n has 20 seconds left.\n|inactive|Serpi n_n has 15 seconds left.\n|inactive|Serpi n_n has 10 seconds left.\n|\n|t:|1784453949\n|switch|p1a: Snorlax|Snorlax|7/100 par\n|move|p2a: Articuno|Ice Beam|p1a: Snorlax\n|-damage|p1a: Snorlax|0 fnt\n|faint|p1a: Snorlax\n|inactive|Serpi n_n has 15 seconds left this turn.\n|\n|t:|1784453951\n|switch|p1a: Rhydon|Rhydon|81/100\n|turn|40\n|inactive|Serpi n_n has 25 seconds left this turn.\n|inactive|Serpi n_n has 20 seconds left.\n|inactive|Unowndragon has 270 seconds left.\n|\n|t:|1784453970\n|switch|p2a: Exeggutor|Exeggutor|50/100\n|move|p1a: Rhydon|Rock Slide|p2a: Exeggutor\n|-damage|p2a: Exeggutor|20/100\n|\n|upkeep\n|turn|41\n|inactive|Serpi n_n has 30 seconds left this turn.\n|inactive|Serpi n_n has 20 seconds left.\n|inactive|Serpi n_n has 15 seconds left.\n|inactive|Serpi n_n has 10 seconds left.\n|\n|t:|1784453992\n|move|p2a: Exeggutor|Psychic|p1a: Rhydon\n|-crit|p1a: Rhydon\n|-damage|p1a: Rhydon|0 fnt\n|faint|p1a: Rhydon\n|inactive|Serpi n_n has 15 seconds left this turn.\n|\n|t:|1784453994\n|switch|p1a: Tauros|Tauros|27/100\n|turn|42\n|inactive|Serpi n_n has 25 seconds left this turn.\n|\n|t:|1784454001\n|move|p1a: Tauros|Body Slam|p2a: Exeggutor\n|-crit|p2a: Exeggutor\n|-damage|p2a: Exeggutor|0 fnt\n|faint|p2a: Exeggutor\n|\n|t:|1784454010\n|switch|p2a: Articuno|Articuno|53/100 par\n|turn|43\n|inactive|Serpi n_n has 30 seconds left.\n|\n|t:|1784454023\n|switch|p1a: Starmie|Starmie|81/100 slp\n|move|p2a: Articuno|Ice Beam|p1a: Starmie\n|-crit|p1a: Starmie\n|-resisted|p1a: Starmie\n|-damage|p1a: Starmie|40/100 slp\n|\n|upkeep\n|turn|44\n|\n|t:|1784454033\n|switch|p2a: Chansey|Chansey|100/100 par\n|cant|p1a: Starmie|slp\n|\n|upkeep\n|turn|45\n|\n|t:|1784454039\n|switch|p1a: Chansey|Chansey|78/100\n|move|p2a: Chansey|Thunderbolt|p1a: Chansey\n|-damage|p1a: Chansey|68/100\n|\n|upkeep\n|turn|46\n|\n|t:|1784454049\n|move|p1a: Chansey|Soft-Boiled|p1a: Chansey\n|-heal|p1a: Chansey|100/100\n|move|p2a: Chansey|Ice Beam|p1a: Chansey\n|-damage|p1a: Chansey|89/100\n|\n|upkeep\n|turn|47\n|\n|t:|1784454053\n|switch|p1a: Starmie|Starmie|40/100 slp\n|move|p2a: Chansey|Ice Beam|p1a: Starmie\n|-resisted|p1a: Starmie\n|-damage|p1a: Starmie|28/100 slp\n|\n|upkeep\n|turn|48\n|\n|t:|1784454056\n|cant|p1a: Starmie|slp\n|move|p2a: Chansey|Ice Beam|p1a: Starmie\n|-resisted|p1a: Starmie\n|-damage|p1a: Starmie|15/100 slp\n|\n|upkeep\n|turn|49\n|\n|t:|1784454060\n|-curestatus|p1a: Starmie|slp|[msg]\n|move|p2a: Chansey|Thunderbolt|p1a: Starmie\n|-supereffective|p1a: Starmie\n|-damage|p1a: Starmie|0 fnt\n|faint|p1a: Starmie\n|\n|t:|1784454068\n|switch|p1a: Tauros|Tauros|27/100\n|turn|50\n|\n|t:|1784454085\n|move|p1a: Tauros|Body Slam|p2a: Chansey\n|-crit|p2a: Chansey\n|-damage|p2a: Chansey|29/100 par\n|move|p2a: Chansey|Thunderbolt|p1a: Tauros\n|-damage|p1a: Tauros|0 fnt\n|faint|p1a: Tauros\n|\n|t:|1784454087\n|switch|p1a: Chansey|Chansey|89/100\n|turn|51\n|\n|t:|1784454093\n|move|p1a: Chansey|Ice Beam|p2a: Chansey\n|-damage|p2a: Chansey|19/100 par\n|cant|p2a: Chansey|par\n|\n|upkeep\n|turn|52\n|\n|t:|1784454096\n|move|p1a: Chansey|Ice Beam|p2a: Chansey\n|-damage|p2a: Chansey|9/100 par\n|move|p2a: Chansey|Soft-Boiled|p2a: Chansey\n|-heal|p2a: Chansey|59/100 par\n|\n|upkeep\n|turn|53\n|\n|t:|1784454099\n|move|p1a: Chansey|Ice Beam|p2a: Chansey\n|-damage|p2a: Chansey|47/100 par\n|move|p2a: Chansey|Soft-Boiled|p2a: Chansey\n|-heal|p2a: Chansey|97/100 par\n|\n|upkeep\n|turn|54\n|\n|t:|1784454101\n|move|p1a: Chansey|Ice Beam|p2a: Chansey\n|-damage|p2a: Chansey|87/100 par\n|move|p2a: Chansey|Ice Beam|p1a: Chansey\n|-damage|p1a: Chansey|79/100\n|\n|upkeep\n|turn|55\n|\n|t:|1784454103\n|move|p1a: Chansey|Ice Beam|p2a: Chansey\n|-crit|p2a: Chansey\n|-damage|p2a: Chansey|67/100 par\n|move|p2a: Chansey|Ice Beam|p1a: Chansey\n|-crit|p1a: Chansey\n|-damage|p1a: Chansey|56/100\n|\n|upkeep\n|turn|56\n|\n|t:|1784454106\n|move|p1a: Chansey|Soft-Boiled|p1a: Chansey\n|-heal|p1a: Chansey|100/100\n|move|p2a: Chansey|Ice Beam|p1a: Chansey\n|-damage|p1a: Chansey|91/100\n|\n|upkeep\n|turn|57\n|\n|t:|1784454107\n|move|p1a: Chansey|Ice Beam|p2a: Chansey\n|-damage|p2a: Chansey|56/100 par\n|move|p2a: Chansey|Ice Beam|p1a: Chansey\n|-damage|p1a: Chansey|81/100\n|-status|p1a: Chansey|frz\n|\n|upkeep\n|turn|58\n|c|☆Serpi n_n|gg\n|-message|Serpi n_n forfeited.\n|\n|win|Unowndragon\n|c|☆Unowndragon|gg\n|player|p1|\n","uploadtime":1784454111,"views":"95","formatid":"gen1ou","rating":null,"private":0,"password":null}