{"id":"smogtours-gen1ou-919039","format":"[Gen 1] OU","players":["Girls See Ghosts","BeeOrSomething"],"log":"|inactive|Battle timer is ON: inactive players will automatically lose when time's up.\n|t:|1774112433\n|gametype|singles\n|player|p1|Girls See Ghosts|#splxviisharks|\n|player|p2|BeeOrSomething|#beeorsomething|\n|gen|1\n|tier|[Gen 1] OU\n|rule|Desync Clause Mod: Desyncs changed to move failure.\n|rule|HP Percentage Mod: HP is shown in percentages\n|rule|Endless Battle Clause: Forcing endless battles is banned\n|rule|Sleep Clause Mod: Limit one foe put to sleep\n|rule|Freeze Clause Mod: Limit one foe frozen\n|rule|Species Clause: Limit one of each Pokémon\n|rule|OHKO Clause: OHKO moves are banned\n|rule|Evasion Moves Clause: Evasion moves are banned\n|\n|t:|1774112433\n|teamsize|p1|6\n|teamsize|p2|6\n|start\n|switch|p1a: Jynx|Jynx|100/100\n|switch|p2a: Moonlight Sonata|Alakazam|100/100\n|turn|1\n|c|☆BeeOrSomething|glhf\n|c|☆Girls See Ghosts|glhf\n|inactive|Girls See Ghosts has 270 seconds left.\n|inactive|BeeOrSomething has 270 seconds left.\n|\n|t:|1774112477\n|move|p2a: Moonlight Sonata|Thunder Wave|p1a: Jynx\n|-status|p1a: Jynx|par\n|move|p1a: Jynx|Lovely Kiss|p2a: Moonlight Sonata|[miss]\n|-miss|p1a: Jynx\n|\n|upkeep\n|turn|2\n|\n|t:|1774112483\n|move|p2a: Moonlight Sonata|Seismic Toss|p1a: Jynx\n|-damage|p1a: Jynx|70/100 par\n|move|p1a: Jynx|Lovely Kiss|p2a: Moonlight Sonata\n|-status|p2a: Moonlight Sonata|slp|[from] move: Lovely Kiss\n|\n|upkeep\n|turn|3\n|\n|t:|1774112500\n|switch|p2a: Vocalise|Chansey|100/100\n|move|p1a: Jynx|Blizzard|p2a: Vocalise\n|-damage|p2a: Vocalise|83/100\n|\n|upkeep\n|turn|4\n|\n|t:|1774112507\n|move|p2a: Vocalise|Seismic Toss|p1a: Jynx\n|-damage|p1a: Jynx|40/100 par\n|move|p1a: Jynx|Rest|p1a: Jynx\n|-status|p1a: Jynx|slp|[from] move: Rest\n|-heal|p1a: Jynx|100/100 slp|[silent]\n|\n|upkeep\n|turn|5\n|\n|t:|1774112515\n|switch|p2a: Nocturne|Tauros|100/100\n|cant|p1a: Jynx|slp\n|\n|upkeep\n|turn|6\n|rated|Smogon Premier League\n|\n|t:|1774112528\n|switch|p1a: Snorlax|Snorlax|100/100\n|move|p2a: Nocturne|Body Slam|p1a: Snorlax\n|-damage|p1a: Snorlax|75/100\n|\n|upkeep\n|turn|7\n|\n|t:|1774112535\n|move|p2a: Nocturne|Blizzard|p1a: Snorlax\n|-damage|p1a: Snorlax|56/100\n|move|p1a: Snorlax|Body Slam|p2a: Nocturne\n|-damage|p2a: Nocturne|71/100\n|\n|upkeep\n|turn|8\n|inactive|Girls See Ghosts has 270 seconds left.\n|\n|t:|1774112594\n|switch|p2a: Mountain King|Rhydon|100/100\n|move|p1a: Snorlax|Self-Destruct|p2a: Mountain King\n|-resisted|p2a: Mountain King\n|-damage|p2a: Mountain King|63/100\n|faint|p1a: Snorlax\n|inactive|Girls See Ghosts has 240 seconds left.\n|\n|t:|1774112612\n|switch|p1a: Starmie|Starmie|100/100\n|turn|9\n|\n|t:|1774112617\n|switch|p2a: Moonlight Sonata|Alakazam|100/100 slp\n|move|p1a: Starmie|Thunder Wave|p2a: Moonlight Sonata\n|-fail|p2a: Moonlight Sonata\n|\n|upkeep\n|turn|10\n|\n|t:|1774112622\n|switch|p2a: Vocalise|Chansey|83/100\n|move|p1a: Starmie|Thunder Wave|p2a: Vocalise\n|-status|p2a: Vocalise|par\n|\n|upkeep\n|turn|11\n|\n|t:|1774112640\n|switch|p1a: Jynx|Jynx|100/100 slp\n|move|p2a: Vocalise|Sing|p1a: Jynx\n|-fail|p1a: Jynx|slp\n|\n|upkeep\n|turn|12\n|\n|t:|1774112647\n|-curestatus|p1a: Jynx|slp|[msg]\n|cant|p2a: Vocalise|par\n|\n|upkeep\n|turn|13\n|\n|t:|1774112656\n|move|p1a: Jynx|Psychic|p2a: Vocalise\n|-damage|p2a: Vocalise|69/100 par\n|-unboost|p2a: Vocalise|spa|1\n|-unboost|p2a: Vocalise|spd|1\n|move|p2a: Vocalise|Soft-Boiled|p2a: Vocalise\n|-heal|p2a: Vocalise|100/100 par\n|\n|upkeep\n|turn|14\n|\n|t:|1774112667\n|move|p1a: Jynx|Psychic|p2a: Vocalise\n|-damage|p2a: Vocalise|79/100 par\n|move|p2a: Vocalise|Thunder Wave|p1a: Jynx\n|-status|p1a: Jynx|par\n|\n|upkeep\n|turn|15\n|inactive|Girls See Ghosts has 270 seconds left.\n|\n|t:|1774112674\n|move|p1a: Jynx|Psychic|p2a: Vocalise\n|-damage|p2a: Vocalise|57/100 par\n|move|p2a: Vocalise|Soft-Boiled|p2a: Vocalise\n|-heal|p2a: Vocalise|100/100 par\n|\n|upkeep\n|turn|16\n|\n|t:|1774112684\n|switch|p2a: Moonlight Sonata|Alakazam|100/100 slp\n|move|p1a: Jynx|Psychic|p2a: Moonlight Sonata\n|-resisted|p2a: Moonlight Sonata\n|-damage|p2a: Moonlight Sonata|88/100 slp\n|-unboost|p2a: Moonlight Sonata|spa|1\n|-unboost|p2a: Moonlight Sonata|spd|1\n|\n|upkeep\n|turn|17\n|\n|t:|1774112691\n|switch|p2a: Vocalise|Chansey|100/100 par\n|cant|p1a: Jynx|par\n|\n|upkeep\n|turn|18\n|\n|t:|1774112695\n|move|p1a: Jynx|Psychic|p2a: Vocalise\n|-damage|p2a: Vocalise|87/100 par\n|-unboost|p2a: Vocalise|spa|1\n|-unboost|p2a: Vocalise|spd|1\n|move|p2a: Vocalise|Seismic Toss|p1a: Jynx\n|-damage|p1a: Jynx|70/100 par\n|\n|upkeep\n|turn|19\n|\n|t:|1774112707\n|move|p1a: Jynx|Psychic|p2a: Vocalise\n|-damage|p2a: Vocalise|65/100 par\n|move|p2a: Vocalise|Seismic Toss|p1a: Jynx\n|-damage|p1a: Jynx|40/100 par\n|\n|upkeep\n|turn|20\n|\n|t:|1774112713\n|move|p1a: Jynx|Rest|p1a: Jynx\n|-status|p1a: Jynx|slp|[from] move: Rest\n|-heal|p1a: Jynx|100/100 slp|[silent]\n|move|p2a: Vocalise|Soft-Boiled|p2a: Vocalise\n|-heal|p2a: Vocalise|100/100 par\n|\n|upkeep\n|turn|21\n|\n|t:|1774112718\n|cant|p1a: Jynx|slp\n|cant|p2a: Vocalise|par\n|\n|upkeep\n|turn|22\n|\n|t:|1774112723\n|-curestatus|p1a: Jynx|slp|[msg]\n|cant|p2a: Vocalise|par\n|\n|upkeep\n|turn|23\n|\n|t:|1774112731\n|move|p1a: Jynx|Psychic|p2a: Vocalise\n|-damage|p2a: Vocalise|79/100 par\n|move|p2a: Vocalise|Thunder Wave|p1a: Jynx\n|-status|p1a: Jynx|par\n|\n|upkeep\n|turn|24\n|\n|t:|1774112736\n|cant|p1a: Jynx|par\n|move|p2a: Vocalise|Soft-Boiled|p2a: Vocalise\n|-heal|p2a: Vocalise|100/100 par\n|\n|upkeep\n|turn|25\n|\n|t:|1774112741\n|cant|p1a: Jynx|par\n|move|p2a: Vocalise|Seismic Toss|p1a: Jynx\n|-damage|p1a: Jynx|70/100 par\n|\n|upkeep\n|turn|26\n|\n|t:|1774112744\n|move|p1a: Jynx|Blizzard|p2a: Vocalise\n|-damage|p2a: Vocalise|73/100 par\n|move|p2a: Vocalise|Seismic Toss|p1a: Jynx\n|-damage|p1a: Jynx|40/100 par\n|\n|upkeep\n|turn|27\n|\n|t:|1774112750\n|cant|p1a: Jynx|par\n|cant|p2a: Vocalise|par\n|\n|upkeep\n|turn|28\n|\n|t:|1774112756\n|move|p1a: Jynx|Psychic|p2a: Vocalise\n|-damage|p2a: Vocalise|53/100 par\n|-unboost|p2a: Vocalise|spa|1\n|-unboost|p2a: Vocalise|spd|1\n|move|p2a: Vocalise|Soft-Boiled|p2a: Vocalise\n|-heal|p2a: Vocalise|100/100 par\n|\n|upkeep\n|turn|29\n|\n|t:|1774112770\n|switch|p2a: Moonlight Sonata|Alakazam|88/100 slp\n|move|p1a: Jynx|Blizzard|p2a: Moonlight Sonata\n|-damage|p2a: Moonlight Sonata|55/100 slp\n|\n|upkeep\n|turn|30\n|\n|t:|1774112782\n|switch|p2a: Vocalise|Chansey|100/100 par\n|move|p1a: Jynx|Rest|p1a: Jynx\n|-status|p1a: Jynx|slp|[from] move: Rest\n|-heal|p1a: Jynx|100/100 slp|[silent]\n|\n|upkeep\n|turn|31\n|\n|t:|1774112787\n|switch|p2a: Nocturne|Tauros|71/100\n|cant|p1a: Jynx|slp\n|\n|upkeep\n|turn|32\n|\n|t:|1774112791\n|switch|p1a: Starmie|Starmie|100/100\n|move|p2a: Nocturne|Body Slam|p1a: Starmie\n|-crit|p1a: Starmie\n|-damage|p1a: Starmie|34/100\n|\n|upkeep\n|turn|33\n|\n|t:|1774112801\n|move|p1a: Starmie|Recover|p1a: Starmie\n|-heal|p1a: Starmie|84/100\n|move|p2a: Nocturne|Body Slam|p1a: Starmie\n|-damage|p1a: Starmie|52/100\n|\n|upkeep\n|turn|34\n|\n|t:|1774112808\n|move|p1a: Starmie|Recover|p1a: Starmie\n|-heal|p1a: Starmie|100/100\n|move|p2a: Nocturne|Body Slam|p1a: Starmie\n|-damage|p1a: Starmie|64/100\n|\n|upkeep\n|turn|35\n|\n|t:|1774112817\n|switch|p2a: Vocalise|Chansey|100/100 par\n|move|p1a: Starmie|Psychic|p2a: Vocalise\n|-damage|p2a: Vocalise|85/100 par\n|-unboost|p2a: Vocalise|spa|1\n|-unboost|p2a: Vocalise|spd|1\n|\n|upkeep\n|turn|36\n|\n|t:|1774112826\n|switch|p1a: Jynx|Jynx|100/100 slp\n|move|p2a: Vocalise|Sing|p1a: Jynx\n|-fail|p1a: Jynx|slp\n|\n|upkeep\n|turn|37\n|\n|t:|1774112836\n|switch|p1a: Chansey|Chansey|100/100\n|move|p2a: Vocalise|Sing|p1a: Chansey|[miss]\n|-miss|p2a: Vocalise\n|\n|upkeep\n|turn|38\n|\n|t:|1774112850\n|switch|p1a: Jynx|Jynx|100/100 slp\n|move|p2a: Vocalise|Seismic Toss|p1a: Jynx\n|-damage|p1a: Jynx|70/100 slp\n|\n|upkeep\n|turn|39\n|\n|t:|1774112858\n|-curestatus|p1a: Jynx|slp|[msg]\n|move|p2a: Vocalise|Seismic Toss|p1a: Jynx\n|-damage|p1a: Jynx|40/100\n|\n|upkeep\n|turn|40\n|\n|t:|1774112862\n|move|p1a: Jynx|Psychic|p2a: Vocalise\n|-damage|p2a: Vocalise|65/100 par\n|move|p2a: Vocalise|Soft-Boiled|p2a: Vocalise\n|-heal|p2a: Vocalise|100/100 par\n|\n|upkeep\n|turn|41\n|\n|t:|1774112874\n|move|p1a: Jynx|Psychic|p2a: Vocalise\n|-crit|p2a: Vocalise\n|-damage|p2a: Vocalise|71/100 par\n|move|p2a: Vocalise|Seismic Toss|p1a: Jynx\n|-damage|p1a: Jynx|10/100\n|\n|upkeep\n|turn|42\n|\n|t:|1774112888\n|move|p1a: Jynx|Rest|p1a: Jynx\n|-status|p1a: Jynx|slp|[from] move: Rest\n|-heal|p1a: Jynx|100/100 slp|[silent]\n|move|p2a: Vocalise|Soft-Boiled|p2a: Vocalise\n|-heal|p2a: Vocalise|100/100 par\n|\n|upkeep\n|turn|43\n|\n|t:|1774112924\n|cant|p1a: Jynx|slp\n|move|p2a: Vocalise|Seismic Toss|p1a: Jynx\n|-damage|p1a: Jynx|70/100 slp\n|\n|upkeep\n|turn|44\n|\n|t:|1774112934\n|-curestatus|p1a: Jynx|slp|[msg]\n|move|p2a: Vocalise|Sing|p1a: Jynx\n|-status|p1a: Jynx|slp|[from] move: Sing\n|\n|upkeep\n|turn|45\n|\n|t:|1774112945\n|switch|p1a: Chansey|Chansey|100/100\n|move|p2a: Vocalise|Seismic Toss|p1a: Chansey\n|-damage|p1a: Chansey|86/100\n|\n|upkeep\n|turn|46\n|\n|t:|1774112972\n|switch|p1a: Exeggutor|Exeggutor|100/100\n|move|p2a: Vocalise|Seismic Toss|p1a: Exeggutor\n|-damage|p1a: Exeggutor|75/100\n|\n|upkeep\n|turn|47\n|\n|t:|1774112982\n|switch|p2a: Liebestraum|Exeggutor|100/100\n|move|p1a: Exeggutor|Psychic|p2a: Liebestraum\n|-crit|p2a: Liebestraum\n|-resisted|p2a: Liebestraum\n|-damage|p2a: Liebestraum|75/100\n|\n|upkeep\n|turn|48\n|\n|t:|1774112987\n|move|p1a: Exeggutor|Psychic|p2a: Liebestraum\n|-resisted|p2a: Liebestraum\n|-damage|p2a: Liebestraum|61/100\n|-unboost|p2a: Liebestraum|spa|1\n|-unboost|p2a: Liebestraum|spd|1\n|move|p2a: Liebestraum|Stun Spore|p1a: Exeggutor\n|-status|p1a: Exeggutor|par\n|\n|upkeep\n|turn|49\n|\n|t:|1774113015\n|switch|p2a: Moonlight Sonata|Alakazam|55/100 slp\n|move|p1a: Exeggutor|Psychic|p2a: Moonlight Sonata\n|-resisted|p2a: Moonlight Sonata\n|-damage|p2a: Moonlight Sonata|40/100 slp\n|\n|upkeep\n|turn|50\n|\n|t:|1774113024\n|switch|p2a: Liebestraum|Exeggutor|61/100\n|move|p1a: Exeggutor|Psychic|p2a: Liebestraum\n|-resisted|p2a: Liebestraum\n|-damage|p2a: Liebestraum|47/100\n|\n|upkeep\n|turn|51\n|\n|t:|1774113033\n|move|p2a: Liebestraum|Psychic|p1a: Exeggutor\n|-resisted|p1a: Exeggutor\n|-damage|p1a: Exeggutor|62/100 par\n|cant|p1a: Exeggutor|par\n|\n|upkeep\n|turn|52\n|\n|t:|1774113038\n|move|p2a: Liebestraum|Psychic|p1a: Exeggutor\n|-resisted|p1a: Exeggutor\n|-damage|p1a: Exeggutor|48/100 par\n|move|p1a: Exeggutor|Psychic|p2a: Liebestraum\n|-resisted|p2a: Liebestraum\n|-damage|p2a: Liebestraum|34/100\n|\n|upkeep\n|turn|53\n|\n|t:|1774113044\n|move|p2a: Liebestraum|Psychic|p1a: Exeggutor\n|-crit|p1a: Exeggutor\n|-resisted|p1a: Exeggutor\n|-damage|p1a: Exeggutor|23/100 par\n|move|p1a: Exeggutor|Rest|p1a: Exeggutor\n|-status|p1a: Exeggutor|slp|[from] move: Rest\n|-heal|p1a: Exeggutor|100/100 slp|[silent]\n|\n|upkeep\n|turn|54\n|\n|t:|1774113055\n|move|p2a: Liebestraum|Explosion|p1a: Exeggutor\n|-damage|p1a: Exeggutor|22/100 slp\n|faint|p2a: Liebestraum\n|\n|t:|1774113059\n|switch|p2a: Nocturne|Tauros|71/100\n|turn|55\n|\n|t:|1774113065\n|move|p2a: Nocturne|Body Slam|p1a: Exeggutor\n|-damage|p1a: Exeggutor|0 fnt\n|faint|p1a: Exeggutor\n|\n|t:|1774113068\n|switch|p1a: Tauros|Tauros|100/100\n|turn|56\n|\n|t:|1774113071\n|switch|p2a: Moonlight Sonata|Alakazam|40/100 slp\n|move|p1a: Tauros|Body Slam|p2a: Moonlight Sonata\n|-damage|p2a: Moonlight Sonata|0 fnt\n|faint|p2a: Moonlight Sonata\n|\n|t:|1774113080\n|switch|p2a: Liebesleid|Cloyster|100/100\n|turn|57\n|inactive|Girls See Ghosts has 270 seconds left.\n|inactive|BeeOrSomething has 270 seconds left.\n|\n|t:|1774113139\n|switch|p1a: Starmie|Starmie|64/100\n|move|p2a: Liebesleid|Blizzard|p1a: Starmie\n|-crit|p1a: Starmie\n|-resisted|p1a: Starmie\n|-damage|p1a: Starmie|25/100\n|\n|upkeep\n|turn|58\n|\n|t:|1774113147\n|switch|p2a: Vocalise|Chansey|100/100 par\n|move|p1a: Starmie|Recover|p1a: Starmie\n|-heal|p1a: Starmie|74/100\n|\n|upkeep\n|turn|59\n|\n|t:|1774113153\n|switch|p1a: Chansey|Chansey|86/100\n|move|p2a: Vocalise|Thunder Wave|p1a: Chansey\n|-status|p1a: Chansey|par\n|\n|upkeep\n|turn|60\n|\n|t:|1774113163\n|move|p1a: Chansey|Thunderbolt|p2a: Vocalise\n|-damage|p2a: Vocalise|90/100 par\n|move|p2a: Vocalise|Seismic Toss|p1a: Chansey\n|-damage|p1a: Chansey|72/100 par\n|\n|upkeep\n|turn|61\n|\n|t:|1774113170\n|move|p1a: Chansey|Soft-Boiled|p1a: Chansey\n|-heal|p1a: Chansey|100/100 par\n|move|p2a: Vocalise|Seismic Toss|p1a: Chansey\n|-damage|p1a: Chansey|86/100 par\n|\n|upkeep\n|turn|62\n|\n|t:|1774113175\n|move|p1a: Chansey|Thunderbolt|p2a: Vocalise\n|-damage|p2a: Vocalise|79/100 par\n|move|p2a: Vocalise|Seismic Toss|p1a: Chansey\n|-damage|p1a: Chansey|72/100 par\n|\n|upkeep\n|turn|63\n|\n|t:|1774113179\n|move|p2a: Vocalise|Seismic Toss|p1a: Chansey\n|-damage|p1a: Chansey|58/100 par\n|move|p1a: Chansey|Thunderbolt|p2a: Vocalise\n|-damage|p2a: Vocalise|68/100 par\n|\n|upkeep\n|turn|64\n|\n|t:|1774113181\n|move|p2a: Vocalise|Soft-Boiled|p2a: Vocalise\n|-heal|p2a: Vocalise|100/100 par\n|move|p1a: Chansey|Soft-Boiled|p1a: Chansey\n|-heal|p1a: Chansey|100/100 par\n|\n|upkeep\n|turn|65\n|\n|t:|1774113188\n|cant|p2a: Vocalise|par\n|cant|p1a: Chansey|par\n|\n|upkeep\n|turn|66\n|\n|t:|1774113191\n|move|p2a: Vocalise|Seismic Toss|p1a: Chansey\n|-damage|p1a: Chansey|86/100 par\n|move|p1a: Chansey|Ice Beam|p2a: Vocalise\n|-damage|p2a: Vocalise|90/100 par\n|\n|upkeep\n|turn|67\n|\n|t:|1774113198\n|move|p2a: Vocalise|Seismic Toss|p1a: Chansey\n|-damage|p1a: Chansey|72/100 par\n|move|p1a: Chansey|Thunderbolt|p2a: Vocalise\n|-damage|p2a: Vocalise|80/100 par\n|\n|upkeep\n|turn|68\n|\n|t:|1774113202\n|switch|p2a: Mountain King|Rhydon|63/100\n|cant|p1a: Chansey|par\n|\n|upkeep\n|turn|69\n|inactive|Girls See Ghosts has 270 seconds left.\n|inactive|BeeOrSomething has 270 seconds left.\n|\n|t:|1774113244\n|move|p2a: Mountain King|Earthquake|p1a: Chansey\n|-damage|p1a: Chansey|17/100 par\n|move|p1a: Chansey|Ice Beam|p2a: Mountain King\n|-supereffective|p2a: Mountain King\n|-damage|p2a: Mountain King|5/100\n|\n|upkeep\n|turn|70\n|inactive|BeeOrSomething has 270 seconds left.\n|\n|t:|1774113276\n|switch|p1a: Jynx|Jynx|70/100 slp\n|move|p2a: Mountain King|Body Slam|p1a: Jynx\n|-damage|p1a: Jynx|28/100 slp\n|\n|upkeep\n|turn|71\n|inactive|Girls See Ghosts has 270 seconds left.\n|\n|t:|1774113291\n|cant|p1a: Jynx|slp\n|move|p2a: Mountain King|Body Slam|p1a: Jynx\n|-damage|p1a: Jynx|0 fnt\n|faint|p1a: Jynx\n|inactive|Girls See Ghosts has 270 seconds left.\n|\n|t:|1774113298\n|switch|p1a: Tauros|Tauros|100/100\n|turn|72\n|\n|t:|1774113312\n|move|p1a: Tauros|Body Slam|p2a: Mountain King\n|-resisted|p2a: Mountain King\n|-damage|p2a: Mountain King|0 fnt\n|faint|p2a: Mountain King\n|\n|t:|1774113313\n|switch|p2a: Liebesleid|Cloyster|100/100\n|turn|73\n|inactive|Girls See Ghosts has 270 seconds left.\n|inactive|BeeOrSomething has 240 seconds left.\n|\n|t:|1774113358\n|switch|p1a: Starmie|Starmie|74/100\n|switch|p2a: Vocalise|Chansey|80/100 par\n|\n|upkeep\n|turn|74\n|\n|t:|1774113364\n|move|p1a: Starmie|Psychic|p2a: Vocalise\n|-crit|p2a: Vocalise\n|-damage|p2a: Vocalise|52/100 par\n|-unboost|p2a: Vocalise|spa|1\n|-unboost|p2a: Vocalise|spd|1\n|move|p2a: Vocalise|Seismic Toss|p1a: Starmie\n|-damage|p1a: Starmie|44/100\n|\n|upkeep\n|turn|75\n|inactive|Girls See Ghosts has 240 seconds left.\n|inactive|BeeOrSomething has 210 seconds left.\n|\n|t:|1774113425\n|switch|p1a: Chansey|Chansey|17/100 par\n|move|p2a: Vocalise|Thunder Wave|p1a: Chansey\n|-fail|p1a: Chansey|par\n|\n|upkeep\n|turn|76\n|\n|t:|1774113438\n|switch|p2a: Nocturne|Tauros|71/100\n|move|p1a: Chansey|Soft-Boiled|p1a: Chansey\n|-heal|p1a: Chansey|67/100 par\n|\n|upkeep\n|turn|77\n|\n|t:|1774113453\n|move|p2a: Nocturne|Hyper Beam|p1a: Chansey\n|-damage|p1a: Chansey|2/100 par\n|-mustrecharge|p2a: Nocturne\n|move|p1a: Chansey|Thunder Wave|p2a: Nocturne\n|-status|p2a: Nocturne|par\n|\n|upkeep\n|turn|78\n|inactive|Girls See Ghosts has 210 seconds left.\n|\n|t:|1774113474\n|cant|p2a: Nocturne|recharge\n|move|p1a: Chansey|Soft-Boiled|p1a: Chansey\n|-heal|p1a: Chansey|52/100 par\n|\n|upkeep\n|turn|79\n|inactive|Girls See Ghosts has 210 seconds left.\n|\n|t:|1774113489\n|switch|p1a: Tauros|Tauros|100/100\n|move|p2a: Nocturne|Body Slam|p1a: Tauros\n|-damage|p1a: Tauros|71/100\n|\n|upkeep\n|turn|80\n|\n|t:|1774113496\n|move|p1a: Tauros|Body Slam|p2a: Nocturne\n|-crit|p2a: Nocturne\n|-damage|p2a: Nocturne|16/100 par\n|move|p2a: Nocturne|Body Slam|p1a: Tauros\n|-damage|p1a: Tauros|43/100\n|\n|upkeep\n|turn|81\n|\n|t:|1774113502\n|switch|p2a: Liebesleid|Cloyster|100/100\n|move|p1a: Tauros|Body Slam|p2a: Liebesleid\n|-damage|p2a: Liebesleid|78/100\n|\n|upkeep\n|turn|82\n|inactive|BeeOrSomething has 210 seconds left.\n|\n|t:|1774113547\n|switch|p1a: Starmie|Starmie|44/100\n|move|p2a: Liebesleid|Clamp|p1a: Starmie\n|-crit|p1a: Starmie\n|-resisted|p1a: Starmie\n|-damage|p1a: Starmie|33/100\n|\n|upkeep\n|turn|83\n|\n|t:|1774113554\n|switch|p1a: Chansey|Chansey|52/100 par\n|move|p2a: Liebesleid|Clamp|p1a: Chansey\n|-damage|p1a: Chansey|47/100 par\n|\n|upkeep\n|turn|84\n|\n|t:|1774113561\n|switch|p1a: Starmie|Starmie|33/100\n|move|p2a: Liebesleid|Clamp|p1a: Starmie|[miss]\n|-miss|p2a: Liebesleid\n|\n|upkeep\n|turn|85\n|\n|t:|1774113567\n|switch|p2a: Vocalise|Chansey|52/100 par\n|move|p1a: Starmie|Recover|p1a: Starmie\n|-heal|p1a: Starmie|83/100\n|\n|upkeep\n|turn|86\n|inactive|BeeOrSomething has 210 seconds left.\n|\n|t:|1774113581\n|switch|p1a: Chansey|Chansey|47/100 par\n|move|p2a: Vocalise|Soft-Boiled|p2a: Vocalise\n|-heal|p2a: Vocalise|100/100 par\n|\n|upkeep\n|turn|87\n|\n|t:|1774113586\n|switch|p2a: Nocturne|Tauros|16/100 par\n|move|p1a: Chansey|Thunderbolt|p2a: Nocturne\n|-damage|p2a: Nocturne|0 fnt\n|faint|p2a: Nocturne\n|\n|t:|1774113589\n|switch|p2a: Liebesleid|Cloyster|78/100\n|turn|88\n|\n|t:|1774113599\n|move|p2a: Liebesleid|Clamp|p1a: Chansey\n|-crit|p1a: Chansey\n|-damage|p1a: Chansey|37/100 par\n|cant|p1a: Chansey|partiallytrapped\n|\n|upkeep\n|turn|89\n|\n|t:|1774113605\n|switch|p2a: Vocalise|Chansey|100/100 par\n|switch|p1a: Starmie|Starmie|83/100\n|\n|upkeep\n|turn|90\n|\n|t:|1774113609\n|switch|p1a: Chansey|Chansey|37/100 par\n|move|p2a: Vocalise|Seismic Toss|p1a: Chansey\n|-damage|p1a: Chansey|23/100 par\n|\n|upkeep\n|turn|91\n|\n|t:|1774113614\n|move|p2a: Vocalise|Seismic Toss|p1a: Chansey\n|-damage|p1a: Chansey|9/100 par\n|move|p1a: Chansey|Soft-Boiled|p1a: Chansey\n|-heal|p1a: Chansey|59/100 par\n|\n|upkeep\n|turn|92\n|\n|t:|1774113626\n|move|p1a: Chansey|Soft-Boiled|p1a: Chansey\n|-heal|p1a: Chansey|100/100 par\n|move|p2a: Vocalise|Seismic Toss|p1a: Chansey\n|-damage|p1a: Chansey|86/100 par\n|\n|upkeep\n|turn|93\n|\n|t:|1774113633\n|move|p2a: Vocalise|Sing|p1a: Chansey\n|-fail|p1a: Chansey\n|move|p1a: Chansey|Thunder Wave|p2a: Vocalise\n|-fail|p2a: Vocalise|par\n|\n|upkeep\n|turn|94\n|\n|t:|1774113636\n|move|p2a: Vocalise|Sing|p1a: Chansey|[miss]\n|-miss|p2a: Vocalise\n|cant|p1a: Chansey|par\n|\n|upkeep\n|turn|95\n|\n|t:|1774113639\n|move|p2a: Vocalise|Sing|p1a: Chansey|[miss]\n|-miss|p2a: Vocalise\n|cant|p1a: Chansey|par\n|\n|upkeep\n|turn|96\n|\n|t:|1774113641\n|cant|p2a: Vocalise|par\n|move|p1a: Chansey|Ice Beam|p2a: Vocalise\n|-crit|p2a: Vocalise\n|-damage|p2a: Vocalise|81/100 par\n|\n|upkeep\n|turn|97\n|\n|t:|1774113643\n|cant|p1a: Chansey|par\n|move|p2a: Vocalise|Seismic Toss|p1a: Chansey\n|-damage|p1a: Chansey|72/100 par\n|\n|upkeep\n|turn|98\n|\n|t:|1774113646\n|move|p1a: Chansey|Soft-Boiled|p1a: Chansey\n|-heal|p1a: Chansey|100/100 par\n|move|p2a: Vocalise|Sing|p1a: Chansey|[miss]\n|-miss|p2a: Vocalise\n|\n|upkeep\n|turn|99\n|\n|t:|1774113660\n|cant|p2a: Vocalise|par\n|move|p1a: Chansey|Ice Beam|p2a: Vocalise\n|-damage|p2a: Vocalise|71/100 par\n|\n|upkeep\n|turn|100\n|\n|t:|1774113668\n|move|p2a: Vocalise|Soft-Boiled|p2a: Vocalise\n|-heal|p2a: Vocalise|100/100 par\n|move|p1a: Chansey|Thunder Wave|p2a: Vocalise\n|-fail|p2a: Vocalise|par\n|\n|upkeep\n|turn|101\n|\n|t:|1774113673\n|cant|p1a: Chansey|par\n|move|p2a: Vocalise|Sing|p1a: Chansey\n|-fail|p1a: Chansey\n|\n|upkeep\n|turn|102\n|\n|t:|1774113679\n|move|p1a: Chansey|Thunder Wave|p2a: Vocalise\n|-fail|p2a: Vocalise|par\n|move|p2a: Vocalise|Thunder Wave|p1a: Chansey\n|-fail|p1a: Chansey|par\n|\n|upkeep\n|turn|103\n|\n|t:|1774113683\n|cant|p1a: Chansey|par\n|move|p2a: Vocalise|Thunder Wave|p1a: Chansey\n|-fail|p1a: Chansey|par\n|\n|upkeep\n|turn|104\n|\n|t:|1774113687\n|move|p1a: Chansey|Ice Beam|p2a: Vocalise\n|-damage|p2a: Vocalise|91/100 par\n|cant|p2a: Vocalise|par\n|\n|upkeep\n|turn|105\n|\n|t:|1774113693\n|move|p2a: Vocalise|Thunder Wave|p1a: Chansey\n|-fail|p1a: Chansey|par\n|move|p1a: Chansey|Thunderbolt|p2a: Vocalise\n|-damage|p2a: Vocalise|79/100 par\n|\n|upkeep\n|turn|106\n|\n|t:|1774113696\n|cant|p1a: Chansey|par\n|move|p2a: Vocalise|Thunder Wave|p1a: Chansey\n|-fail|p1a: Chansey|par\n|\n|upkeep\n|turn|107\n|\n|t:|1774113700\n|move|p2a: Vocalise|Thunder Wave|p1a: Chansey\n|-fail|p1a: Chansey|par\n|cant|p1a: Chansey|par\n|\n|upkeep\n|turn|108\n|\n|t:|1774113706\n|move|p2a: Vocalise|Thunder Wave|p1a: Chansey\n|-fail|p1a: Chansey|par\n|move|p1a: Chansey|Thunder Wave|p2a: Vocalise\n|-fail|p2a: Vocalise|par\n|\n|upkeep\n|turn|109\n|\n|t:|1774113710\n|move|p2a: Vocalise|Thunder Wave|p1a: Chansey\n|-fail|p1a: Chansey|par\n|move|p1a: Chansey|Thunder Wave|p2a: Vocalise\n|-fail|p2a: Vocalise|par\n|\n|upkeep\n|turn|110\n|\n|t:|1774113713\n|move|p1a: Chansey|Thunder Wave|p2a: Vocalise\n|-fail|p2a: Vocalise|par\n|move|p2a: Vocalise|Sing|p1a: Chansey\n|-fail|p1a: Chansey\n|\n|upkeep\n|turn|111\n|\n|t:|1774113719\n|move|p1a: Chansey|Ice Beam|p2a: Vocalise\n|-damage|p2a: Vocalise|68/100 par\n|move|p2a: Vocalise|Sing|p1a: Chansey\n|-fail|p1a: Chansey\n|\n|upkeep\n|turn|112\n|\n|t:|1774113723\n|move|p2a: Vocalise|Sing|p1a: Chansey|[miss]\n|-miss|p2a: Vocalise\n|cant|p1a: Chansey|par\n|\n|upkeep\n|turn|113\n|\n|t:|1774113726\n|move|p2a: Vocalise|Sing|p1a: Chansey|[miss]\n|-miss|p2a: Vocalise\n|cant|p1a: Chansey|par\n|\n|upkeep\n|turn|114\n|\n|t:|1774113730\n|move|p1a: Chansey|Ice Beam|p2a: Vocalise\n|-damage|p2a: Vocalise|58/100 par\n|move|p2a: Vocalise|Sing|p1a: Chansey|[miss]\n|-miss|p2a: Vocalise\n|\n|upkeep\n|turn|115\n|\n|t:|1774113739\n|move|p2a: Vocalise|Sing|p1a: Chansey|[miss]\n|-miss|p2a: Vocalise\n|move|p1a: Chansey|Ice Beam|p2a: Vocalise\n|-damage|p2a: Vocalise|48/100 par\n|\n|upkeep\n|turn|116\n|\n|t:|1774113742\n|move|p1a: Chansey|Thunder Wave|p2a: Vocalise\n|-fail|p2a: Vocalise|par\n|move|p2a: Vocalise|Soft-Boiled|p2a: Vocalise\n|-heal|p2a: Vocalise|98/100 par\n|\n|upkeep\n|turn|117\n|\n|t:|1774113747\n|move|p2a: Vocalise|Sing|p1a: Chansey|[miss]\n|-miss|p2a: Vocalise\n|move|p1a: Chansey|Thunder Wave|p2a: Vocalise\n|-fail|p2a: Vocalise|par\n|\n|upkeep\n|turn|118\n|\n|t:|1774113752\n|move|p2a: Vocalise|Sing|p1a: Chansey|[miss]\n|-miss|p2a: Vocalise\n|move|p1a: Chansey|Ice Beam|p2a: Vocalise\n|-damage|p2a: Vocalise|87/100 par\n|\n|upkeep\n|turn|119\n|\n|t:|1774113758\n|move|p2a: Vocalise|Sing|p1a: Chansey\n|-fail|p1a: Chansey\n|move|p1a: Chansey|Ice Beam|p2a: Vocalise\n|-crit|p2a: Vocalise\n|-damage|p2a: Vocalise|65/100 par\n|\n|upkeep\n|turn|120\n|\n|t:|1774113770\n|move|p2a: Vocalise|Soft-Boiled|p2a: Vocalise\n|-heal|p2a: Vocalise|100/100 par\n|move|p1a: Chansey|Thunderbolt|p2a: Vocalise\n|-damage|p2a: Vocalise|90/100 par\n|\n|upkeep\n|turn|121\n|\n|t:|1774113775\n|move|p1a: Chansey|Ice Beam|p2a: Vocalise\n|-damage|p2a: Vocalise|80/100 par\n|move|p2a: Vocalise|Sing|p1a: Chansey|[miss]\n|-miss|p2a: Vocalise\n|\n|upkeep\n|turn|122\n|\n|t:|1774113782\n|move|p2a: Vocalise|Sing|p1a: Chansey\n|-fail|p1a: Chansey\n|move|p1a: Chansey|Ice Beam|p2a: Vocalise\n|-damage|p2a: Vocalise|70/100 par\n|\n|upkeep\n|turn|123\n|\n|t:|1774113787\n|move|p2a: Vocalise|Sing|p1a: Chansey|[miss]\n|-miss|p2a: Vocalise\n|cant|p1a: Chansey|par\n|\n|upkeep\n|turn|124\n|\n|t:|1774113791\n|cant|p2a: Vocalise|par\n|move|p1a: Chansey|Thunder Wave|p2a: Vocalise\n|-fail|p2a: Vocalise|par\n|\n|upkeep\n|turn|125\n|\n|t:|1774113796\n|cant|p2a: Vocalise|par\n|move|p1a: Chansey|Thunder Wave|p2a: Vocalise\n|-fail|p2a: Vocalise|par\n|\n|upkeep\n|turn|126\n|\n|t:|1774113805\n|cant|p2a: Vocalise|par\n|move|p1a: Chansey|Ice Beam|p2a: Vocalise\n|-damage|p2a: Vocalise|60/100 par\n|\n|upkeep\n|turn|127\n|\n|t:|1774113819\n|move|p2a: Vocalise|Thunder Wave|p1a: Chansey\n|-fail|p1a: Chansey|par\n|cant|p1a: Chansey|par\n|\n|upkeep\n|turn|128\n|\n|t:|1774113822\n|move|p1a: Chansey|Ice Beam|p2a: Vocalise\n|-damage|p2a: Vocalise|49/100 par\n|move|p2a: Vocalise|Thunder Wave|p1a: Chansey\n|-fail|p1a: Chansey|par\n|\n|upkeep\n|turn|129\n|\n|t:|1774113824\n|move|p1a: Chansey|Thunderbolt|p2a: Vocalise\n|-damage|p2a: Vocalise|39/100 par\n|cant|p2a: Vocalise|par\n|\n|upkeep\n|turn|130\n|\n|t:|1774113827\n|move|p1a: Chansey|Ice Beam|p2a: Vocalise\n|-damage|p2a: Vocalise|29/100 par\n|cant|p2a: Vocalise|par\n|\n|upkeep\n|turn|131\n|\n|t:|1774113831\n|move|p1a: Chansey|Ice Beam|p2a: Vocalise\n|-damage|p2a: Vocalise|19/100 par\n|move|p2a: Vocalise|Soft-Boiled|p2a: Vocalise\n|-heal|p2a: Vocalise|68/100 par\n|\n|upkeep\n|turn|132\n|\n|t:|1774113836\n|cant|p1a: Chansey|par\n|move|p2a: Vocalise|Thunder Wave|p1a: Chansey\n|-fail|p1a: Chansey|par\n|\n|upkeep\n|turn|133\n|\n|t:|1774113842\n|cant|p2a: Vocalise|par\n|move|p1a: Chansey|Thunder Wave|p2a: Vocalise\n|-fail|p2a: Vocalise|par\n|\n|upkeep\n|turn|134\n|\n|t:|1774113848\n|move|p1a: Chansey|Thunder Wave|p2a: Vocalise\n|-fail|p2a: Vocalise|par\n|move|p2a: Vocalise|Sing|p1a: Chansey\n|-fail|p1a: Chansey\n|\n|upkeep\n|turn|135\n|\n|t:|1774113854\n|move|p1a: Chansey|Thunderbolt|p2a: Vocalise\n|-damage|p2a: Vocalise|58/100 par\n|move|p2a: Vocalise|Sing|p1a: Chansey|[miss]\n|-miss|p2a: Vocalise\n|\n|upkeep\n|turn|136\n|\n|t:|1774113861\n|cant|p2a: Vocalise|par\n|move|p1a: Chansey|Thunderbolt|p2a: Vocalise\n|-damage|p2a: Vocalise|47/100 par\n|\n|upkeep\n|turn|137\n|\n|t:|1774113865\n|move|p1a: Chansey|Thunder Wave|p2a: Vocalise\n|-fail|p2a: Vocalise|par\n|move|p2a: Vocalise|Sing|p1a: Chansey|[miss]\n|-miss|p2a: Vocalise\n|\n|upkeep\n|turn|138\n|\n|t:|1774113873\n|cant|p1a: Chansey|par\n|move|p2a: Vocalise|Soft-Boiled|p2a: Vocalise\n|-heal|p2a: Vocalise|97/100 par\n|\n|upkeep\n|turn|139\n|\n|t:|1774113884\n|move|p1a: Chansey|Thunder Wave|p2a: Vocalise\n|-fail|p2a: Vocalise|par\n|move|p2a: Vocalise|Seismic Toss|p1a: Chansey\n|-damage|p1a: Chansey|86/100 par\n|\n|upkeep\n|turn|140\n|\n|t:|1774113891\n|cant|p1a: Chansey|par\n|move|p2a: Vocalise|Seismic Toss|p1a: Chansey\n|-damage|p1a: Chansey|72/100 par\n|\n|upkeep\n|turn|141\n|\n|t:|1774113895\n|move|p2a: Vocalise|Seismic Toss|p1a: Chansey\n|-damage|p1a: Chansey|58/100 par\n|move|p1a: Chansey|Soft-Boiled|p1a: Chansey\n|-heal|p1a: Chansey|100/100 par\n|\n|upkeep\n|turn|142\n|\n|t:|1774113898\n|move|p1a: Chansey|Thunder Wave|p2a: Vocalise\n|-fail|p2a: Vocalise|par\n|cant|p2a: Vocalise|par\n|\n|upkeep\n|turn|143\n|\n|t:|1774113903\n|cant|p2a: Vocalise|par\n|move|p1a: Chansey|Thunder Wave|p2a: Vocalise\n|-fail|p2a: Vocalise|par\n|\n|upkeep\n|turn|144\n|\n|t:|1774113911\n|cant|p1a: Chansey|par\n|move|p2a: Vocalise|Seismic Toss|p1a: Chansey\n|-damage|p1a: Chansey|86/100 par\n|\n|upkeep\n|turn|145\n|\n|t:|1774113916\n|move|p1a: Chansey|Soft-Boiled|p1a: Chansey\n|-heal|p1a: Chansey|100/100 par\n|move|p2a: Vocalise|Seismic Toss|p1a: Chansey\n|-damage|p1a: Chansey|86/100 par\n|\n|upkeep\n|turn|146\n|\n|t:|1774113927\n|move|p1a: Chansey|Thunder Wave|p2a: Vocalise\n|-fail|p2a: Vocalise|par\n|move|p2a: Vocalise|Thunder Wave|p1a: Chansey\n|-fail|p1a: Chansey|par\n|\n|upkeep\n|turn|147\n|\n|t:|1774113932\n|cant|p2a: Vocalise|par\n|move|p1a: Chansey|Thunder Wave|p2a: Vocalise\n|-fail|p2a: Vocalise|par\n|\n|upkeep\n|turn|148\n|\n|t:|1774113936\n|move|p1a: Chansey|Thunder Wave|p2a: Vocalise\n|-fail|p2a: Vocalise|par\n|move|p2a: Vocalise|Thunder Wave|p1a: Chansey\n|-fail|p1a: Chansey|par\n|\n|upkeep\n|turn|149\n|\n|t:|1774113943\n|move|p1a: Chansey|Thunderbolt|p2a: Vocalise\n|-damage|p2a: Vocalise|86/100 par\n|cant|p2a: Vocalise|par\n|\n|upkeep\n|turn|150\n|\n|t:|1774113949\n|move|p1a: Chansey|Thunderbolt|p2a: Vocalise\n|-damage|p2a: Vocalise|75/100 par\n|cant|p2a: Vocalise|par\n|\n|upkeep\n|turn|151\n|\n|t:|1774113954\n|cant|p1a: Chansey|par\n|cant|p2a: Vocalise|par\n|\n|upkeep\n|turn|152\n|\n|t:|1774113958\n|move|p1a: Chansey|Thunder Wave|p2a: Vocalise\n|-fail|p2a: Vocalise|par\n|move|p2a: Vocalise|Thunder Wave|p1a: Chansey\n|-fail|p1a: Chansey|par\n|\n|upkeep\n|turn|153\n|\n|t:|1774113987\n|move|p2a: Vocalise|Thunder Wave|p1a: Chansey\n|-fail|p1a: Chansey|par\n|move|p1a: Chansey|Thunder Wave|p2a: Vocalise\n|-fail|p2a: Vocalise|par\n|\n|upkeep\n|turn|154\n|inactive|Girls See Ghosts has 270 seconds left.\n|\n|t:|1774114013\n|cant|p1a: Chansey|par\n|move|p2a: Vocalise|Thunder Wave|p1a: Chansey\n|-fail|p1a: Chansey|par\n|\n|upkeep\n|turn|155\n|\n|t:|1774114016\n|move|p2a: Vocalise|Thunder Wave|p1a: Chansey\n|-fail|p1a: Chansey|par\n|move|p1a: Chansey|Soft-Boiled|p1a: Chansey\n|-heal|p1a: Chansey|100/100 par\n|\n|upkeep\n|turn|156\n|\n|t:|1774114019\n|move|p2a: Vocalise|Seismic Toss|p1a: Chansey\n|-damage|p1a: Chansey|86/100 par\n|move|p1a: Chansey|Thunder Wave|p2a: Vocalise\n|-fail|p2a: Vocalise|par\n|\n|upkeep\n|turn|157\n|\n|t:|1774114024\n|move|p1a: Chansey|Thunder Wave|p2a: Vocalise\n|-fail|p2a: Vocalise|par\n|move|p2a: Vocalise|Seismic Toss|p1a: Chansey\n|-damage|p1a: Chansey|72/100 par\n|\n|upkeep\n|turn|158\n|\n|t:|1774114030\n|move|p1a: Chansey|Soft-Boiled|p1a: Chansey\n|-heal|p1a: Chansey|100/100 par\n|move|p2a: Vocalise|Thunder Wave|p1a: Chansey\n|-fail|p1a: Chansey|par\n|\n|upkeep\n|turn|159\n|\n|t:|1774114033\n|move|p2a: Vocalise|Seismic Toss|p1a: Chansey\n|-damage|p1a: Chansey|86/100 par\n|move|p1a: Chansey|Thunderbolt|p2a: Vocalise\n|-damage|p2a: Vocalise|65/100 par\n|\n|upkeep\n|turn|160\n|\n|t:|1774114042\n|move|p2a: Vocalise|Thunder Wave|p1a: Chansey\n|-fail|p1a: Chansey|par\n|move|p1a: Chansey|Thunderbolt|p2a: Vocalise\n|-damage|p2a: Vocalise|54/100 par\n|\n|upkeep\n|turn|161\n|\n|t:|1774114045\n|move|p2a: Vocalise|Thunder Wave|p1a: Chansey\n|-fail|p1a: Chansey|par\n|move|p1a: Chansey|Thunder Wave|p2a: Vocalise\n|-fail|p2a: Vocalise|par\n|\n|upkeep\n|turn|162\n|\n|t:|1774114049\n|move|p1a: Chansey|Thunder Wave|p2a: Vocalise\n|-fail|p2a: Vocalise|par\n|cant|p2a: Vocalise|par\n|\n|upkeep\n|turn|163\n|\n|t:|1774114053\n|move|p1a: Chansey|Soft-Boiled|p1a: Chansey\n|-heal|p1a: Chansey|100/100 par\n|move|p2a: Vocalise|Thunder Wave|p1a: Chansey\n|-fail|p1a: Chansey|par\n|\n|upkeep\n|turn|164\n|\n|t:|1774114059\n|cant|p1a: Chansey|par\n|move|p2a: Vocalise|Seismic Toss|p1a: Chansey\n|-damage|p1a: Chansey|86/100 par\n|\n|upkeep\n|turn|165\n|\n|t:|1774114067\n|move|p1a: Chansey|Thunder Wave|p2a: Vocalise\n|-fail|p2a: Vocalise|par\n|cant|p2a: Vocalise|par\n|\n|upkeep\n|turn|166\n|\n|t:|1774114071\n|move|p2a: Vocalise|Soft-Boiled|p2a: Vocalise\n|-heal|p2a: Vocalise|100/100 par\n|move|p1a: Chansey|Soft-Boiled|p1a: Chansey\n|-heal|p1a: Chansey|100/100 par\n|\n|upkeep\n|turn|167\n|\n|t:|1774114073\n|move|p2a: Vocalise|Thunder Wave|p1a: Chansey\n|-fail|p1a: Chansey|par\n|move|p1a: Chansey|Thunder Wave|p2a: Vocalise\n|-fail|p2a: Vocalise|par\n|\n|upkeep\n|turn|168\n|\n|t:|1774114076\n|cant|p1a: Chansey|par\n|move|p2a: Vocalise|Thunder Wave|p1a: Chansey\n|-fail|p1a: Chansey|par\n|\n|upkeep\n|turn|169\n|\n|t:|1774114084\n|move|p2a: Vocalise|Thunder Wave|p1a: Chansey\n|-fail|p1a: Chansey|par\n|move|p1a: Chansey|Thunder Wave|p2a: Vocalise\n|-fail|p2a: Vocalise|par\n|\n|upkeep\n|turn|170\n|\n|t:|1774114091\n|move|p2a: Vocalise|Thunder Wave|p1a: Chansey\n|-fail|p1a: Chansey|par\n|move|p1a: Chansey|Soft-Boiled|p1a: Chansey\n|-fail|p1a: Chansey\n|\n|upkeep\n|turn|171\n|\n|t:|1774114094\n|move|p1a: Chansey|Thunder Wave|p2a: Vocalise\n|-fail|p2a: Vocalise|par\n|move|p2a: Vocalise|Thunder Wave|p1a: Chansey\n|-fail|p1a: Chansey|par\n|\n|upkeep\n|turn|172\n|\n|t:|1774114101\n|move|p2a: Vocalise|Thunder Wave|p1a: Chansey\n|-fail|p1a: Chansey|par\n|cant|p1a: Chansey|par\n|\n|upkeep\n|turn|173\n|\n|t:|1774114108\n|move|p2a: Vocalise|Seismic Toss|p1a: Chansey\n|-damage|p1a: Chansey|86/100 par\n|cant|p1a: Chansey|par\n|\n|upkeep\n|turn|174\n|\n|t:|1774114112\n|cant|p2a: Vocalise|par\n|move|p1a: Chansey|Thunder Wave|p2a: Vocalise\n|-fail|p2a: Vocalise|par\n|\n|upkeep\n|turn|175\n|\n|t:|1774114116\n|move|p2a: Vocalise|Thunder Wave|p1a: Chansey\n|-fail|p1a: Chansey|par\n|move|p1a: Chansey|Thunderbolt|p2a: Vocalise\n|-damage|p2a: Vocalise|91/100 par\n|\n|upkeep\n|turn|176\n|\n|t:|1774114121\n|move|p2a: Vocalise|Soft-Boiled|p2a: Vocalise\n|-heal|p2a: Vocalise|100/100 par\n|move|p1a: Chansey|Thunderbolt|p2a: Vocalise\n|-damage|p2a: Vocalise|90/100 par\n|\n|upkeep\n|turn|177\n|\n|t:|1774114126\n|move|p2a: Vocalise|Thunder Wave|p1a: Chansey\n|-fail|p1a: Chansey|par\n|move|p1a: Chansey|Soft-Boiled|p1a: Chansey\n|-heal|p1a: Chansey|100/100 par\n|\n|upkeep\n|turn|178\n|\n|t:|1774114137\n|move|p1a: Chansey|Thunderbolt|p2a: Vocalise\n|-crit|p2a: Vocalise\n|-damage|p2a: Vocalise|69/100 par\n|move|p2a: Vocalise|Struggle|p1a: Chansey\n|-damage|p1a: Chansey|92/100 par\n|-damage|p2a: Vocalise|65/100 par|[from] Recoil|[of] p1a: Chansey\n|\n|upkeep\n|turn|179\n|\n|t:|1774114153\n|switch|p1a: Starmie|Starmie|83/100\n|move|p2a: Vocalise|Struggle|p1a: Starmie\n|-damage|p1a: Starmie|76/100\n|-damage|p2a: Vocalise|63/100 par|[from] Recoil|[of] p1a: Starmie\n|\n|upkeep\n|turn|180\n|\n|t:|1774114158\n|move|p1a: Starmie|Recover|p1a: Starmie\n|-heal|p1a: Starmie|100/100\n|cant|p2a: Vocalise|par\n|\n|upkeep\n|turn|181\n|\n|t:|1774114167\n|move|p1a: Starmie|Psychic|p2a: Vocalise\n|-crit|p2a: Vocalise\n|-damage|p2a: Vocalise|33/100 par\n|cant|p2a: Vocalise|par\n|\n|upkeep\n|turn|182\n|\n|t:|1774114173\n|move|p1a: Starmie|Psychic|p2a: Vocalise\n|-damage|p2a: Vocalise|18/100 par\n|-unboost|p2a: Vocalise|spa|1\n|-unboost|p2a: Vocalise|spd|1\n|move|p2a: Vocalise|Struggle|p1a: Starmie\n|-damage|p1a: Starmie|93/100\n|-damage|p2a: Vocalise|17/100 par|[from] Recoil|[of] p1a: Starmie\n|\n|upkeep\n|turn|183\n|\n|t:|1774114193\n|move|p1a: Starmie|Psychic|p2a: Vocalise\n|-damage|p2a: Vocalise|0 fnt\n|faint|p2a: Vocalise\n|\n|t:|1774114195\n|switch|p2a: Liebesleid|Cloyster|78/100\n|turn|184\n|\n|t:|1774114202\n|move|p1a: Starmie|Thunder Wave|p2a: Liebesleid\n|-status|p2a: Liebesleid|par\n|move|p2a: Liebesleid|Blizzard|p1a: Starmie|[miss]\n|-miss|p2a: Liebesleid\n|\n|upkeep\n|turn|185\n|\n|t:|1774114207\n|move|p1a: Starmie|Psychic|p2a: Liebesleid\n|-damage|p2a: Liebesleid|41/100 par\n|-unboost|p2a: Liebesleid|spa|1\n|-unboost|p2a: Liebesleid|spd|1\n|move|p2a: Liebesleid|Blizzard|p1a: Starmie\n|-resisted|p1a: Starmie\n|-damage|p1a: Starmie|80/100\n|\n|upkeep\n|turn|186\n|\n|t:|1774114213\n|move|p1a: Starmie|Psychic|p2a: Liebesleid\n|-damage|p2a: Liebesleid|0 fnt\n|faint|p2a: Liebesleid\n|\n|win|Girls See Ghosts\n|c|☆Girls See Ghosts|gg\n|c|☆BeeOrSomething|gg\n|player|p2|\n","uploadtime":1774114213,"views":"1242","formatid":"gen1ou","rating":null,"private":0,"password":null}