{"id":"smogtours-gen1ou-946124","format":"[Gen 1] OU","players":["SceptGilgeousPrinz","justamente"],"log":"|inactive|Battle timer is ON: inactive players will automatically lose when time's up.\n|t:|1781375459\n|gametype|singles\n|player|p1|SceptGilgeousPrinz|lucas-gen4pt|\n|player|p2|justamente|zinnia|\n|gen|1\n|tier|[Gen 1] OU\n|rule|Desync Clause Mod: Desyncs changed to move failure.\n|rule|HP Percentage Mod: HP is shown in percentages\n|rule|Endless Battle Clause: Forcing endless battles is banned\n|rule|Sleep Clause Mod: Limit one foe put to sleep\n|rule|Freeze Clause Mod: Limit one foe frozen\n|rule|Species Clause: Limit one of each Pokémon\n|rule|OHKO Clause: OHKO moves are banned\n|rule|Evasion Moves Clause: Evasion moves are banned\n|\n|t:|1781375459\n|teamsize|p1|6\n|teamsize|p2|6\n|start\n|switch|p1a: Suki|Jynx|100/100\n|switch|p2a: Starmie|Starmie|100/100\n|turn|1\n|inactive|justamente also wants the timer to be on.\n|inactive|SceptGilgeousPrinz also wants the timer to be on.\n|c|☆justamente|hf\n|c|☆SceptGilgeousPrinz|hf\n|\n|t:|1781375476\n|move|p2a: Starmie|Thunder Wave|p1a: Suki|[miss]\n|-miss|p2a: Starmie\n|-hint|In Gen 1, moves with 100% accuracy can still miss 1/256 of the time.\n|move|p1a: Suki|Lovely Kiss|p2a: Starmie\n|-status|p2a: Starmie|slp|[from] move: Lovely Kiss\n|\n|upkeep\n|turn|2\n|\n|t:|1781375481\n|switch|p2a: Chansey|Chansey|100/100\n|move|p1a: Suki|Blizzard|p2a: Chansey\n|-damage|p2a: Chansey|81/100\n|\n|upkeep\n|turn|3\n|\n|t:|1781375484\n|move|p1a: Suki|Blizzard|p2a: Chansey|[miss]\n|-miss|p1a: Suki\n|move|p2a: Chansey|Thunder Wave|p1a: Suki\n|-status|p1a: Suki|par\n|\n|upkeep\n|turn|4\n|\n|t:|1781375486\n|move|p2a: Chansey|Thunderbolt|p1a: Suki\n|-damage|p1a: Suki|76/100 par\n|cant|p1a: Suki|par\n|\n|upkeep\n|turn|5\n|\n|t:|1781375491\n|move|p2a: Chansey|Thunderbolt|p1a: Suki\n|-damage|p1a: Suki|51/100 par\n|move|p1a: Suki|Blizzard|p2a: Chansey\n|-damage|p2a: Chansey|61/100\n|\n|upkeep\n|turn|6\n|\n|t:|1781375496\n|move|p2a: Chansey|Soft-Boiled|p2a: Chansey\n|-heal|p2a: Chansey|100/100\n|move|p1a: Suki|Blizzard|p2a: Chansey\n|-damage|p2a: Chansey|81/100\n|\n|upkeep\n|turn|7\n|\n|t:|1781375501\n|switch|p1a: Toph|Exeggutor|100/100\n|move|p2a: Chansey|Thunderbolt|p1a: Toph\n|-resisted|p1a: Toph\n|-damage|p1a: Toph|93/100\n|\n|upkeep\n|turn|8\n|\n|t:|1781375504\n|move|p1a: Toph|Stun Spore|p2a: Chansey\n|-status|p2a: Chansey|par\n|move|p2a: Chansey|Thunder Wave|p1a: Toph\n|-status|p1a: Toph|par\n|\n|upkeep\n|turn|9\n|\n|t:|1781375507\n|move|p1a: Toph|Psychic|p2a: Chansey\n|-damage|p2a: Chansey|63/100 par\n|-unboost|p2a: Chansey|spa|1\n|-unboost|p2a: Chansey|spd|1\n|move|p2a: Chansey|Soft-Boiled|p2a: Chansey\n|-heal|p2a: Chansey|100/100 par\n|\n|upkeep\n|turn|10\n|\n|t:|1781375509\n|switch|p2a: Starmie|Starmie|100/100 slp\n|move|p1a: Toph|Psychic|p2a: Starmie\n|-resisted|p2a: Starmie\n|-damage|p2a: Starmie|82/100 slp\n|-unboost|p2a: Starmie|spa|1\n|-unboost|p2a: Starmie|spd|1\n|\n|upkeep\n|turn|11\n|\n|t:|1781375512\n|switch|p2a: Chansey|Chansey|100/100 par\n|move|p1a: Toph|Psychic|p2a: Chansey\n|-damage|p2a: Chansey|84/100 par\n|\n|upkeep\n|turn|12\n|\n|t:|1781375517\n|cant|p1a: Toph|par\n|move|p2a: Chansey|Ice Beam|p1a: Toph\n|-supereffective|p1a: Toph\n|-damage|p1a: Toph|59/100 par\n|\n|upkeep\n|turn|13\n|\n|t:|1781375521\n|move|p1a: Toph|Psychic|p2a: Chansey\n|-damage|p2a: Chansey|66/100 par\n|move|p2a: Chansey|Ice Beam|p1a: Toph\n|-supereffective|p1a: Toph\n|-damage|p1a: Toph|26/100 par\n|\n|upkeep\n|turn|14\n|\n|t:|1781375524\n|move|p1a: Toph|Psychic|p2a: Chansey\n|-damage|p2a: Chansey|50/100 par\n|-unboost|p2a: Chansey|spa|1\n|-unboost|p2a: Chansey|spd|1\n|move|p2a: Chansey|Soft-Boiled|p2a: Chansey\n|-heal|p2a: Chansey|99/100 par\n|\n|upkeep\n|turn|15\n|\n|t:|1781375528\n|switch|p2a: Starmie|Starmie|82/100 slp\n|cant|p1a: Toph|par\n|\n|upkeep\n|turn|16\n|\n|t:|1781375530\n|cant|p2a: Starmie|slp\n|move|p1a: Toph|Psychic|p2a: Starmie\n|-resisted|p2a: Starmie\n|-damage|p2a: Starmie|62/100 slp\n|\n|upkeep\n|turn|17\n|\n|t:|1781375534\n|cant|p2a: Starmie|slp\n|move|p1a: Toph|Psychic|p2a: Starmie\n|-resisted|p2a: Starmie\n|-damage|p2a: Starmie|45/100 slp\n|\n|upkeep\n|turn|18\n|\n|t:|1781375538\n|switch|p2a: Chansey|Chansey|99/100 par\n|move|p1a: Toph|Psychic|p2a: Chansey\n|-damage|p2a: Chansey|84/100 par\n|-unboost|p2a: Chansey|spa|1\n|-unboost|p2a: Chansey|spd|1\n|\n|upkeep\n|turn|19\n|\n|t:|1781375540\n|switch|p2a: Starmie|Starmie|45/100 slp\n|move|p1a: Toph|Explosion|p2a: Starmie\n|-damage|p2a: Starmie|0 fnt\n|faint|p2a: Starmie\n|faint|p1a: Toph\n|\n|t:|1781375550\n|switch|p2a: Snorlax|Snorlax|100/100\n|switch|p1a: Iroh|Snorlax|100/100\n|turn|20\n|\n|t:|1781375555\n|switch|p1a: Zuko|Cloyster|100/100\n|move|p2a: Snorlax|Reflect|p2a: Snorlax\n|-start|p2a: Snorlax|Reflect\n|\n|upkeep\n|turn|21\n|\n|t:|1781375559\n|move|p1a: Zuko|Blizzard|p2a: Snorlax\n|-damage|p2a: Snorlax|70/100\n|-status|p2a: Snorlax|frz\n|cant|p2a: Snorlax|frz\n|\n|upkeep\n|turn|22\n|\n|t:|1781375562\n|switch|p2a: Chansey|Chansey|84/100 par\n|move|p1a: Zuko|Clamp|p2a: Chansey\n|-damage|p2a: Chansey|79/100 par\n|\n|upkeep\n|turn|23\n|\n|t:|1781375565\n|switch|p1a: Iroh|Snorlax|100/100\n|switch|p2a: Exeggutor|Exeggutor|100/100\n|\n|upkeep\n|turn|24\n|\n|t:|1781375569\n|switch|p1a: Suki|Jynx|51/100 par\n|move|p2a: Exeggutor|Psychic|p1a: Suki\n|-resisted|p1a: Suki\n|-damage|p1a: Suki|31/100 par\n|\n|upkeep\n|turn|25\n|\n|t:|1781375576\n|move|p2a: Exeggutor|Psychic|p1a: Suki\n|-crit|p1a: Suki\n|-resisted|p1a: Suki\n|-damage|p1a: Suki|0 fnt\n|faint|p1a: Suki\n|\n|t:|1781375579\n|switch|p1a: Zuko|Cloyster|100/100\n|turn|26\n|\n|t:|1781375582\n|move|p1a: Zuko|Blizzard|p2a: Exeggutor\n|-crit|p2a: Exeggutor\n|-supereffective|p2a: Exeggutor\n|-damage|p2a: Exeggutor|0 fnt\n|faint|p2a: Exeggutor\n|\n|t:|1781375591\n|switch|p2a: Chansey|Chansey|79/100 par\n|turn|27\n|\n|t:|1781375595\n|move|p1a: Zuko|Clamp|p2a: Chansey|[miss]\n|-miss|p1a: Zuko\n|cant|p2a: Chansey|par\n|\n|upkeep\n|turn|28\n|\n|t:|1781375598\n|move|p1a: Zuko|Clamp|p2a: Chansey\n|-damage|p2a: Chansey|74/100 par\n|cant|p2a: Chansey|partiallytrapped\n|\n|upkeep\n|turn|29\n|\n|t:|1781375600\n|switch|p1a: Iroh|Snorlax|100/100\n|switch|p2a: Snorlax|Snorlax|70/100 frz\n|\n|upkeep\n|turn|30\n|\n|t:|1781375603\n|switch|p2a: Rhydon|Rhydon|100/100\n|move|p1a: Iroh|Body Slam|p2a: Rhydon\n|-resisted|p2a: Rhydon\n|-damage|p2a: Rhydon|90/100\n|-status|p2a: Rhydon|par\n|\n|upkeep\n|turn|31\n|\n|t:|1781375608\n|move|p1a: Iroh|Earthquake|p2a: Rhydon\n|-supereffective|p2a: Rhydon\n|-damage|p2a: Rhydon|51/100 par\n|move|p2a: Rhydon|Rock Slide|p1a: Iroh\n|-damage|p1a: Iroh|74/100\n|\n|upkeep\n|turn|32\n|\n|t:|1781375617\n|move|p1a: Iroh|Earthquake|p2a: Rhydon\n|-supereffective|p2a: Rhydon\n|-damage|p2a: Rhydon|12/100 par\n|move|p2a: Rhydon|Earthquake|p1a: Iroh\n|-damage|p1a: Iroh|39/100\n|\n|upkeep\n|turn|33\n|\n|t:|1781375620\n|move|p1a: Iroh|Earthquake|p2a: Rhydon\n|-supereffective|p2a: Rhydon\n|-damage|p2a: Rhydon|0 fnt\n|faint|p2a: Rhydon\n|\n|t:|1781375622\n|switch|p2a: Tauros|Tauros|100/100\n|turn|34\n|\n|t:|1781375625\n|switch|p1a: Zuko|Cloyster|100/100\n|move|p2a: Tauros|Hyper Beam|p1a: Zuko\n|-crit|p1a: Zuko\n|-damage|p1a: Zuko|25/100\n|-mustrecharge|p2a: Tauros\n|\n|upkeep\n|turn|35\n|\n|t:|1781375628\n|cant|p2a: Tauros|recharge\n|move|p1a: Zuko|Explosion|p2a: Tauros\n|-damage|p2a: Tauros|29/100\n|faint|p1a: Zuko\n|\n|t:|1781375632\n|switch|p1a: Aang|Tauros|100/100\n|turn|36\n|\n|t:|1781375635\n|switch|p2a: Snorlax|Snorlax|70/100 frz\n|move|p1a: Aang|Body Slam|p2a: Snorlax\n|-damage|p2a: Snorlax|44/100 frz\n|\n|upkeep\n|turn|37\n|\n|t:|1781375638\n|move|p1a: Aang|Body Slam|p2a: Snorlax\n|-damage|p2a: Snorlax|20/100 frz\n|cant|p2a: Snorlax|frz\n|\n|upkeep\n|turn|38\n|\n|t:|1781375641\n|move|p1a: Aang|Body Slam|p2a: Snorlax\n|-damage|p2a: Snorlax|0 fnt\n|faint|p2a: Snorlax\n|\n|t:|1781375648\n|switch|p2a: Chansey|Chansey|74/100 par\n|turn|39\n|\n|t:|1781375650\n|move|p1a: Aang|Hyper Beam|p2a: Chansey\n|-damage|p2a: Chansey|11/100 par\n|-mustrecharge|p1a: Aang\n|cant|p2a: Chansey|par\n|\n|upkeep\n|turn|40\n|\n|t:|1781375654\n|cant|p1a: Aang|recharge\n|cant|p2a: Chansey|par\n|\n|upkeep\n|turn|41\n|\n|t:|1781375657\n|move|p1a: Aang|Body Slam|p2a: Chansey\n|-damage|p2a: Chansey|0 fnt\n|faint|p2a: Chansey\n|\n|t:|1781375659\n|switch|p2a: Tauros|Tauros|29/100\n|turn|42\n|\n|t:|1781375661\n|switch|p1a: Iroh|Snorlax|39/100\n|move|p2a: Tauros|Hyper Beam|p1a: Iroh\n|-damage|p1a: Iroh|0 fnt\n|faint|p1a: Iroh\n|\n|t:|1781375664\n|switch|p1a: Sokka|Starmie|100/100\n|turn|43\n|\n|t:|1781375666\n|move|p1a: Sokka|Surf|p2a: Tauros\n|-crit|p2a: Tauros\n|-damage|p2a: Tauros|0 fnt\n|faint|p2a: Tauros\n|\n|win|SceptGilgeousPrinz\n|player|p2|\n|c|☆SceptGilgeousPrinz|/log SceptGilgeousPrinz made the replay of this battle unlisted.\n","uploadtime":1781375666,"views":"87","formatid":"gen1ou","rating":null,"private":2,"password":null}