{"id":"smogtours-gen1ou-947680","format":"[Gen 1] OU","players":["Acetylaldehyde","yimb"],"log":"|inactive|Battle timer is ON: inactive players will automatically lose when time's up.\n|t:|1781748024\n|gametype|singles\n|player|p1|Acetylaldehyde|scientist-gen1rb|\n|player|p2|yimb|doctor|\n|gen|1\n|tier|[Gen 1] OU\n|rule|Desync Clause Mod: Desyncs changed to move failure.\n|rule|HP Percentage Mod: HP is shown in percentages\n|rule|Endless Battle Clause: Forcing endless battles is banned\n|rule|Sleep Clause Mod: Limit one foe put to sleep\n|rule|Freeze Clause Mod: Limit one foe frozen\n|rule|Species Clause: Limit one of each Pokémon\n|rule|OHKO Clause: OHKO moves are banned\n|rule|Evasion Moves Clause: Evasion moves are banned\n|\n|t:|1781748024\n|teamsize|p1|6\n|teamsize|p2|6\n|start\n|switch|p1a: Starmie|Starmie|100/100\n|switch|p2a: Jynx|Jynx|100/100\n|turn|1\n|inactive|Acetylaldehyde also wants the timer to be on.\n|c|☆Acetylaldehyde|glhf\n|c|☆yimb|glhf\n|\n|t:|1781748053\n|move|p1a: Starmie|Thunder Wave|p2a: Jynx\n|-status|p2a: Jynx|par\n|cant|p2a: Jynx|par\n|\n|upkeep\n|turn|2\n|\n|t:|1781748077\n|move|p1a: Starmie|Psychic|p2a: Jynx\n|-resisted|p2a: Jynx\n|-damage|p2a: Jynx|84/100 par\n|move|p2a: Jynx|Lovely Kiss|p1a: Starmie\n|-status|p1a: Starmie|slp|[from] move: Lovely Kiss\n|\n|upkeep\n|turn|3\n|\n|t:|1781748091\n|cant|p1a: Starmie|slp\n|move|p2a: Jynx|Psychic|p1a: Starmie\n|-resisted|p1a: Starmie\n|-damage|p1a: Starmie|84/100 slp\n|\n|upkeep\n|turn|4\n|\n|t:|1781748097\n|switch|p1a: Chansey|Chansey|100/100\n|cant|p2a: Jynx|par\n|\n|upkeep\n|turn|5\n|\n|t:|1781748104\n|move|p1a: Chansey|Seismic Toss|p2a: Jynx\n|-damage|p2a: Jynx|54/100 par\n|move|p2a: Jynx|Blizzard|p1a: Chansey\n|-damage|p1a: Chansey|82/100\n|\n|upkeep\n|turn|6\n|\n|t:|1781748115\n|switch|p2a: Chansey|Chansey|100/100\n|move|p1a: Chansey|Seismic Toss|p2a: Chansey\n|-damage|p2a: Chansey|86/100\n|\n|upkeep\n|turn|7\n|\n|t:|1781748120\n|move|p1a: Chansey|Sing|p2a: Chansey\n|-status|p2a: Chansey|slp|[from] move: Sing\n|cant|p2a: Chansey|slp\n|\n|upkeep\n|turn|8\n|\n|t:|1781748125\n|switch|p1a: Snorlax|Snorlax|100/100\n|cant|p2a: Chansey|slp\n|\n|upkeep\n|turn|9\n|\n|t:|1781748131\n|switch|p2a: Snorlax|Snorlax|100/100\n|move|p1a: Snorlax|Body Slam|p2a: Snorlax\n|-damage|p2a: Snorlax|75/100\n|\n|upkeep\n|turn|10\n|\n|t:|1781748137\n|move|p2a: Snorlax|Reflect|p2a: Snorlax\n|-start|p2a: Snorlax|Reflect\n|move|p1a: Snorlax|Body Slam|p2a: Snorlax\n|-damage|p2a: Snorlax|61/100\n|\n|upkeep\n|turn|11\n|\n|t:|1781748147\n|move|p2a: Snorlax|Ice Beam|p1a: Snorlax\n|-damage|p1a: Snorlax|87/100\n|move|p1a: Snorlax|Reflect|p1a: Snorlax\n|-start|p1a: Snorlax|Reflect\n|\n|upkeep\n|turn|12\n|\n|t:|1781748153\n|switch|p1a: Chansey|Chansey|82/100\n|move|p2a: Snorlax|Ice Beam|p1a: Chansey\n|-damage|p1a: Chansey|75/100\n|\n|upkeep\n|turn|13\n|\n|t:|1781748158\n|move|p1a: Chansey|Thunder Wave|p2a: Snorlax\n|-status|p2a: Snorlax|par\n|move|p2a: Snorlax|Body Slam|p1a: Chansey\n|-crit|p1a: Chansey\n|-damage|p1a: Chansey|0 fnt\n|faint|p1a: Chansey\n|\n|t:|1781748168\n|switch|p1a: Exeggutor|Exeggutor|100/100\n|turn|14\n|\n|t:|1781748171\n|switch|p2a: Jynx|Jynx|54/100 par\n|move|p1a: Exeggutor|Psychic|p2a: Jynx\n|-resisted|p2a: Jynx\n|-damage|p2a: Jynx|36/100 par\n|\n|upkeep\n|turn|15\n|\n|t:|1781748184\n|switch|p1a: Snorlax|Snorlax|87/100\n|move|p2a: Jynx|Blizzard|p1a: Snorlax\n|-damage|p1a: Snorlax|52/100\n|\n|upkeep\n|turn|16\n|\n|t:|1781748196\n|switch|p2a: Starmie|Starmie|100/100\n|move|p1a: Snorlax|Body Slam|p2a: Starmie\n|-damage|p2a: Starmie|61/100\n|\n|upkeep\n|turn|17\n|\n|t:|1781748204\n|move|p2a: Starmie|Thunder Wave|p1a: Snorlax\n|-status|p1a: Snorlax|par\n|move|p1a: Snorlax|Body Slam|p2a: Starmie\n|-damage|p2a: Starmie|26/100\n|\n|upkeep\n|turn|18\n|\n|t:|1781748217\n|move|p2a: Starmie|Recover|p2a: Starmie\n|-heal|p2a: Starmie|75/100\n|move|p1a: Snorlax|Body Slam|p2a: Starmie\n|-damage|p2a: Starmie|41/100\n|-status|p2a: Starmie|par\n|\n|upkeep\n|turn|19\n|\n|t:|1781748232\n|move|p2a: Starmie|Recover|p2a: Starmie\n|-heal|p2a: Starmie|91/100 par\n|move|p1a: Snorlax|Rest|p1a: Snorlax\n|-status|p1a: Snorlax|slp|[from] move: Rest\n|-heal|p1a: Snorlax|100/100 slp|[silent]\n|\n|upkeep\n|turn|20\n|\n|t:|1781748238\n|move|p2a: Starmie|Psychic|p1a: Snorlax\n|-damage|p1a: Snorlax|75/100 slp\n|cant|p1a: Snorlax|slp\n|\n|upkeep\n|turn|21\n|\n|t:|1781748246\n|move|p2a: Starmie|Psychic|p1a: Snorlax\n|-crit|p1a: Snorlax\n|-damage|p1a: Snorlax|26/100 slp\n|-curestatus|p1a: Snorlax|slp|[msg]\n|\n|upkeep\n|turn|22\n|\n|t:|1781748255\n|cant|p2a: Starmie|par\n|move|p1a: Snorlax|Rest|p1a: Snorlax\n|-status|p1a: Snorlax|slp|[from] move: Rest\n|-heal|p1a: Snorlax|100/100 slp|[silent]\n|\n|upkeep\n|turn|23\n|\n|t:|1781748261\n|cant|p2a: Starmie|par\n|cant|p1a: Snorlax|slp\n|\n|upkeep\n|turn|24\n|\n|t:|1781748265\n|move|p2a: Starmie|Psychic|p1a: Snorlax\n|-crit|p1a: Snorlax\n|-damage|p1a: Snorlax|49/100 slp\n|-unboost|p1a: Snorlax|spa|1\n|-unboost|p1a: Snorlax|spd|1\n|-curestatus|p1a: Snorlax|slp|[msg]\n|\n|upkeep\n|turn|25\n|\n|t:|1781748271\n|switch|p1a: Starmie|Starmie|84/100 slp\n|cant|p2a: Starmie|par\n|\n|upkeep\n|turn|26\n|\n|t:|1781748283\n|switch|p1a: Snorlax|Snorlax|49/100\n|switch|p2a: Zapdos|Zapdos|100/100\n|\n|upkeep\n|turn|27\n|\n|t:|1781748298\n|switch|p1a: Rhydon|Rhydon|100/100\n|move|p2a: Zapdos|Thunderbolt|p1a: Rhydon\n|-immune|p1a: Rhydon\n|\n|upkeep\n|turn|28\n|\n|t:|1781748312\n|switch|p2a: Jynx|Jynx|36/100 par\n|move|p1a: Rhydon|Earthquake|p2a: Jynx\n|-damage|p2a: Jynx|0 fnt\n|faint|p2a: Jynx\n|\n|t:|1781748317\n|switch|p2a: Starmie|Starmie|91/100 par\n|turn|29\n|\n|t:|1781748322\n|switch|p1a: Starmie|Starmie|84/100 slp\n|move|p2a: Starmie|Surf|p1a: Starmie\n|-crit|p1a: Starmie\n|-resisted|p1a: Starmie\n|-damage|p1a: Starmie|49/100 slp\n|\n|upkeep\n|turn|30\n|\n|t:|1781748331\n|switch|p1a: Exeggutor|Exeggutor|100/100\n|switch|p2a: Tauros|Tauros|100/100\n|\n|upkeep\n|turn|31\n|\n|t:|1781748337\n|switch|p2a: Starmie|Starmie|91/100 par\n|move|p1a: Exeggutor|Psychic|p2a: Starmie\n|-resisted|p2a: Starmie\n|-damage|p2a: Starmie|71/100 par\n|\n|upkeep\n|turn|32\n|\n|t:|1781748344\n|move|p1a: Exeggutor|Psychic|p2a: Starmie\n|-resisted|p2a: Starmie\n|-damage|p2a: Starmie|51/100 par\n|-unboost|p2a: Starmie|spa|1\n|-unboost|p2a: Starmie|spd|1\n|move|p2a: Starmie|Psychic|p1a: Exeggutor\n|-resisted|p1a: Exeggutor\n|-damage|p1a: Exeggutor|93/100\n|-unboost|p1a: Exeggutor|spa|1\n|-unboost|p1a: Exeggutor|spd|1\n|\n|upkeep\n|turn|33\n|\n|t:|1781748353\n|move|p1a: Exeggutor|Psychic|p2a: Starmie\n|-resisted|p2a: Starmie\n|-damage|p2a: Starmie|33/100 par\n|cant|p2a: Starmie|par\n|\n|upkeep\n|turn|34\n|\n|t:|1781748358\n|switch|p1a: Snorlax|Snorlax|49/100\n|move|p2a: Starmie|Recover|p2a: Starmie\n|-heal|p2a: Starmie|83/100 par\n|\n|upkeep\n|turn|35\n|\n|t:|1781748363\n|move|p1a: Snorlax|Body Slam|p2a: Starmie\n|-damage|p2a: Starmie|47/100 par\n|move|p2a: Starmie|Thunder Wave|p1a: Snorlax\n|-status|p1a: Snorlax|par\n|\n|upkeep\n|turn|36\n|\n|t:|1781748369\n|cant|p1a: Snorlax|par\n|move|p2a: Starmie|Recover|p2a: Starmie\n|-heal|p2a: Starmie|96/100 par\n|\n|upkeep\n|turn|37\n|\n|t:|1781748377\n|switch|p2a: Snorlax|Snorlax|61/100 par\n|move|p1a: Snorlax|Body Slam|p2a: Snorlax\n|-damage|p2a: Snorlax|37/100 par\n|\n|upkeep\n|turn|38\n|\n|t:|1781748384\n|switch|p1a: Exeggutor|Exeggutor|93/100\n|move|p2a: Snorlax|Rest|p2a: Snorlax\n|-status|p2a: Snorlax|slp|[from] move: Rest\n|-heal|p2a: Snorlax|100/100 slp|[silent]\n|\n|upkeep\n|turn|39\n|\n|t:|1781748390\n|switch|p2a: Starmie|Starmie|96/100 par\n|move|p1a: Exeggutor|Psychic|p2a: Starmie\n|-crit|p2a: Starmie\n|-resisted|p2a: Starmie\n|-damage|p2a: Starmie|60/100 par\n|-unboost|p2a: Starmie|spa|1\n|-unboost|p2a: Starmie|spd|1\n|\n|upkeep\n|turn|40\n|\n|t:|1781748399\n|switch|p1a: Snorlax|Snorlax|49/100 par\n|cant|p2a: Starmie|par\n|\n|upkeep\n|turn|41\n|\n|t:|1781748412\n|cant|p1a: Snorlax|par\n|move|p2a: Starmie|Recover|p2a: Starmie\n|-heal|p2a: Starmie|100/100 par\n|\n|upkeep\n|turn|42\n|\n|t:|1781748416\n|switch|p2a: Snorlax|Snorlax|100/100 slp\n|move|p1a: Snorlax|Self-Destruct|p2a: Snorlax\n|-damage|p2a: Snorlax|18/100 slp\n|faint|p1a: Snorlax\n|\n|t:|1781748424\n|switch|p1a: Rhydon|Rhydon|100/100\n|turn|43\n|\n|t:|1781748442\n|move|p1a: Rhydon|Substitute|p1a: Rhydon\n|-start|p1a: Rhydon|Substitute\n|-damage|p1a: Rhydon|76/100\n|cant|p2a: Snorlax|slp\n|\n|upkeep\n|turn|44\n|\n|t:|1781748450\n|move|p1a: Rhydon|Earthquake|p2a: Snorlax\n|-damage|p2a: Snorlax|0 fnt\n|faint|p2a: Snorlax\n|\n|t:|1781748458\n|switch|p2a: Tauros|Tauros|100/100\n|turn|45\n|\n|t:|1781748462\n|move|p2a: Tauros|Blizzard|p1a: Rhydon\n|-supereffective|p1a: Rhydon\n|-end|p1a: Rhydon|Substitute\n|move|p1a: Rhydon|Earthquake|p2a: Tauros\n|-damage|p2a: Tauros|59/100\n|\n|upkeep\n|turn|46\n|\n|t:|1781748468\n|switch|p1a: Starmie|Starmie|49/100 slp\n|move|p2a: Tauros|Blizzard|p1a: Starmie\n|-resisted|p1a: Starmie\n|-damage|p1a: Starmie|37/100 slp\n|\n|upkeep\n|turn|47\n|\n|t:|1781748476\n|switch|p2a: Starmie|Starmie|100/100 par\n|cant|p1a: Starmie|slp\n|\n|upkeep\n|turn|48\n|\n|t:|1781748482\n|-curestatus|p1a: Starmie|slp|[msg]\n|move|p2a: Starmie|Psychic|p1a: Starmie\n|-resisted|p1a: Starmie\n|-damage|p1a: Starmie|21/100\n|-unboost|p1a: Starmie|spa|1\n|-unboost|p1a: Starmie|spd|1\n|\n|upkeep\n|turn|49\n|\n|t:|1781748489\n|move|p1a: Starmie|Recover|p1a: Starmie\n|-heal|p1a: Starmie|70/100\n|cant|p2a: Starmie|par\n|\n|upkeep\n|turn|50\n|\n|t:|1781748504\n|switch|p1a: Exeggutor|Exeggutor|93/100\n|move|p2a: Starmie|Thunder Wave|p1a: Exeggutor\n|-status|p1a: Exeggutor|par\n|\n|upkeep\n|turn|51\n|\n|t:|1781748516\n|move|p2a: Starmie|Psychic|p1a: Exeggutor\n|-resisted|p1a: Exeggutor\n|-damage|p1a: Exeggutor|82/100 par\n|cant|p1a: Exeggutor|par\n|\n|upkeep\n|turn|52\n|\n|t:|1781748521\n|switch|p2a: Chansey|Chansey|86/100 slp\n|move|p1a: Exeggutor|Psychic|p2a: Chansey\n|-damage|p2a: Chansey|68/100 slp\n|\n|upkeep\n|turn|53\n|\n|t:|1781748549\n|switch|p2a: Starmie|Starmie|100/100 par\n|switch|p1a: Tauros|Tauros|100/100\n|\n|upkeep\n|turn|54\n|\n|t:|1781748557\n|switch|p1a: Exeggutor|Exeggutor|82/100 par\n|move|p2a: Starmie|Thunder Wave|p1a: Exeggutor\n|-fail|p1a: Exeggutor|par\n|\n|upkeep\n|turn|55\n|\n|t:|1781748563\n|move|p2a: Starmie|Psychic|p1a: Exeggutor\n|-crit|p1a: Exeggutor\n|-resisted|p1a: Exeggutor\n|-damage|p1a: Exeggutor|61/100 par\n|move|p1a: Exeggutor|Psychic|p2a: Starmie\n|-resisted|p2a: Starmie\n|-damage|p2a: Starmie|80/100 par\n|\n|upkeep\n|turn|56\n|\n|t:|1781748569\n|cant|p2a: Starmie|par\n|move|p1a: Exeggutor|Psychic|p2a: Starmie\n|-resisted|p2a: Starmie\n|-damage|p2a: Starmie|62/100 par\n|\n|upkeep\n|turn|57\n|\n|t:|1781748577\n|move|p2a: Starmie|Psychic|p1a: Exeggutor\n|-resisted|p1a: Exeggutor\n|-damage|p1a: Exeggutor|50/100 par\n|move|p1a: Exeggutor|Psychic|p2a: Starmie\n|-resisted|p2a: Starmie\n|-damage|p2a: Starmie|44/100 par\n|\n|upkeep\n|turn|58\n|\n|t:|1781748583\n|cant|p2a: Starmie|par\n|move|p1a: Exeggutor|Rest|p1a: Exeggutor\n|-status|p1a: Exeggutor|slp|[from] move: Rest\n|-heal|p1a: Exeggutor|100/100 slp|[silent]\n|\n|upkeep\n|turn|59\n|\n|t:|1781748590\n|switch|p2a: Tauros|Tauros|59/100\n|cant|p1a: Exeggutor|slp\n|\n|upkeep\n|turn|60\n|\n|t:|1781748595\n|move|p2a: Tauros|Body Slam|p1a: Exeggutor\n|-damage|p1a: Exeggutor|74/100 slp\n|-curestatus|p1a: Exeggutor|slp|[msg]\n|\n|upkeep\n|turn|61\n|\n|t:|1781748604\n|switch|p2a: Starmie|Starmie|44/100 par\n|move|p1a: Exeggutor|Psychic|p2a: Starmie\n|-crit|p2a: Starmie\n|-resisted|p2a: Starmie\n|-damage|p2a: Starmie|5/100 par\n|-unboost|p2a: Starmie|spa|1\n|-unboost|p2a: Starmie|spd|1\n|\n|upkeep\n|turn|62\n|\n|t:|1781748611\n|move|p1a: Exeggutor|Psychic|p2a: Starmie\n|-resisted|p2a: Starmie\n|-damage|p2a: Starmie|0 fnt\n|faint|p2a: Starmie\n|\n|t:|1781748614\n|switch|p2a: Chansey|Chansey|68/100 slp\n|turn|63\n|\n|t:|1781748619\n|cant|p2a: Chansey|slp\n|move|p1a: Exeggutor|Psychic|p2a: Chansey\n|-damage|p2a: Chansey|53/100 slp\n|-unboost|p2a: Chansey|spa|1\n|-unboost|p2a: Chansey|spd|1\n|\n|upkeep\n|turn|64\n|\n|t:|1781748625\n|-curestatus|p2a: Chansey|slp|[msg]\n|move|p1a: Exeggutor|Psychic|p2a: Chansey\n|-damage|p2a: Chansey|26/100\n|-unboost|p2a: Chansey|spa|1\n|-unboost|p2a: Chansey|spd|1\n|\n|upkeep\n|turn|65\n|c|☆yimb|gg\n|\n|t:|1781748646\n|move|p2a: Chansey|Thunder Wave|p1a: Exeggutor\n|-status|p1a: Exeggutor|par\n|move|p1a: Exeggutor|Psychic|p2a: Chansey\n|-damage|p2a: Chansey|0 fnt\n|faint|p2a: Chansey\n|\n|t:|1781748652\n|switch|p2a: Tauros|Tauros|59/100\n|turn|66\n|\n|t:|1781748662\n|move|p2a: Tauros|Blizzard|p1a: Exeggutor\n|-supereffective|p1a: Exeggutor\n|-damage|p1a: Exeggutor|44/100 par\n|move|p1a: Exeggutor|Psychic|p2a: Tauros\n|-damage|p2a: Tauros|16/100\n|-unboost|p2a: Tauros|spa|1\n|-unboost|p2a: Tauros|spd|1\n|\n|upkeep\n|turn|67\n|\n|t:|1781748670\n|move|p2a: Tauros|Hyper Beam|p1a: Exeggutor\n|-damage|p1a: Exeggutor|0 fnt\n|faint|p1a: Exeggutor\n|\n|t:|1781748677\n|switch|p1a: Tauros|Tauros|100/100\n|turn|68\n|\n|t:|1781748680\n|move|p2a: Tauros|Blizzard|p1a: Tauros\n|-crit|p1a: Tauros\n|-damage|p1a: Tauros|51/100\n|move|p1a: Tauros|Body Slam|p2a: Tauros\n|-damage|p2a: Tauros|0 fnt\n|faint|p2a: Tauros\n|\n|t:|1781748684\n|switch|p2a: Zapdos|Zapdos|100/100\n|turn|69\n|\n|t:|1781748690\n|move|p1a: Tauros|Hyper Beam|p2a: Zapdos\n|-damage|p2a: Zapdos|47/100\n|-mustrecharge|p1a: Tauros\n|move|p2a: Zapdos|Drill Peck|p1a: Tauros\n|-damage|p1a: Tauros|27/100\n|\n|upkeep\n|turn|70\n|\n|t:|1781748696\n|cant|p1a: Tauros|recharge\n|move|p2a: Zapdos|Drill Peck|p1a: Tauros\n|-damage|p1a: Tauros|0 fnt\n|faint|p1a: Tauros\n|\n|t:|1781748700\n|switch|p1a: Rhydon|Rhydon|76/100\n|turn|71\n|\n|t:|1781748704\n|move|p2a: Zapdos|Drill Peck|p1a: Rhydon\n|-crit|p1a: Rhydon\n|-resisted|p1a: Rhydon\n|-damage|p1a: Rhydon|58/100\n|move|p1a: Rhydon|Substitute|p1a: Rhydon\n|-start|p1a: Rhydon|Substitute\n|-damage|p1a: Rhydon|33/100\n|\n|upkeep\n|turn|72\n|\n|t:|1781748711\n|move|p2a: Zapdos|Drill Peck|p1a: Rhydon\n|-resisted|p1a: Rhydon\n|-activate|p1a: Rhydon|Substitute|[damage]\n|move|p1a: Rhydon|Rock Slide|p2a: Zapdos|[miss]\n|-miss|p1a: Rhydon\n|\n|upkeep\n|turn|73\n|\n|t:|1781748716\n|move|p2a: Zapdos|Drill Peck|p1a: Rhydon\n|-resisted|p1a: Rhydon\n|-activate|p1a: Rhydon|Substitute|[damage]\n|move|p1a: Rhydon|Rock Slide|p2a: Zapdos\n|-supereffective|p2a: Zapdos\n|-damage|p2a: Zapdos|0 fnt\n|faint|p2a: Zapdos\n|\n|win|Acetylaldehyde\n|c|☆Acetylaldehyde|gg\n","uploadtime":1781748716,"views":"60","formatid":"gen1ou","rating":null,"private":0,"password":null}