{"id":"smogtours-gen1ou-949975","format":"[Gen 1] OU","players":["Deezcastforms","Acetylaldehyde"],"log":"|inactive|Battle timer is ON: inactive players will automatically lose when time's up.\n|t:|1782351119\n|gametype|singles\n|player|p1|Deezcastforms|#adpl8|\n|player|p2|Acetylaldehyde|scientist-gen1rb|\n|gen|1\n|tier|[Gen 1] OU\n|rule|Desync Clause Mod: Desyncs changed to move failure.\n|rule|HP Percentage Mod: HP is shown in percentages\n|rule|Endless Battle Clause: Forcing endless battles is banned\n|rule|Sleep Clause Mod: Limit one foe put to sleep\n|rule|Freeze Clause Mod: Limit one foe frozen\n|rule|Species Clause: Limit one of each Pokémon\n|rule|OHKO Clause: OHKO moves are banned\n|rule|Evasion Moves Clause: Evasion moves are banned\n|\n|t:|1782351119\n|teamsize|p1|6\n|teamsize|p2|6\n|start\n|switch|p1a: Jynx|Jynx|100/100\n|switch|p2a: Jynx|Jynx|100/100\n|turn|1\n|inactive|Acetylaldehyde also wants the timer to be on.\n|c|☆Acetylaldehyde|glhf\n|c|☆Deezcastforms|hf\n|inactive|Acetylaldehyde has 270 seconds left.\n|c|☆Acetylaldehyde|tough click here\n|c|☆Acetylaldehyde|hmmmm\n|\n|t:|1782351154\n|move|p1a: Jynx|Lovely Kiss|p2a: Jynx\n|-status|p2a: Jynx|slp|[from] move: Lovely Kiss\n|cant|p2a: Jynx|slp\n|\n|upkeep\n|turn|2\n|\n|t:|1782351165\n|switch|p1a: Tauros|Tauros|100/100\n|switch|p2a: Chansey|Chansey|100/100\n|\n|upkeep\n|turn|3\n|\n|t:|1782351172\n|switch|p1a: Jynx|Jynx|100/100\n|move|p2a: Chansey|Sing|p1a: Jynx|[miss]\n|-miss|p2a: Chansey\n|\n|upkeep\n|turn|4\n|\n|t:|1782351176\n|move|p1a: Jynx|Blizzard|p2a: Chansey\n|-damage|p2a: Chansey|80/100\n|move|p2a: Chansey|Sing|p1a: Jynx\n|-status|p1a: Jynx|slp|[from] move: Sing\n|\n|upkeep\n|turn|5\n|\n|t:|1782351186\n|switch|p1a: Chansey|Chansey|100/100\n|move|p2a: Chansey|Ice Beam|p1a: Chansey\n|-damage|p1a: Chansey|91/100\n|-status|p1a: Chansey|frz\n|\n|upkeep\n|turn|6\n|inactive|Deezcastforms has 270 seconds left.\n|inactive|Deezcastforms has 240 seconds left.\n|\n|t:|1782351246\n|switch|p2a: Snorlax|Snorlax|100/100\n|switch|p1a: Starmie|Starmie|100/100\n|\n|upkeep\n|turn|7\n|inactive|Deezcastforms has 240 seconds left.\n|\n|t:|1782351268\n|switch|p1a: Snorlax|Snorlax|100/100\n|move|p2a: Snorlax|Self-Destruct|p1a: Snorlax\n|-damage|p1a: Snorlax|14/100\n|faint|p2a: Snorlax\n|\n|t:|1782351279\n|switch|p2a: Starmie|Starmie|100/100\n|turn|8\n|inactive|Deezcastforms has 240 seconds left.\n|\n|t:|1782351301\n|switch|p1a: Chansey|Chansey|91/100 frz\n|move|p2a: Starmie|Thunderbolt|p1a: Chansey\n|-damage|p1a: Chansey|80/100 frz\n|\n|upkeep\n|turn|9\n|\n|t:|1782351308\n|move|p2a: Starmie|Thunder Wave|p1a: Chansey\n|-fail|p1a: Chansey\n|cant|p1a: Chansey|frz\n|\n|upkeep\n|turn|10\n|\n|t:|1782351317\n|move|p2a: Starmie|Thunder Wave|p1a: Chansey\n|-fail|p1a: Chansey\n|cant|p1a: Chansey|frz\n|\n|upkeep\n|turn|11\n|\n|t:|1782351326\n|move|p2a: Starmie|Thunderbolt|p1a: Chansey\n|-damage|p1a: Chansey|69/100 frz\n|cant|p1a: Chansey|frz\n|\n|upkeep\n|turn|12\n|\n|t:|1782351331\n|move|p2a: Starmie|Thunderbolt|p1a: Chansey\n|-damage|p1a: Chansey|59/100 frz\n|cant|p1a: Chansey|frz\n|\n|upkeep\n|turn|13\n|\n|t:|1782351336\n|move|p2a: Starmie|Thunderbolt|p1a: Chansey\n|-damage|p1a: Chansey|49/100 frz\n|cant|p1a: Chansey|frz\n|\n|upkeep\n|turn|14\n|\n|t:|1782351340\n|move|p2a: Starmie|Thunderbolt|p1a: Chansey\n|-crit|p1a: Chansey\n|-damage|p1a: Chansey|28/100 frz\n|cant|p1a: Chansey|frz\n|\n|upkeep\n|turn|15\n|\n|t:|1782351345\n|move|p2a: Starmie|Thunder Wave|p1a: Chansey\n|-fail|p1a: Chansey\n|cant|p1a: Chansey|frz\n|\n|upkeep\n|turn|16\n|\n|t:|1782351350\n|move|p2a: Starmie|Thunderbolt|p1a: Chansey\n|-damage|p1a: Chansey|18/100 frz\n|cant|p1a: Chansey|frz\n|\n|upkeep\n|turn|17\n|\n|t:|1782351354\n|move|p2a: Starmie|Thunderbolt|p1a: Chansey\n|-damage|p1a: Chansey|8/100 frz\n|cant|p1a: Chansey|frz\n|\n|upkeep\n|turn|18\n|\n|t:|1782351359\n|move|p2a: Starmie|Thunderbolt|p1a: Chansey\n|-damage|p1a: Chansey|0 fnt\n|faint|p1a: Chansey\n|\n|t:|1782351360\n|switch|p1a: Starmie|Starmie|100/100\n|turn|19\n|\n|t:|1782351364\n|move|p1a: Starmie|Thunder Wave|p2a: Starmie\n|-status|p2a: Starmie|par\n|move|p2a: Starmie|Thunder Wave|p1a: Starmie\n|-status|p1a: Starmie|par\n|\n|upkeep\n|turn|20\n|inactive|Deezcastforms has 270 seconds left.\n|\n|t:|1782351405\n|switch|p1a: Jynx|Jynx|100/100 slp\n|move|p2a: Starmie|Thunderbolt|p1a: Jynx\n|-damage|p1a: Jynx|77/100 slp\n|\n|upkeep\n|turn|21\n|\n|t:|1782351418\n|switch|p2a: Chansey|Chansey|80/100\n|cant|p1a: Jynx|slp\n|\n|upkeep\n|turn|22\n|\n|t:|1782351422\n|switch|p1a: Starmie|Starmie|100/100 par\n|move|p2a: Chansey|Soft-Boiled|p2a: Chansey\n|-heal|p2a: Chansey|100/100\n|\n|upkeep\n|turn|23\n|inactive|Deezcastforms has 270 seconds left.\n|\n|t:|1782351440\n|switch|p2a: Starmie|Starmie|100/100 par\n|cant|p1a: Starmie|par\n|\n|upkeep\n|turn|24\n|inactive|Deezcastforms has 270 seconds left.\n|inactive|Deezcastforms has 240 seconds left.\n|inactive|Deezcastforms has 210 seconds left.\n|\n|t:|1782351507\n|switch|p1a: Jynx|Jynx|77/100 slp\n|move|p2a: Starmie|Thunderbolt|p1a: Jynx\n|-damage|p1a: Jynx|52/100 slp\n|\n|upkeep\n|turn|25\n|\n|t:|1782351513\n|switch|p2a: Tauros|Tauros|100/100\n|cant|p1a: Jynx|slp\n|\n|upkeep\n|turn|26\n|\n|t:|1782351517\n|move|p2a: Tauros|Body Slam|p1a: Jynx\n|-damage|p1a: Jynx|0 fnt\n|faint|p1a: Jynx\n|\n|t:|1782351522\n|switch|p1a: Tauros|Tauros|100/100\n|turn|27\n|\n|t:|1782351527\n|move|p2a: Tauros|Body Slam|p1a: Tauros\n|-damage|p1a: Tauros|72/100\n|move|p1a: Tauros|Body Slam|p2a: Tauros\n|-damage|p2a: Tauros|70/100\n|\n|upkeep\n|turn|28\n|\n|t:|1782351533\n|move|p2a: Tauros|Body Slam|p1a: Tauros\n|-damage|p1a: Tauros|42/100\n|move|p1a: Tauros|Body Slam|p2a: Tauros\n|-crit|p2a: Tauros\n|-damage|p2a: Tauros|16/100\n|\n|upkeep\n|turn|29\n|inactive|Acetylaldehyde has 270 seconds left.\n|\n|t:|1782351566\n|switch|p1a: Rhydon|Rhydon|100/100\n|switch|p2a: Chansey|Chansey|100/100\n|\n|upkeep\n|turn|30\n|inactive|Acetylaldehyde has 270 seconds left.\n|\n|t:|1782351581\n|switch|p1a: Starmie|Starmie|100/100 par\n|move|p2a: Chansey|Ice Beam|p1a: Starmie\n|-resisted|p1a: Starmie\n|-damage|p1a: Starmie|89/100 par\n|\n|upkeep\n|turn|31\n|\n|t:|1782351589\n|switch|p2a: Starmie|Starmie|100/100 par\n|move|p1a: Starmie|Thunderbolt|p2a: Starmie\n|-crit|p2a: Starmie\n|-supereffective|p2a: Starmie\n|-damage|p2a: Starmie|18/100 par\n|\n|upkeep\n|turn|32\n|inactive|Deezcastforms has 240 seconds left.\n|inactive|Deezcastforms has 210 seconds left.\n|\n|t:|1782351675\n|switch|p1a: Snorlax|Snorlax|14/100\n|cant|p2a: Starmie|par\n|\n|upkeep\n|turn|33\n|\n|t:|1782351687\n|switch|p2a: Chansey|Chansey|100/100\n|move|p1a: Snorlax|Body Slam|p2a: Chansey|[miss]\n|-miss|p1a: Snorlax\n|-hint|In Gen 1, moves with 100% accuracy can still miss 1/256 of the time.\n|\n|upkeep\n|turn|34\n|inactive|Deezcastforms has 180 seconds left.\n|inactive|Acetylaldehyde has 270 seconds left.\n|inactive|Deezcastforms has 150 seconds left.\n|inactive|Acetylaldehyde has 240 seconds left.\n|inactive|Deezcastforms has 120 seconds left.\n|inactive|Acetylaldehyde has 210 seconds left.\n|\n|t:|1782351778\n|switch|p2a: Starmie|Starmie|18/100 par\n|switch|p1a: Starmie|Starmie|89/100 par\n|\n|upkeep\n|turn|35\n|inactive|Deezcastforms has 120 seconds left.\n|inactive|Deezcastforms has 90 seconds left.\n|\n|t:|1782351821\n|move|p1a: Starmie|Thunderbolt|p2a: Starmie\n|-crit|p2a: Starmie\n|-supereffective|p2a: Starmie\n|-damage|p2a: Starmie|0 fnt\n|faint|p2a: Starmie\n|\n|t:|1782351829\n|switch|p2a: Zapdos|Zapdos|100/100\n|turn|36\n|inactive|Acetylaldehyde has 210 seconds left.\n|inactive|Deezcastforms has 90 seconds left.\n|\n|t:|1782351860\n|switch|p1a: Rhydon|Rhydon|100/100\n|move|p2a: Zapdos|Thunderbolt|p1a: Rhydon\n|-immune|p1a: Rhydon\n|\n|upkeep\n|turn|37\n|\n|t:|1782351869\n|switch|p2a: Jynx|Jynx|100/100 slp\n|move|p1a: Rhydon|Substitute|p1a: Rhydon\n|-start|p1a: Rhydon|Substitute\n|-damage|p1a: Rhydon|76/100\n|\n|upkeep\n|turn|38\n|inactive|Acetylaldehyde has 210 seconds left.\n|\n|t:|1782351878\n|cant|p2a: Jynx|slp\n|move|p1a: Rhydon|Body Slam|p2a: Jynx\n|-damage|p2a: Jynx|56/100 slp\n|\n|upkeep\n|turn|39\n|\n|t:|1782351884\n|-curestatus|p2a: Jynx|slp|[msg]\n|move|p1a: Rhydon|Earthquake|p2a: Jynx\n|-damage|p2a: Jynx|0 fnt\n|faint|p2a: Jynx\n|\n|t:|1782351891\n|switch|p2a: Chansey|Chansey|100/100\n|turn|40\n|inactive|Deezcastforms has 90 seconds left.\n|\n|t:|1782351918\n|move|p2a: Chansey|Ice Beam|p1a: Rhydon\n|-supereffective|p1a: Rhydon\n|-end|p1a: Rhydon|Substitute\n|move|p1a: Rhydon|Earthquake|p2a: Chansey\n|-damage|p2a: Chansey|47/100\n|\n|upkeep\n|turn|41\n|inactive|Deezcastforms has 90 seconds left.\n|\n|t:|1782351934\n|switch|p1a: Starmie|Starmie|89/100 par\n|move|p2a: Chansey|Soft-Boiled|p2a: Chansey\n|-heal|p2a: Chansey|97/100\n|\n|upkeep\n|turn|42\n|\n|t:|1782351942\n|switch|p2a: Zapdos|Zapdos|100/100\n|cant|p1a: Starmie|par\n|\n|upkeep\n|turn|43\n|inactive|Deezcastforms has 90 seconds left.\n|\n|t:|1782351953\n|switch|p2a: Tauros|Tauros|16/100\n|switch|p1a: Rhydon|Rhydon|76/100\n|\n|upkeep\n|turn|44\n|inactive|Deezcastforms has 90 seconds left.\n|inactive|Deezcastforms has 60 seconds left.\n|\n|t:|1782351991\n|switch|p1a: Snorlax|Snorlax|14/100\n|move|p2a: Tauros|Body Slam|p1a: Snorlax\n|-damage|p1a: Snorlax|0 fnt\n|faint|p1a: Snorlax\n|\n|t:|1782351994\n|switch|p1a: Tauros|Tauros|42/100\n|turn|45\n|inactive|Acetylaldehyde has 270 seconds left.\n|\n|t:|1782352015\n|switch|p2a: Chansey|Chansey|97/100\n|move|p1a: Tauros|Body Slam|p2a: Chansey\n|-damage|p2a: Chansey|58/100\n|\n|upkeep\n|turn|46\n|inactive|Deezcastforms has 60 seconds left.\n|\n|t:|1782352062\n|switch|p2a: Zapdos|Zapdos|100/100\n|move|p1a: Tauros|Body Slam|p2a: Zapdos\n|-damage|p2a: Zapdos|70/100\n|-status|p2a: Zapdos|par\n|\n|upkeep\n|turn|47\n|inactive|Deezcastforms has 30 seconds left.\n|\n|t:|1782352080\n|switch|p1a: Rhydon|Rhydon|76/100\n|switch|p2a: Tauros|Tauros|16/100\n|\n|upkeep\n|turn|48\n|inactive|Acetylaldehyde has 270 seconds left.\n|inactive|Deezcastforms has 30 seconds left.\n|inactive|Deezcastforms has 20 seconds left.\n|inactive|Deezcastforms has 15 seconds left.\n|\n|t:|1782352110\n|move|p2a: Tauros|Body Slam|p1a: Rhydon\n|-resisted|p1a: Rhydon\n|-damage|p1a: Rhydon|65/100\n|move|p1a: Rhydon|Body Slam|p2a: Tauros\n|-damage|p2a: Tauros|0 fnt\n|faint|p2a: Tauros\n|\n|t:|1782352116\n|switch|p2a: Chansey|Chansey|58/100\n|turn|49\n|inactive|Deezcastforms has 30 seconds left this turn.\n|inactive|Acetylaldehyde has 270 seconds left.\n|\n|t:|1782352124\n|switch|p1a: Starmie|Starmie|89/100 par\n|move|p2a: Chansey|Ice Beam|p1a: Starmie\n|-resisted|p1a: Starmie\n|-damage|p1a: Starmie|77/100 par\n|\n|upkeep\n|turn|50\n|inactive|Deezcastforms has 30 seconds left.\n|inactive|Acetylaldehyde has 270 seconds left.\n|-message|Acetylaldehyde forfeited.\n|\n|win|Deezcastforms\n|c|☆Acetylaldehyde|gg\n|c|☆Deezcastforms|gg\n|player|p2|\n|player|p1|\n","uploadtime":1782352137,"views":"70","formatid":"gen1ou","rating":null,"private":0,"password":null}