{"id":"smogtours-gen1ou-814526","format":"[Gen 1] OU","players":["nicole7735","spies (psychic)"],"log":"|inactive|Battle timer is ON: inactive players will automatically lose when time's up.\n|t:|1737167453\n|gametype|singles\n|player|p1|nicole7735|#splxvisharks2|\n|player|p2|spies (psychic)|psychic-gen1rb|\n|teamsize|p1|6\n|teamsize|p2|6\n|gen|1\n|tier|[Gen 1] OU\n|rule|Desync Clause Mod: Desyncs changed to move failure.\n|rule|Sleep Clause Mod: Limit one foe put to sleep\n|rule|Freeze Clause Mod: Limit one foe frozen\n|rule|Species Clause: Limit one of each Pokémon\n|rule|OHKO Clause: OHKO moves are banned\n|rule|Evasion Moves Clause: Evasion moves are banned\n|rule|Endless Battle Clause: Forcing endless battles is banned\n|rule|HP Percentage Mod: HP is shown in percentages\n|\n|t:|1737167453\n|start\n|switch|p1a: Jynx|Jynx|100/100\n|switch|p2a: Starmie|Starmie|100/100\n|turn|1\n|c|☆spies (psychic)|hf\n|c|☆nicole7735|hf\n|\n|t:|1737167477\n|move|p2a: Starmie|Surf|p1a: Jynx\n|-damage|p1a: Jynx|68/100\n|move|p1a: Jynx|Lovely Kiss|p2a: Starmie\n|-status|p2a: Starmie|slp|[from] move: Lovely Kiss\n|\n|upkeep\n|turn|2\n|\n|t:|1737167493\n|switch|p2a: Chansey|Chansey|100/100\n|move|p1a: Jynx|Blizzard|p2a: Chansey\n|-damage|p2a: Chansey|80/100\n|-status|p2a: Chansey|frz\n|\n|upkeep\n|turn|3\n|inactive|spies (psychic) has 270 seconds left.\n|\n|t:|1737167527\n|switch|p2a: Starmie|Starmie|100/100 slp\n|move|p1a: Jynx|Psychic|p2a: Starmie\n|-resisted|p2a: Starmie\n|-damage|p2a: Starmie|84/100 slp\n|\n|upkeep\n|turn|4\n|rated|Smogon Premier League\n|\n|t:|1737167541\n|switch|p1a: Tauros|Tauros|100/100\n|cant|p2a: Starmie|slp\n|\n|upkeep\n|turn|5\n|\n|t:|1737167555\n|switch|p2a: Chansey|Chansey|80/100 frz\n|move|p1a: Tauros|Body Slam|p2a: Chansey\n|-damage|p2a: Chansey|41/100 frz\n|\n|upkeep\n|turn|6\n|\n|t:|1737167561\n|move|p1a: Tauros|Body Slam|p2a: Chansey\n|-damage|p2a: Chansey|3/100 frz\n|cant|p2a: Chansey|frz\n|\n|upkeep\n|turn|7\n|inactive|nicole7735 has 270 seconds left.\n|inactive|spies (psychic) has 270 seconds left.\n|\n|t:|1737167611\n|move|p1a: Tauros|Body Slam|p2a: Chansey\n|-damage|p2a: Chansey|0 fnt\n|faint|p2a: Chansey\n|\n|t:|1737167615\n|switch|p2a: Exeggutor|Exeggutor|100/100\n|turn|8\n|\n|t:|1737167622\n|switch|p1a: Jynx|Jynx|68/100\n|move|p2a: Exeggutor|Sleep Powder|p1a: Jynx\n|-status|p1a: Jynx|slp|[from] move: Sleep Powder\n|\n|upkeep\n|turn|9\n|\n|t:|1737167633\n|switch|p1a: Chansey|Chansey|100/100\n|move|p2a: Exeggutor|Psychic|p1a: Chansey\n|-damage|p1a: Chansey|83/100\n|\n|upkeep\n|turn|10\n|\n|t:|1737167654\n|move|p2a: Exeggutor|Stun Spore|p1a: Chansey|[miss]\n|-miss|p2a: Exeggutor\n|move|p1a: Chansey|Thunder Wave|p2a: Exeggutor\n|-status|p2a: Exeggutor|par\n|\n|upkeep\n|turn|11\n|raw|<div class=\"broadcast-red\"><strong>Moderated chat was set to ☆!</strong><br />Only users of rank ☆ and higher can talk.</div>\n|\n|t:|1737167665\n|move|p1a: Chansey|Ice Beam|p2a: Exeggutor\n|-supereffective|p2a: Exeggutor\n|-damage|p2a: Exeggutor|68/100 par\n|move|p2a: Exeggutor|Stun Spore|p1a: Chansey\n|-status|p1a: Chansey|par\n|\n|upkeep\n|turn|12\n|\n|t:|1737167674\n|switch|p2a: Snorlax|Snorlax|100/100\n|cant|p1a: Chansey|par\n|\n|upkeep\n|turn|13\n|\n|t:|1737167680\n|switch|p1a: Cloyster|Cloyster|100/100\n|move|p2a: Snorlax|Body Slam|p1a: Cloyster\n|-damage|p1a: Cloyster|76/100\n|\n|upkeep\n|turn|14\n|\n|t:|1737167708\n|switch|p2a: Starmie|Starmie|84/100 slp\n|move|p1a: Cloyster|Blizzard|p2a: Starmie\n|-resisted|p2a: Starmie\n|-damage|p2a: Starmie|66/100 slp\n|\n|upkeep\n|turn|15\n|\n|t:|1737167727\n|switch|p1a: Tauros|Tauros|100/100\n|cant|p2a: Starmie|slp\n|\n|upkeep\n|turn|16\n|\n|t:|1737167732\n|switch|p2a: Snorlax|Snorlax|100/100\n|move|p1a: Tauros|Body Slam|p2a: Snorlax\n|-crit|p2a: Snorlax\n|-damage|p2a: Snorlax|55/100\n|\n|upkeep\n|turn|17\n|\n|t:|1737167743\n|move|p1a: Tauros|Blizzard|p2a: Snorlax\n|-crit|p2a: Snorlax\n|-damage|p2a: Snorlax|19/100\n|move|p2a: Snorlax|Reflect|p2a: Snorlax\n|-start|p2a: Snorlax|Reflect\n|\n|upkeep\n|turn|18\n|inactive|spies (psychic) has 270 seconds left.\n|inactive|nicole7735 has 270 seconds left.\n|inactive|spies (psychic) has 240 seconds left.\n|inactive|nicole7735 has 240 seconds left.\n|inactive|spies (psychic) has 210 seconds left.\n|inactive|spies (psychic) has 180 seconds left.\n|inactive|nicole7735 has 210 seconds left.\n|inactive|spies (psychic) has 150 seconds left.\n|inactive|nicole7735 has 180 seconds left.\n|\n|t:|1737167910\n|switch|p2a: Starmie|Starmie|66/100 slp\n|move|p1a: Tauros|Blizzard|p2a: Starmie\n|-resisted|p2a: Starmie\n|-damage|p2a: Starmie|54/100 slp\n|\n|upkeep\n|turn|19\n|inactive|nicole7735 has 180 seconds left.\n|\n|t:|1737167933\n|cant|p2a: Starmie|slp\n|move|p1a: Tauros|Hyper Beam|p2a: Starmie\n|-damage|p2a: Starmie|0 fnt\n|faint|p2a: Starmie\n|\n|t:|1737167941\n|switch|p2a: Tauros|Tauros|100/100\n|turn|20\n|inactive|nicole7735 has 180 seconds left.\n|\n|t:|1737167953\n|move|p1a: Tauros|Body Slam|p2a: Tauros\n|-damage|p2a: Tauros|73/100\n|move|p2a: Tauros|Body Slam|p1a: Tauros\n|-damage|p1a: Tauros|73/100\n|\n|upkeep\n|turn|21\n|\n|t:|1737167963\n|move|p1a: Tauros|Body Slam|p2a: Tauros\n|-damage|p2a: Tauros|43/100\n|move|p2a: Tauros|Body Slam|p1a: Tauros\n|-crit|p1a: Tauros\n|-damage|p1a: Tauros|17/100\n|\n|upkeep\n|turn|22\n|inactive|nicole7735 has 180 seconds left.\n|inactive|spies (psychic) has 120 seconds left.\n|\n|t:|1737168007\n|move|p2a: Tauros|Body Slam|p1a: Tauros\n|-damage|p1a: Tauros|0 fnt\n|faint|p1a: Tauros\n|\n|t:|1737168017\n|switch|p1a: Cloyster|Cloyster|76/100\n|turn|23\n|inactive|spies (psychic) has 120 seconds left.\n|\n|t:|1737168037\n|move|p2a: Tauros|Body Slam|p1a: Cloyster\n|-damage|p1a: Cloyster|56/100\n|move|p1a: Cloyster|Blizzard|p2a: Tauros\n|-damage|p2a: Tauros|0 fnt\n|faint|p2a: Tauros\n|\n|t:|1737168046\n|switch|p2a: Exeggutor|Exeggutor|68/100 par\n|turn|24\n|inactive|spies (psychic) has 120 seconds left.\n|\n|t:|1737168061\n|move|p1a: Cloyster|Blizzard|p2a: Exeggutor\n|-supereffective|p2a: Exeggutor\n|-damage|p2a: Exeggutor|9/100 par\n|move|p2a: Exeggutor|Stun Spore|p1a: Cloyster\n|-status|p1a: Cloyster|par\n|\n|upkeep\n|turn|25\n|inactive|spies (psychic) has 120 seconds left.\n|\n|t:|1737168090\n|cant|p1a: Cloyster|par\n|move|p2a: Exeggutor|Psychic|p1a: Cloyster\n|-damage|p1a: Cloyster|10/100 par\n|-unboost|p1a: Cloyster|spa|1\n|-unboost|p1a: Cloyster|spd|1\n|\n|upkeep\n|turn|26\n|\n|t:|1737168118\n|move|p2a: Exeggutor|Rest|p2a: Exeggutor\n|-status|p2a: Exeggutor|slp|[from] move: Rest\n|-heal|p2a: Exeggutor|100/100 slp|[silent]\n|move|p1a: Cloyster|Explosion|p2a: Exeggutor\n|-damage|p2a: Exeggutor|25/100 slp\n|faint|p1a: Cloyster\n|inactive|nicole7735 has 180 seconds left.\n|\n|t:|1737168161\n|switch|p1a: Snorlax|Snorlax|100/100\n|turn|27\n|inactive|spies (psychic) has 90 seconds left.\n|\n|t:|1737168200\n|move|p1a: Snorlax|Body Slam|p2a: Exeggutor\n|-damage|p2a: Exeggutor|0 fnt\n|faint|p2a: Exeggutor\n|inactive|spies (psychic) has 60 seconds left.\n|inactive|spies (psychic) has 30 seconds left.\n|\n|t:|1737168255\n|switch|p2a: Snorlax|Snorlax|19/100\n|turn|28\n|inactive|spies (psychic) has 30 seconds left.\n|inactive|nicole7735 has 180 seconds left.\n|inactive|spies (psychic) has 20 seconds left.\n|inactive|spies (psychic) has 15 seconds left.\n|\n|t:|1737168275\n|move|p1a: Snorlax|Body Slam|p2a: Snorlax\n|-damage|p2a: Snorlax|0 fnt\n|faint|p2a: Snorlax\n|inactive|spies (psychic) has 20 seconds left this turn.\n|\n|t:|1737168278\n|switch|p2a: Rhydon|Rhydon|100/100\n|turn|29\n|inactive|spies (psychic) has 30 seconds left this turn.\n|\n|t:|1737168281\n|move|p2a: Rhydon|Substitute|p2a: Rhydon\n|-start|p2a: Rhydon|Substitute\n|-damage|p2a: Rhydon|76/100\n|move|p1a: Snorlax|Earthquake|p2a: Rhydon\n|-supereffective|p2a: Rhydon\n|-end|p2a: Rhydon|Substitute\n|\n|upkeep\n|turn|30\n|\n|t:|1737168285\n|move|p2a: Rhydon|Earthquake|p1a: Snorlax|[miss]\n|-miss|p2a: Rhydon\n|-hint|In Gen 1, moves with 100% accuracy can still miss 1/256 of the time.\n|move|p1a: Snorlax|Earthquake|p2a: Rhydon\n|-supereffective|p2a: Rhydon\n|-damage|p2a: Rhydon|37/100\n|\n|upkeep\n|turn|31\n|\n|t:|1737168293\n|move|p2a: Rhydon|Earthquake|p1a: Snorlax\n|-damage|p1a: Snorlax|67/100\n|move|p1a: Snorlax|Earthquake|p2a: Rhydon\n|-crit|p2a: Rhydon\n|-supereffective|p2a: Rhydon\n|-damage|p2a: Rhydon|0 fnt\n|faint|p2a: Rhydon\n|\n|win|nicole7735\n|c|☆nicole7735|gg\n|c|☆spies (psychic)|gg\n|player|p2|\n|player|p1|\n","uploadtime":1737168293,"views":"2399","formatid":"gen1ou","rating":null,"private":0,"password":null}