{"id":"smogtours-gen1ou-819767","format":"[Gen 1] OU","players":["Serpi n_n","Kaz"],"log":"|inactive|Battle timer is ON: inactive players will automatically lose when time's up.\n|t:|1739557292\n|gametype|singles\n|player|p1|Serpi n_n|#splxviraiders|\n|player|p2|Kaz|red-gen1rb|\n|teamsize|p1|6\n|teamsize|p2|6\n|gen|1\n|tier|[Gen 1] OU\n|rule|Desync Clause Mod: Desyncs changed to move failure.\n|rule|Sleep Clause Mod: Limit one foe put to sleep\n|rule|Freeze Clause Mod: Limit one foe frozen\n|rule|Species Clause: Limit one of each Pokémon\n|rule|OHKO Clause: OHKO moves are banned\n|rule|Evasion Moves Clause: Evasion moves are banned\n|rule|Endless Battle Clause: Forcing endless battles is banned\n|rule|HP Percentage Mod: HP is shown in percentages\n|\n|t:|1739557292\n|start\n|switch|p1a: Starmie|Starmie|100/100\n|switch|p2a: Starmie|Starmie|100/100\n|turn|1\n|rated|Smogon Premier League\n|c|☆Serpi n_n|hf\n|\n|t:|1739557314\n|switch|p2a: Chansey|Chansey|100/100\n|switch|p1a: Chansey|Chansey|100/100\n|\n|upkeep\n|turn|2\n|\n|t:|1739557318\n|move|p1a: Chansey|Sing|p2a: Chansey\n|-status|p2a: Chansey|slp|[from] move: Sing\n|cant|p2a: Chansey|slp\n|\n|upkeep\n|turn|3\n|c|☆Kaz|hf\n|inactive|Kaz has 270 seconds left.\n|\n|t:|1739557359\n|switch|p2a: Starmie|Starmie|100/100\n|switch|p1a: Snorlax|Snorlax|100/100\n|\n|upkeep\n|turn|4\n|inactive|Serpi n_n has 270 seconds left.\n|inactive|Serpi n_n has 240 seconds left.\n|inactive|Serpi n_n has 210 seconds left.\n|\n|t:|1739557451\n|move|p2a: Starmie|Thunder Wave|p1a: Snorlax\n|-status|p1a: Snorlax|par\n|move|p1a: Snorlax|Body Slam|p2a: Starmie\n|-damage|p2a: Starmie|63/100\n|\n|upkeep\n|turn|5\n|inactive|Serpi n_n has 210 seconds left.\n|\n|t:|1739557468\n|move|p2a: Starmie|Psychic|p1a: Snorlax\n|-damage|p1a: Snorlax|76/100 par\n|-unboost|p1a: Snorlax|spa|1\n|-unboost|p1a: Snorlax|spd|1\n|move|p1a: Snorlax|Body Slam|p2a: Starmie\n|-damage|p2a: Starmie|26/100\n|\n|upkeep\n|turn|6\n|\n|t:|1739557472\n|move|p2a: Starmie|Recover|p2a: Starmie\n|-heal|p2a: Starmie|76/100\n|move|p1a: Snorlax|Self-Destruct|p2a: Starmie\n|-damage|p2a: Starmie|0 fnt\n|faint|p2a: Starmie\n|faint|p1a: Snorlax\n|inactive|Serpi n_n has 210 seconds left.\n|inactive|Serpi n_n has 180 seconds left.\n|\n|t:|1739557518\n|switch|p2a: Exeggutor|Exeggutor|100/100\n|switch|p1a: Starmie|Starmie|100/100\n|turn|7\n|inactive|Serpi n_n has 180 seconds left.\n|\n|t:|1739557529\n|move|p1a: Starmie|Blizzard|p2a: Exeggutor\n|-supereffective|p2a: Exeggutor\n|-damage|p2a: Exeggutor|62/100\n|move|p2a: Exeggutor|Stun Spore|p1a: Starmie\n|-status|p1a: Starmie|par\n|\n|upkeep\n|turn|8\n|inactive|Serpi n_n has 180 seconds left.\n|inactive|Serpi n_n has 150 seconds left.\n|\n|t:|1739557574\n|switch|p2a: Chansey|Chansey|100/100 slp\n|switch|p1a: Chansey|Chansey|100/100\n|\n|upkeep\n|turn|9\n|inactive|Serpi n_n has 150 seconds left.\n|\n|t:|1739557588\n|switch|p2a: Snorlax|Snorlax|100/100\n|move|p1a: Chansey|Thunder Wave|p2a: Snorlax\n|-status|p2a: Snorlax|par\n|\n|upkeep\n|turn|10\n|inactive|Serpi n_n has 150 seconds left.\n|\n|t:|1739557609\n|move|p1a: Chansey|Seismic Toss|p2a: Snorlax\n|-damage|p2a: Snorlax|81/100 par\n|cant|p2a: Snorlax|par\n|\n|upkeep\n|turn|11\n|\n|t:|1739557613\n|switch|p1a: Rhydon|Rhydon|100/100\n|cant|p2a: Snorlax|par\n|\n|upkeep\n|turn|12\n|\n|t:|1739557621\n|move|p1a: Rhydon|Earthquake|p2a: Snorlax\n|-damage|p2a: Snorlax|46/100 par\n|move|p2a: Snorlax|Ice Beam|p1a: Rhydon\n|-supereffective|p1a: Rhydon\n|-damage|p1a: Rhydon|56/100\n|\n|upkeep\n|turn|13\n|inactive|Kaz has 270 seconds left.\n|\n|t:|1739557672\n|switch|p2a: Exeggutor|Exeggutor|62/100\n|move|p1a: Rhydon|Earthquake|p2a: Exeggutor\n|-resisted|p2a: Exeggutor\n|-damage|p2a: Exeggutor|44/100\n|\n|upkeep\n|turn|14\n|\n|t:|1739557686\n|switch|p1a: Starmie|Starmie|100/100 par\n|move|p2a: Exeggutor|Psychic|p1a: Starmie\n|-resisted|p1a: Starmie\n|-damage|p1a: Starmie|80/100 par\n|\n|upkeep\n|turn|15\n|inactive|Kaz has 270 seconds left.\n|inactive|Serpi n_n has 150 seconds left.\n|\n|t:|1739557715\n|move|p2a: Exeggutor|Psychic|p1a: Starmie\n|-resisted|p1a: Starmie\n|-damage|p1a: Starmie|60/100 par\n|cant|p1a: Starmie|par\n|\n|upkeep\n|turn|16\n|\n|t:|1739557721\n|move|p2a: Exeggutor|Psychic|p1a: Starmie\n|-resisted|p1a: Starmie\n|-damage|p1a: Starmie|41/100 par\n|cant|p1a: Starmie|par\n|\n|upkeep\n|turn|17\n|inactive|Serpi n_n has 150 seconds left.\n|\n|t:|1739557736\n|move|p2a: Exeggutor|Psychic|p1a: Starmie\n|-resisted|p1a: Starmie\n|-damage|p1a: Starmie|21/100 par\n|-unboost|p1a: Starmie|spa|1\n|-unboost|p1a: Starmie|spd|1\n|move|p1a: Starmie|Recover|p1a: Starmie\n|-heal|p1a: Starmie|71/100 par\n|\n|upkeep\n|turn|18\n|inactive|Serpi n_n has 150 seconds left.\n|\n|t:|1739557748\n|switch|p2a: Snorlax|Snorlax|46/100 par\n|move|p1a: Starmie|Thunder Wave|p2a: Snorlax\n|-fail|p2a: Snorlax|par\n|\n|upkeep\n|turn|19\n|inactive|Serpi n_n has 150 seconds left.\n|\n|t:|1739557781\n|switch|p1a: Exeggutor|Exeggutor|100/100\n|move|p2a: Snorlax|Reflect|p2a: Snorlax\n|-start|p2a: Snorlax|Reflect\n|\n|upkeep\n|turn|20\n|\n|t:|1739557785\n|move|p1a: Exeggutor|Psychic|p2a: Snorlax\n|-damage|p2a: Snorlax|16/100 par\n|-unboost|p2a: Snorlax|spa|1\n|-unboost|p2a: Snorlax|spd|1\n|cant|p2a: Snorlax|par\n|\n|upkeep\n|turn|21\n|\n|t:|1739557796\n|switch|p2a: Chansey|Chansey|100/100 slp\n|move|p1a: Exeggutor|Psychic|p2a: Chansey\n|-damage|p2a: Chansey|84/100 slp\n|-unboost|p2a: Chansey|spa|1\n|-unboost|p2a: Chansey|spd|1\n|\n|upkeep\n|turn|22\n|inactive|Serpi n_n has 150 seconds left.\n|\n|t:|1739557801\n|move|p1a: Exeggutor|Psychic|p2a: Chansey\n|-damage|p2a: Chansey|59/100 slp\n|-unboost|p2a: Chansey|spa|1\n|-unboost|p2a: Chansey|spd|1\n|cant|p2a: Chansey|slp\n|\n|upkeep\n|turn|23\n|\n|t:|1739557807\n|move|p1a: Exeggutor|Psychic|p2a: Chansey\n|-damage|p2a: Chansey|24/100 slp\n|cant|p2a: Chansey|slp\n|\n|upkeep\n|turn|24\n|\n|t:|1739557813\n|move|p1a: Exeggutor|Stun Spore|p2a: Chansey|[miss]\n|-miss|p1a: Exeggutor\n|cant|p2a: Chansey|slp\n|\n|upkeep\n|turn|25\n|\n|t:|1739557816\n|move|p1a: Exeggutor|Psychic|p2a: Chansey\n|-damage|p2a: Chansey|0 fnt\n|faint|p2a: Chansey\n|\n|t:|1739557818\n|switch|p2a: Tauros|Tauros|100/100\n|turn|26\n|inactive|Serpi n_n has 180 seconds left.\n|\n|t:|1739557828\n|move|p2a: Tauros|Blizzard|p1a: Exeggutor\n|-crit|p1a: Exeggutor\n|-supereffective|p1a: Exeggutor\n|-damage|p1a: Exeggutor|39/100\n|move|p1a: Exeggutor|Sleep Powder|p2a: Tauros|[miss]\n|-miss|p1a: Exeggutor\n|\n|upkeep\n|turn|27\n|inactive|Serpi n_n has 180 seconds left.\n|inactive|Kaz has 270 seconds left.\n|inactive|Serpi n_n has 150 seconds left.\n|inactive|Serpi n_n has 120 seconds left.\n|inactive|Serpi n_n has 90 seconds left.\n|\n|t:|1739557948\n|switch|p1a: Starmie|Starmie|71/100 par\n|move|p2a: Tauros|Hyper Beam|p1a: Starmie\n|-damage|p1a: Starmie|8/100 par\n|-mustrecharge|p2a: Tauros\n|\n|upkeep\n|turn|28\n|\n|t:|1739557953\n|cant|p2a: Tauros|recharge\n|move|p1a: Starmie|Thunder Wave|p2a: Tauros\n|-status|p2a: Tauros|par\n|\n|upkeep\n|turn|29\n|inactive|Serpi n_n has 90 seconds left.\n|\n|t:|1739557979\n|cant|p1a: Starmie|par\n|cant|p2a: Tauros|par\n|\n|upkeep\n|turn|30\n|\n|t:|1739557989\n|cant|p1a: Starmie|par\n|move|p2a: Tauros|Hyper Beam|p1a: Starmie\n|-damage|p1a: Starmie|0 fnt\n|faint|p1a: Starmie\n|inactive|Serpi n_n has 90 seconds left.\n|inactive|Serpi n_n has 60 seconds left.\n|\n|t:|1739558030\n|switch|p1a: Chansey|Chansey|100/100\n|turn|31\n|inactive|Kaz has 270 seconds left.\n|\n|t:|1739558067\n|move|p1a: Chansey|Seismic Toss|p2a: Tauros\n|-damage|p2a: Tauros|72/100 par\n|move|p2a: Tauros|Body Slam|p1a: Chansey\n|-damage|p1a: Chansey|61/100\n|\n|upkeep\n|turn|32\n|\n|t:|1739558080\n|move|p1a: Chansey|Soft-Boiled|p1a: Chansey\n|-heal|p1a: Chansey|100/100\n|move|p2a: Tauros|Body Slam|p1a: Chansey\n|-damage|p1a: Chansey|63/100\n|\n|upkeep\n|turn|33\n|inactive|Kaz has 270 seconds left.\n|\n|t:|1739558093\n|move|p1a: Chansey|Soft-Boiled|p1a: Chansey\n|-heal|p1a: Chansey|100/100\n|move|p2a: Tauros|Body Slam|p1a: Chansey\n|-damage|p1a: Chansey|63/100\n|\n|upkeep\n|turn|34\n|inactive|Kaz has 270 seconds left.\n|inactive|Kaz has 240 seconds left.\n|\n|t:|1739558137\n|move|p1a: Chansey|Soft-Boiled|p1a: Chansey\n|-heal|p1a: Chansey|100/100\n|cant|p2a: Tauros|par\n|\n|upkeep\n|turn|35\n|\n|t:|1739558141\n|move|p1a: Chansey|Seismic Toss|p2a: Tauros\n|-damage|p2a: Tauros|44/100 par\n|move|p2a: Tauros|Hyper Beam|p1a: Chansey\n|-damage|p1a: Chansey|34/100\n|-mustrecharge|p2a: Tauros\n|\n|upkeep\n|turn|36\n|\n|t:|1739558152\n|move|p1a: Chansey|Seismic Toss|p2a: Tauros\n|-damage|p2a: Tauros|16/100 par\n|cant|p2a: Tauros|recharge\n|\n|upkeep\n|turn|37\n|\n|t:|1739558157\n|move|p1a: Chansey|Seismic Toss|p2a: Tauros\n|-damage|p2a: Tauros|0 fnt\n|faint|p2a: Tauros\n|\n|t:|1739558159\n|switch|p2a: Exeggutor|Exeggutor|44/100\n|turn|38\n|inactive|Serpi n_n has 90 seconds left.\n|inactive|Serpi n_n has 60 seconds left.\n|\n|t:|1739558233\n|move|p2a: Exeggutor|Hyper Beam|p1a: Chansey\n|-damage|p1a: Chansey|0 fnt\n|faint|p1a: Chansey\n|\n|t:|1739558235\n|switch|p1a: Tauros|Tauros|100/100\n|turn|39\n|\n|t:|1739558250\n|switch|p2a: Jolteon|Jolteon|100/100\n|move|p1a: Tauros|Blizzard|p2a: Jolteon\n|-damage|p2a: Jolteon|80/100\n|\n|upkeep\n|turn|40\n|inactive|Serpi n_n has 30 seconds left.\n|inactive|Serpi n_n has 20 seconds left.\n|inactive|Kaz has 270 seconds left.\n|inactive|Serpi n_n has 15 seconds left.\n|inactive|Serpi n_n has 10 seconds left.\n|inactive|Kaz has 240 seconds left.\n|\n|t:|1739558318\n|switch|p1a: Rhydon|Rhydon|56/100\n|move|p2a: Jolteon|Double Kick|p1a: Rhydon\n|-crit|p1a: Rhydon\n|-supereffective|p1a: Rhydon\n|-damage|p1a: Rhydon|41/100\n|-damage|p1a: Rhydon|26/100\n|-hitcount|p1a: Rhydon|2\n|\n|upkeep\n|turn|41\n|inactive|Serpi n_n has 20 seconds left this turn.\n|inactive|Serpi n_n has 15 seconds left.\n|inactive|Kaz has 210 seconds left.\n|inactive|Kaz has 180 seconds left.\n|\n|t:|1739558380\n|switch|p2a: Exeggutor|Exeggutor|44/100\n|move|p1a: Rhydon|Earthquake|p2a: Exeggutor\n|-resisted|p2a: Exeggutor\n|-damage|p2a: Exeggutor|24/100\n|\n|upkeep\n|turn|42\n|inactive|Serpi n_n has 25 seconds left this turn.\n|inactive|Serpi n_n has 20 seconds left.\n|inactive|Serpi n_n has 15 seconds left.\n|inactive|Kaz has 180 seconds left.\n|inactive|Serpi n_n has 10 seconds left.\n|inactive|Serpi n_n has 5 seconds left.\n|\n|t:|1739558423\n|switch|p1a: Exeggutor|Exeggutor|39/100\n|move|p2a: Exeggutor|Psychic|p1a: Exeggutor\n|-resisted|p1a: Exeggutor\n|-damage|p1a: Exeggutor|26/100\n|\n|upkeep\n|turn|43\n|inactive|Serpi n_n has 15 seconds left this turn.\n|inactive|Serpi n_n has 10 seconds left.\n|inactive|Kaz has 150 seconds left.\n|\n|t:|1739558448\n|move|p2a: Exeggutor|Hyper Beam|p1a: Exeggutor|[miss]\n|-miss|p2a: Exeggutor\n|move|p1a: Exeggutor|Sleep Powder|p2a: Exeggutor|[miss]\n|-miss|p1a: Exeggutor\n|\n|upkeep\n|turn|44\n|inactive|Serpi n_n has 20 seconds left this turn.\n|inactive|Serpi n_n has 15 seconds left.\n|inactive|Serpi n_n has 10 seconds left.\n|\n|t:|1739558459\n|switch|p1a: Rhydon|Rhydon|26/100\n|move|p2a: Exeggutor|Hyper Beam|p1a: Rhydon\n|-resisted|p1a: Rhydon\n|-damage|p1a: Rhydon|15/100\n|-mustrecharge|p2a: Exeggutor\n|\n|upkeep\n|turn|45\n|inactive|Serpi n_n has 20 seconds left this turn.\n|\n|t:|1739558463\n|cant|p2a: Exeggutor|recharge\n|move|p1a: Rhydon|Body Slam|p2a: Exeggutor\n|-damage|p2a: Exeggutor|0 fnt\n|faint|p2a: Exeggutor\n|inactive|Serpi n_n has 25 seconds left this turn.\n|\n|t:|1739558466\n|switch|p2a: Jolteon|Jolteon|80/100\n|turn|46\n|\n|t:|1739558470\n|move|p2a: Jolteon|Double Kick|p1a: Rhydon\n|-supereffective|p1a: Rhydon\n|-damage|p1a: Rhydon|7/100\n|-damage|p1a: Rhydon|0 fnt\n|-hitcount|p1a: Rhydon|2\n|faint|p1a: Rhydon\n|inactive|Serpi n_n has 30 seconds left.\n|inactive|Serpi n_n has 20 seconds left.\n|inactive|Serpi n_n has 15 seconds left.\n|\n|t:|1739558496\n|switch|p1a: Tauros|Tauros|100/100\n|turn|47\n|inactive|Serpi n_n has 25 seconds left this turn.\n|\n|t:|1739558504\n|move|p2a: Jolteon|Thunderbolt|p1a: Tauros\n|-crit|p1a: Tauros\n|-damage|p1a: Tauros|14/100\n|move|p1a: Tauros|Body Slam|p2a: Jolteon\n|-damage|p2a: Jolteon|40/100\n|-status|p2a: Jolteon|par\n|\n|upkeep\n|turn|48\n|inactive|Serpi n_n has 30 seconds left.\n|\n|t:|1739558516\n|move|p1a: Tauros|Body Slam|p2a: Jolteon\n|-crit|p2a: Jolteon\n|-damage|p2a: Jolteon|0 fnt\n|faint|p2a: Jolteon\n|inactive|Serpi n_n has 30 seconds left this turn.\n|\n|t:|1739558519\n|switch|p2a: Snorlax|Snorlax|16/100 par\n|turn|49\n|\n|t:|1739558521\n|move|p1a: Tauros|Body Slam|p2a: Snorlax\n|-damage|p2a: Snorlax|0 fnt\n|faint|p2a: Snorlax\n|\n|win|Serpi n_n\n|c|☆Kaz|gg\n|c|☆Serpi n_n|ggs\n|player|p2|\n","uploadtime":1739558521,"views":"2193","formatid":"gen1ou","rating":null,"private":0,"password":null}