{"id":"smogtours-gen1ou-945708","format":"[Gen 1] OU","players":["TPM","HSOWA"],"log":"|inactive|Battle timer is ON: inactive players will automatically lose when time's up.\n|t:|1781301937\n|gametype|singles\n|player|p1|TPM|#rbywc2025|\n|player|p2|HSOWA|#lcclifennekins|\n|gen|1\n|tier|[Gen 1] OU\n|rule|Desync Clause Mod: Desyncs changed to move failure.\n|rule|HP Percentage Mod: HP is shown in percentages\n|rule|Endless Battle Clause: Forcing endless battles is banned\n|rule|Sleep Clause Mod: Limit one foe put to sleep\n|rule|Freeze Clause Mod: Limit one foe frozen\n|rule|Species Clause: Limit one of each Pokémon\n|rule|OHKO Clause: OHKO moves are banned\n|rule|Evasion Moves Clause: Evasion moves are banned\n|\n|t:|1781301937\n|teamsize|p1|6\n|teamsize|p2|6\n|start\n|switch|p1a: Gengar|Gengar|100/100\n|switch|p2a: Jynx|Jynx|100/100\n|turn|1\n|c|☆HSOWA|hf\n|\n|t:|1781301956\n|move|p1a: Gengar|Hypnosis|p2a: Jynx|[miss]\n|-miss|p1a: Gengar\n|move|p2a: Jynx|Lovely Kiss|p1a: Gengar|[miss]\n|-miss|p2a: Jynx\n|\n|upkeep\n|turn|2\n|\n|t:|1781301962\n|move|p1a: Gengar|Hypnosis|p2a: Jynx|[miss]\n|-miss|p1a: Gengar\n|move|p2a: Jynx|Lovely Kiss|p1a: Gengar\n|-status|p1a: Gengar|slp|[from] move: Lovely Kiss\n|\n|upkeep\n|turn|3\n|\n|t:|1781301987\n|switch|p1a: Alakazam|Alakazam|100/100\n|move|p2a: Jynx|Blizzard|p1a: Alakazam\n|-damage|p1a: Alakazam|67/100\n|\n|upkeep\n|turn|4\n|inactive|TPM has 270 seconds left.\n|\n|t:|1781302016\n|switch|p2a: Chansey|Chansey|100/100\n|move|p1a: Alakazam|Seismic Toss|p2a: Chansey\n|-damage|p2a: Chansey|86/100\n|\n|upkeep\n|turn|5\n|inactive|TPM has 270 seconds left.\n|\n|t:|1781302033\n|switch|p1a: Gengar|Gengar|100/100 slp\n|move|p2a: Chansey|Thunder Wave|p1a: Gengar\n|-fail|p1a: Gengar\n|\n|upkeep\n|turn|6\n|\n|t:|1781302050\n|switch|p1a: Exeggutor|Exeggutor|100/100\n|switch|p2a: Exeggutor|Exeggutor|100/100\n|\n|upkeep\n|turn|7\n|inactive|TPM has 270 seconds left.\n|c|☆TPM|Shit I forgot to say hf! \n|c|☆TPM|Hf!\n|\n|t:|1781302067\n|switch|p2a: Jynx|Jynx|100/100\n|move|p1a: Exeggutor|Sleep Powder|p2a: Jynx\n|-status|p2a: Jynx|slp|[from] move: Sleep Powder\n|\n|upkeep\n|turn|8\n|inactive|TPM has 240 seconds left.\n|\n|t:|1781302107\n|switch|p2a: Exeggutor|Exeggutor|100/100\n|switch|p1a: Tauros|Tauros|100/100\n|\n|upkeep\n|turn|9\n|inactive|TPM has 240 seconds left.\n|\n|t:|1781302130\n|switch|p1a: Exeggutor|Exeggutor|100/100\n|move|p2a: Exeggutor|Stun Spore|p1a: Exeggutor|[miss]\n|-miss|p2a: Exeggutor\n|\n|upkeep\n|turn|10\n|\n|t:|1781302138\n|move|p2a: Exeggutor|Stun Spore|p1a: Exeggutor\n|-status|p1a: Exeggutor|par\n|move|p1a: Exeggutor|Stun Spore|p2a: Exeggutor|[miss]\n|-miss|p1a: Exeggutor\n|\n|upkeep\n|turn|11\n|\n|t:|1781302144\n|move|p2a: Exeggutor|Psychic|p1a: Exeggutor\n|-resisted|p1a: Exeggutor\n|-damage|p1a: Exeggutor|88/100 par\n|-unboost|p1a: Exeggutor|spa|1\n|-unboost|p1a: Exeggutor|spd|1\n|cant|p1a: Exeggutor|par\n|\n|upkeep\n|turn|12\n|inactive|TPM has 240 seconds left.\n|\n|t:|1781302153\n|move|p2a: Exeggutor|Psychic|p1a: Exeggutor\n|-resisted|p1a: Exeggutor\n|-damage|p1a: Exeggutor|66/100 par\n|move|p1a: Exeggutor|Stun Spore|p2a: Exeggutor\n|-status|p2a: Exeggutor|par\n|\n|upkeep\n|turn|13\n|inactive|TPM has 240 seconds left.\n|inactive|TPM has 210 seconds left.\n|\n|t:|1781302198\n|switch|p1a: Alakazam|Alakazam|67/100\n|cant|p2a: Exeggutor|par\n|\n|upkeep\n|turn|14\n|inactive|TPM has 210 seconds left.\n|\n|t:|1781302210\n|switch|p1a: Exeggutor|Exeggutor|66/100 par\n|move|p2a: Exeggutor|Stun Spore|p1a: Exeggutor\n|-fail|p1a: Exeggutor|par\n|\n|upkeep\n|turn|15\n|inactive|TPM has 210 seconds left.\n|\n|t:|1781302217\n|move|p1a: Exeggutor|Psychic|p2a: Exeggutor\n|-resisted|p2a: Exeggutor\n|-damage|p2a: Exeggutor|88/100 par\n|-unboost|p2a: Exeggutor|spa|1\n|-unboost|p2a: Exeggutor|spd|1\n|move|p2a: Exeggutor|Psychic|p1a: Exeggutor\n|-resisted|p1a: Exeggutor\n|-damage|p1a: Exeggutor|57/100 par\n|-unboost|p1a: Exeggutor|spa|1\n|-unboost|p1a: Exeggutor|spd|1\n|\n|upkeep\n|turn|16\n|\n|t:|1781302225\n|switch|p1a: Cloyster|Cloyster|100/100\n|move|p2a: Exeggutor|Psychic|p1a: Cloyster\n|-damage|p1a: Cloyster|73/100\n|\n|upkeep\n|turn|17\n|\n|t:|1781302239\n|switch|p2a: Chansey|Chansey|86/100\n|move|p1a: Cloyster|Blizzard|p2a: Chansey\n|-damage|p2a: Chansey|68/100\n|\n|upkeep\n|turn|18\n|inactive|TPM has 210 seconds left.\n|\n|t:|1781302260\n|move|p1a: Cloyster|Clamp|p2a: Chansey\n|-damage|p2a: Chansey|63/100\n|cant|p2a: Chansey|partiallytrapped\n|\n|upkeep\n|turn|19\n|inactive|TPM has 210 seconds left.\n|\n|t:|1781302281\n|switch|p2a: Jynx|Jynx|100/100 slp\n|move|p1a: Cloyster|Clamp|p2a: Jynx|[miss]\n|-miss|p1a: Cloyster\n|\n|upkeep\n|turn|20\n|\n|t:|1781302300\n|switch|p1a: Tauros|Tauros|100/100\n|cant|p2a: Jynx|slp\n|\n|upkeep\n|turn|21\n|\n|t:|1781302307\n|switch|p2a: Exeggutor|Exeggutor|88/100 par\n|move|p1a: Tauros|Body Slam|p2a: Exeggutor\n|-damage|p2a: Exeggutor|58/100 par\n|\n|upkeep\n|turn|22\n|\n|t:|1781302322\n|switch|p1a: Exeggutor|Exeggutor|57/100 par\n|move|p2a: Exeggutor|Psychic|p1a: Exeggutor\n|-resisted|p1a: Exeggutor\n|-damage|p1a: Exeggutor|43/100 par\n|\n|upkeep\n|turn|23\n|\n|t:|1781302327\n|move|p1a: Exeggutor|Psychic|p2a: Exeggutor\n|-resisted|p2a: Exeggutor\n|-damage|p2a: Exeggutor|46/100 par\n|-unboost|p2a: Exeggutor|spa|1\n|-unboost|p2a: Exeggutor|spd|1\n|cant|p2a: Exeggutor|par\n|\n|upkeep\n|turn|24\n|inactive|TPM has 210 seconds left.\n|inactive|HSOWA has 270 seconds left.\n|\n|t:|1781302360\n|switch|p2a: Zapdos|Zapdos|100/100\n|move|p1a: Exeggutor|Psychic|p2a: Zapdos\n|-damage|p2a: Zapdos|72/100\n|\n|upkeep\n|turn|25\n|inactive|TPM has 210 seconds left.\n|inactive|TPM has 180 seconds left.\n|inactive|TPM has 150 seconds left.\n|\n|t:|1781302430\n|move|p2a: Zapdos|Drill Peck|p1a: Exeggutor\n|-crit|p1a: Exeggutor\n|-supereffective|p1a: Exeggutor\n|-damage|p1a: Exeggutor|0 fnt\n|faint|p1a: Exeggutor\n|\n|t:|1781302449\n|switch|p1a: Alakazam|Alakazam|67/100\n|turn|26\n|inactive|TPM has 120 seconds left.\n|inactive|HSOWA has 270 seconds left.\n|\n|t:|1781302504\n|switch|p2a: Chansey|Chansey|63/100\n|move|p1a: Alakazam|Seismic Toss|p2a: Chansey\n|-damage|p2a: Chansey|49/100\n|\n|upkeep\n|turn|27\n|\n|t:|1781302513\n|move|p1a: Alakazam|Thunder Wave|p2a: Chansey\n|-status|p2a: Chansey|par\n|move|p2a: Chansey|Soft-Boiled|p2a: Chansey\n|-heal|p2a: Chansey|99/100 par\n|\n|upkeep\n|turn|28\n|\n|t:|1781302528\n|move|p1a: Alakazam|Psychic|p2a: Chansey\n|-damage|p2a: Chansey|81/100 par\n|move|p2a: Chansey|Thunder Wave|p1a: Alakazam\n|-status|p1a: Alakazam|par\n|\n|upkeep\n|turn|29\n|\n|t:|1781302538\n|move|p1a: Alakazam|Recover|p1a: Alakazam\n|-heal|p1a: Alakazam|100/100 par\n|move|p2a: Chansey|Seismic Toss|p1a: Alakazam\n|-damage|p1a: Alakazam|69/100 par\n|\n|upkeep\n|turn|30\n|\n|t:|1781302544\n|move|p1a: Alakazam|Psychic|p2a: Chansey\n|-crit|p2a: Chansey\n|-damage|p2a: Chansey|46/100 par\n|-unboost|p2a: Chansey|spa|1\n|-unboost|p2a: Chansey|spd|1\n|move|p2a: Chansey|Seismic Toss|p1a: Alakazam\n|-damage|p1a: Alakazam|37/100 par\n|\n|upkeep\n|turn|31\n|\n|t:|1781302552\n|move|p1a: Alakazam|Psychic|p2a: Chansey\n|-crit|p2a: Chansey\n|-damage|p2a: Chansey|9/100 par\n|move|p2a: Chansey|Soft-Boiled|p2a: Chansey\n|-heal|p2a: Chansey|59/100 par\n|\n|upkeep\n|turn|32\n|\n|t:|1781302564\n|move|p1a: Alakazam|Psychic|p2a: Chansey\n|-crit|p2a: Chansey\n|-damage|p2a: Chansey|26/100 par\n|move|p2a: Chansey|Soft-Boiled|p2a: Chansey\n|-heal|p2a: Chansey|76/100 par\n|\n|upkeep\n|turn|33\n|\n|t:|1781302574\n|move|p1a: Alakazam|Recover|p1a: Alakazam\n|-heal|p1a: Alakazam|86/100 par\n|cant|p2a: Chansey|par\n|\n|upkeep\n|turn|34\n|\n|t:|1781302584\n|move|p1a: Alakazam|Psychic|p2a: Chansey\n|-damage|p2a: Chansey|50/100 par\n|cant|p2a: Chansey|par\n|\n|upkeep\n|turn|35\n|\n|t:|1781302590\n|move|p1a: Alakazam|Psychic|p2a: Chansey\n|-damage|p2a: Chansey|22/100 par\n|move|p2a: Chansey|Soft-Boiled|p2a: Chansey\n|-heal|p2a: Chansey|72/100 par\n|\n|upkeep\n|turn|36\n|\n|t:|1781302619\n|switch|p2a: Exeggutor|Exeggutor|46/100 par\n|move|p1a: Alakazam|Seismic Toss|p2a: Exeggutor\n|-damage|p2a: Exeggutor|21/100 par\n|\n|upkeep\n|turn|37\n|\n|t:|1781302628\n|cant|p1a: Alakazam|par\n|move|p2a: Exeggutor|Explosion|p1a: Alakazam\n|-damage|p1a: Alakazam|0 fnt\n|faint|p1a: Alakazam\n|faint|p2a: Exeggutor\n|c|☆TPM|Oof that one is really bad \n|inactive|HSOWA has 270 seconds left.\n|\n|t:|1781302658\n|switch|p1a: Tauros|Tauros|100/100\n|switch|p2a: Zapdos|Zapdos|72/100\n|turn|38\n|inactive|HSOWA has 270 seconds left.\n|\n|t:|1781302665\n|move|p1a: Tauros|Body Slam|p2a: Zapdos\n|-damage|p2a: Zapdos|43/100\n|move|p2a: Zapdos|Thunder Wave|p1a: Tauros\n|-status|p1a: Tauros|par\n|\n|upkeep\n|turn|39\n|inactive|HSOWA has 270 seconds left.\n|\n|t:|1781302684\n|switch|p2a: Snorlax|Snorlax|100/100\n|move|p1a: Tauros|Hyper Beam|p2a: Snorlax\n|-damage|p2a: Snorlax|54/100\n|-mustrecharge|p1a: Tauros\n|\n|upkeep\n|turn|40\n|\n|t:|1781302689\n|cant|p1a: Tauros|recharge\n|move|p2a: Snorlax|Counter|p1a: Tauros\n|-damage|p1a: Tauros|0 fnt\n|faint|p1a: Tauros\n|\n|t:|1781302704\n|switch|p1a: Cloyster|Cloyster|73/100\n|turn|41\n|\n|t:|1781302720\n|move|p1a: Cloyster|Clamp|p2a: Snorlax\n|-damage|p2a: Snorlax|44/100\n|cant|p2a: Snorlax|partiallytrapped\n|\n|upkeep\n|turn|42\n|inactive|HSOWA has 270 seconds left.\n|\n|t:|1781302745\n|switch|p2a: Jynx|Jynx|100/100 slp\n|move|p1a: Cloyster|Clamp|p2a: Jynx|[miss]\n|-miss|p1a: Cloyster\n|\n|upkeep\n|turn|43\n|\n|t:|1781302749\n|switch|p1a: Dragonite|Dragonite|100/100\n|-curestatus|p2a: Jynx|slp|[msg]\n|\n|upkeep\n|turn|44\n|\n|t:|1781302753\n|switch|p1a: Gengar|Gengar|100/100 slp\n|move|p2a: Jynx|Blizzard|p1a: Gengar\n|-damage|p1a: Gengar|65/100 slp\n|\n|upkeep\n|turn|45\n|c|☆TPM|Aw damn can't get anything lol \n|\n|t:|1781302762\n|cant|p1a: Gengar|slp\n|move|p2a: Jynx|Psychic|p1a: Gengar\n|-supereffective|p1a: Gengar\n|-damage|p1a: Gengar|14/100 slp\n|\n|upkeep\n|turn|46\n|\n|t:|1781302765\n|cant|p1a: Gengar|slp\n|move|p2a: Jynx|Psychic|p1a: Gengar\n|-supereffective|p1a: Gengar\n|-damage|p1a: Gengar|0 fnt\n|faint|p1a: Gengar\n|\n|t:|1781302766\n|switch|p1a: Cloyster|Cloyster|73/100\n|turn|47\n|\n|t:|1781302770\n|move|p2a: Jynx|Psychic|p1a: Cloyster\n|-damage|p1a: Cloyster|37/100\n|-unboost|p1a: Cloyster|spa|1\n|-unboost|p1a: Cloyster|spd|1\n|move|p1a: Cloyster|Explosion|p2a: Jynx\n|-crit|p2a: Jynx\n|-damage|p2a: Jynx|0 fnt\n|faint|p2a: Jynx\n|faint|p1a: Cloyster\n|\n|t:|1781302791\n|switch|p2a: Zapdos|Zapdos|43/100\n|switch|p1a: Dragonite|Dragonite|100/100\n|turn|48\n|inactive|TPM has 180 seconds left.\n|\n|t:|1781302834\n|move|p2a: Zapdos|Thunder Wave|p1a: Dragonite\n|-status|p1a: Dragonite|par\n|move|p1a: Dragonite|Agility|p1a: Dragonite\n|-boost|p1a: Dragonite|spe|2\n|\n|upkeep\n|turn|49\n|inactive|TPM has 150 seconds left.\n|\n|t:|1781302872\n|move|p1a: Dragonite|Wrap|p2a: Zapdos\n|-crit|p2a: Zapdos\n|-damage|p2a: Zapdos|34/100\n|cant|p2a: Zapdos|partiallytrapped\n|\n|upkeep\n|turn|50\n|\n|t:|1781302879\n|move|p1a: Dragonite|Wrap|p2a: Zapdos|[from] Wrap\n|-damage|p2a: Zapdos|25/100\n|\n|upkeep\n|turn|51\n|inactive|TPM has 150 seconds left.\n|\n|t:|1781302894\n|move|p1a: Dragonite|Blizzard|p2a: Zapdos\n|-supereffective|p2a: Zapdos\n|-damage|p2a: Zapdos|0 fnt\n|faint|p2a: Zapdos\n|\n|t:|1781302904\n|switch|p2a: Snorlax|Snorlax|44/100\n|turn|52\n|\n|t:|1781302910\n|move|p1a: Dragonite|Wrap|p2a: Snorlax\n|-damage|p2a: Snorlax|41/100\n|cant|p2a: Snorlax|partiallytrapped\n|\n|upkeep\n|turn|53\n|\n|t:|1781302915\n|switch|p2a: Chansey|Chansey|72/100 par\n|cant|p1a: Dragonite|par\n|\n|upkeep\n|turn|54\n|\n|t:|1781302926\n|move|p1a: Dragonite|Wrap|p2a: Chansey\n|-damage|p2a: Chansey|67/100 par\n|cant|p2a: Chansey|partiallytrapped\n|\n|upkeep\n|turn|55\n|\n|t:|1781302929\n|move|p1a: Dragonite|Wrap|p2a: Chansey|[from] Wrap\n|-damage|p2a: Chansey|62/100 par\n|\n|upkeep\n|turn|56\n|\n|t:|1781302933\n|move|p1a: Dragonite|Wrap|p2a: Chansey|[from] Wrap\n|-damage|p2a: Chansey|56/100 par\n|\n|upkeep\n|turn|57\n|\n|t:|1781302939\n|cant|p1a: Dragonite|par\n|\n|upkeep\n|turn|58\n|\n|t:|1781302955\n|move|p1a: Dragonite|Wrap|p2a: Chansey\n|-crit|p2a: Chansey\n|-damage|p2a: Chansey|46/100 par\n|cant|p2a: Chansey|partiallytrapped\n|\n|upkeep\n|turn|59\n|\n|t:|1781302961\n|move|p1a: Dragonite|Wrap|p2a: Chansey|[from] Wrap\n|-damage|p2a: Chansey|35/100 par\n|\n|upkeep\n|turn|60\n|\n|t:|1781302969\n|move|p1a: Dragonite|Hyper Beam|p2a: Chansey\n|-damage|p2a: Chansey|0 fnt\n|faint|p2a: Chansey\n|\n|t:|1781302975\n|switch|p2a: Snorlax|Snorlax|41/100\n|turn|61\n|\n|t:|1781302979\n|move|p1a: Dragonite|Wrap|p2a: Snorlax\n|-damage|p2a: Snorlax|37/100\n|cant|p2a: Snorlax|partiallytrapped\n|\n|upkeep\n|turn|62\n|\n|t:|1781302984\n|move|p1a: Dragonite|Wrap|p2a: Snorlax|[from] Wrap\n|-damage|p2a: Snorlax|33/100\n|\n|upkeep\n|turn|63\n|\n|t:|1781302987\n|cant|p1a: Dragonite|par\n|\n|upkeep\n|turn|64\n|inactive|TPM has 240 seconds left.\n|\n|t:|1781303007\n|cant|p1a: Dragonite|par\n|move|p2a: Snorlax|Self-Destruct|p1a: Dragonite\n|-damage|p1a: Dragonite|13/100 par\n|faint|p2a: Snorlax\n|\n|t:|1781303011\n|switch|p2a: Tauros|Tauros|100/100\n|turn|65\n|\n|t:|1781303015\n|move|p1a: Dragonite|Wrap|p2a: Tauros\n|-damage|p2a: Tauros|96/100\n|cant|p2a: Tauros|partiallytrapped\n|\n|upkeep\n|turn|66\n|\n|t:|1781303018\n|cant|p1a: Dragonite|par\n|\n|upkeep\n|turn|67\n|\n|t:|1781303020\n|move|p1a: Dragonite|Wrap|p2a: Tauros\n|-damage|p2a: Tauros|91/100\n|cant|p2a: Tauros|partiallytrapped\n|\n|upkeep\n|turn|68\n|\n|t:|1781303022\n|move|p1a: Dragonite|Wrap|p2a: Tauros|[from] Wrap\n|-damage|p2a: Tauros|87/100\n|\n|upkeep\n|turn|69\n|\n|t:|1781303027\n|move|p1a: Dragonite|Wrap|p2a: Tauros\n|-crit|p2a: Tauros\n|-damage|p2a: Tauros|78/100\n|cant|p2a: Tauros|partiallytrapped\n|\n|upkeep\n|turn|70\n|\n|t:|1781303042\n|move|p1a: Dragonite|Wrap|p2a: Tauros|[from] Wrap\n|-damage|p2a: Tauros|69/100\n|\n|upkeep\n|turn|71\n|\n|t:|1781303049\n|move|p1a: Dragonite|Wrap|p2a: Tauros\n|-damage|p2a: Tauros|65/100\n|cant|p2a: Tauros|partiallytrapped\n|\n|upkeep\n|turn|72\n|\n|t:|1781303054\n|move|p1a: Dragonite|Wrap|p2a: Tauros|[from] Wrap\n|-damage|p2a: Tauros|60/100\n|\n|upkeep\n|turn|73\n|\n|t:|1781303063\n|cant|p1a: Dragonite|par\n|move|p2a: Tauros|Body Slam|p1a: Dragonite\n|-damage|p1a: Dragonite|0 fnt\n|faint|p1a: Dragonite\n|\n|win|HSOWA\n","uploadtime":1781303063,"views":"75","formatid":"gen1ou","rating":null,"private":0,"password":null}