{"id":"smogtours-gen1ou-953774","format":"[Gen 1] OU","players":["TheStupe","Abucketofchubs"],"log":"|inactive|Battle timer is ON: inactive players will automatically lose when time's up.\n|t:|1783289682\n|gametype|singles\n|player|p1|TheStupe|psychicf-gen4|\n|player|p2|Abucketofchubs|youngster-gen4dp|\n|gen|1\n|tier|[Gen 1] OU\n|rule|Desync Clause Mod: Desyncs changed to move failure.\n|rule|HP Percentage Mod: HP is shown in percentages\n|rule|Endless Battle Clause: Forcing endless battles is banned\n|rule|Sleep Clause Mod: Limit one foe put to sleep\n|rule|Freeze Clause Mod: Limit one foe frozen\n|rule|Species Clause: Limit one of each Pokémon\n|rule|OHKO Clause: OHKO moves are banned\n|rule|Evasion Moves Clause: Evasion moves are banned\n|\n|t:|1783289682\n|teamsize|p1|6\n|teamsize|p2|6\n|start\n|switch|p1a: Alakazam|Alakazam|100/100\n|switch|p2a: Alakazam|Alakazam|100/100\n|turn|1\n|c|☆TheStupe|hf\n|\n|t:|1783289692\n|switch|p1a: Exeggutor|Exeggutor|100/100\n|move|p2a: Alakazam|Seismic Toss|p1a: Exeggutor\n|-damage|p1a: Exeggutor|75/100\n|\n|upkeep\n|turn|2\n|\n|t:|1783289694\n|move|p2a: Alakazam|Thunder Wave|p1a: Exeggutor\n|-status|p1a: Exeggutor|par\n|cant|p1a: Exeggutor|par\n|\n|upkeep\n|turn|3\n|\n|t:|1783289699\n|move|p2a: Alakazam|Seismic Toss|p1a: Exeggutor\n|-damage|p1a: Exeggutor|50/100 par\n|move|p1a: Exeggutor|Sleep Powder|p2a: Alakazam|[miss]\n|-miss|p1a: Exeggutor\n|\n|upkeep\n|turn|4\n|\n|t:|1783289709\n|move|p2a: Alakazam|Seismic Toss|p1a: Exeggutor\n|-damage|p1a: Exeggutor|24/100 par\n|cant|p1a: Exeggutor|par\n|\n|upkeep\n|turn|5\n|\n|t:|1783289722\n|switch|p2a: Exeggutor|Exeggutor|100/100\n|switch|p1a: Chansey|Chansey|100/100\n|\n|upkeep\n|turn|6\n|\n|t:|1783289730\n|switch|p1a: Alakazam|Alakazam|100/100\n|move|p2a: Exeggutor|Psychic|p1a: Alakazam\n|-resisted|p1a: Alakazam\n|-damage|p1a: Alakazam|85/100\n|\n|upkeep\n|turn|7\n|\n|t:|1783289734\n|switch|p1a: Exeggutor|Exeggutor|24/100 par\n|move|p2a: Exeggutor|Psychic|p1a: Exeggutor\n|-crit|p1a: Exeggutor\n|-resisted|p1a: Exeggutor\n|-damage|p1a: Exeggutor|0 fnt\n|faint|p1a: Exeggutor\n|\n|t:|1783289737\n|switch|p1a: Alakazam|Alakazam|85/100\n|turn|8\n|\n|t:|1783289754\n|move|p1a: Alakazam|Thunder Wave|p2a: Exeggutor\n|-status|p2a: Exeggutor|par\n|move|p2a: Exeggutor|Sleep Powder|p1a: Alakazam\n|-status|p1a: Alakazam|slp|[from] move: Sleep Powder\n|\n|upkeep\n|turn|9\n|inactive|Abucketofchubs has 270 seconds left.\n|\n|t:|1783289782\n|switch|p1a: Chansey|Chansey|100/100\n|move|p2a: Exeggutor|Psychic|p1a: Chansey\n|-damage|p1a: Chansey|83/100\n|\n|upkeep\n|turn|10\n|\n|t:|1783289789\n|move|p1a: Chansey|Ice Beam|p2a: Exeggutor\n|-supereffective|p2a: Exeggutor\n|-damage|p2a: Exeggutor|66/100 par\n|cant|p2a: Exeggutor|par\n|\n|upkeep\n|turn|11\n|\n|t:|1783289798\n|switch|p1a: Alakazam|Alakazam|85/100 slp\n|switch|p2a: Chansey|Chansey|100/100\n|\n|upkeep\n|turn|12\n|\n|t:|1783289803\n|switch|p1a: Chansey|Chansey|83/100\n|move|p2a: Chansey|Ice Beam|p1a: Chansey\n|-damage|p1a: Chansey|73/100\n|\n|upkeep\n|turn|13\n|\n|t:|1783289807\n|move|p2a: Chansey|Thunder Wave|p1a: Chansey\n|-status|p1a: Chansey|par\n|move|p1a: Chansey|Thunder Wave|p2a: Chansey\n|-status|p2a: Chansey|par\n|\n|upkeep\n|turn|14\n|\n|t:|1783289814\n|switch|p2a: Exeggutor|Exeggutor|66/100 par\n|cant|p1a: Chansey|par\n|\n|upkeep\n|turn|15\n|\n|t:|1783289819\n|move|p2a: Exeggutor|Psychic|p1a: Chansey\n|-damage|p1a: Chansey|57/100 par\n|move|p1a: Chansey|Soft-Boiled|p1a: Chansey\n|-heal|p1a: Chansey|100/100 par\n|\n|upkeep\n|turn|16\n|\n|t:|1783289828\n|move|p2a: Exeggutor|Psychic|p1a: Chansey\n|-damage|p1a: Chansey|83/100 par\n|cant|p1a: Chansey|par\n|\n|upkeep\n|turn|17\n|\n|t:|1783289844\n|move|p2a: Exeggutor|Explosion|p1a: Chansey\n|-damage|p1a: Chansey|0 fnt\n|faint|p1a: Chansey\n|faint|p2a: Exeggutor\n|\n|t:|1783289855\n|switch|p2a: Starmie|Starmie|100/100\n|switch|p1a: Slowbro|Slowbro|100/100\n|turn|18\n|\n|t:|1783289858\n|move|p2a: Starmie|Thunder Wave|p1a: Slowbro\n|-status|p1a: Slowbro|par\n|move|p1a: Slowbro|Thunder Wave|p2a: Starmie\n|-status|p2a: Starmie|par\n|\n|upkeep\n|turn|19\n|\n|t:|1783289861\n|move|p2a: Starmie|Thunderbolt|p1a: Slowbro\n|-crit|p1a: Slowbro\n|-supereffective|p1a: Slowbro\n|-damage|p1a: Slowbro|18/100 par\n|move|p1a: Slowbro|Amnesia|p1a: Slowbro\n|-boost|p1a: Slowbro|spa|2\n|-boost|p1a: Slowbro|spd|2\n|\n|upkeep\n|turn|20\n|inactive|Abucketofchubs has 270 seconds left.\n|inactive|Abucketofchubs has 240 seconds left.\n|\n|t:|1783289924\n|switch|p2a: Snorlax|Snorlax|100/100\n|move|p1a: Slowbro|Rest|p1a: Slowbro\n|-status|p1a: Slowbro|slp|[from] move: Rest\n|-heal|p1a: Slowbro|100/100 slp|[silent]\n|\n|upkeep\n|turn|21\n|\n|t:|1783289931\n|move|p2a: Snorlax|Body Slam|p1a: Slowbro\n|-damage|p1a: Slowbro|75/100 slp\n|cant|p1a: Slowbro|slp\n|\n|upkeep\n|turn|22\n|\n|t:|1783289933\n|move|p2a: Snorlax|Body Slam|p1a: Slowbro\n|-damage|p1a: Slowbro|49/100 slp\n|-curestatus|p1a: Slowbro|slp|[msg]\n|\n|upkeep\n|turn|23\n|\n|t:|1783289955\n|switch|p1a: Alakazam|Alakazam|85/100 slp\n|move|p2a: Snorlax|Body Slam|p1a: Alakazam\n|-damage|p1a: Alakazam|35/100 slp\n|\n|upkeep\n|turn|24\n|\n|t:|1783289959\n|cant|p1a: Alakazam|slp\n|move|p2a: Snorlax|Body Slam|p1a: Alakazam\n|-damage|p1a: Alakazam|0 fnt\n|faint|p1a: Alakazam\n|\n|t:|1783289961\n|switch|p1a: Rhydon|Rhydon|100/100\n|turn|25\n|\n|t:|1783289965\n|move|p1a: Rhydon|Earthquake|p2a: Snorlax\n|-damage|p2a: Snorlax|67/100\n|move|p2a: Snorlax|Reflect|p2a: Snorlax\n|-start|p2a: Snorlax|Reflect\n|\n|upkeep\n|turn|26\n|\n|t:|1783289969\n|move|p1a: Rhydon|Substitute|p1a: Rhydon\n|-start|p1a: Rhydon|Substitute\n|-damage|p1a: Rhydon|76/100\n|move|p2a: Snorlax|Earthquake|p1a: Rhydon\n|-supereffective|p1a: Rhydon\n|-end|p1a: Rhydon|Substitute\n|\n|upkeep\n|turn|27\n|\n|t:|1783289974\n|move|p1a: Rhydon|Earthquake|p2a: Snorlax\n|-damage|p2a: Snorlax|51/100\n|move|p2a: Snorlax|Earthquake|p1a: Rhydon\n|-supereffective|p1a: Rhydon\n|-damage|p1a: Rhydon|41/100\n|\n|upkeep\n|turn|28\n|\n|t:|1783289978\n|move|p1a: Rhydon|Earthquake|p2a: Snorlax\n|-damage|p2a: Snorlax|32/100\n|move|p2a: Snorlax|Earthquake|p1a: Rhydon\n|-supereffective|p1a: Rhydon\n|-damage|p1a: Rhydon|5/100\n|\n|upkeep\n|turn|29\n|\n|t:|1783289983\n|move|p1a: Rhydon|Earthquake|p2a: Snorlax\n|-damage|p2a: Snorlax|14/100\n|move|p2a: Snorlax|Body Slam|p1a: Rhydon\n|-resisted|p1a: Rhydon\n|-damage|p1a: Rhydon|0 fnt\n|faint|p1a: Rhydon\n|\n|t:|1783289996\n|switch|p1a: Tauros|Tauros|100/100\n|turn|30\n|\n|t:|1783290016\n|switch|p2a: Chansey|Chansey|100/100 par\n|move|p1a: Tauros|Blizzard|p2a: Chansey\n|-damage|p2a: Chansey|91/100 par\n|\n|upkeep\n|turn|31\n|inactive|TheStupe has 270 seconds left.\n|c|☆Abucketofchubs|Regardless of how this ends can you upload? lost a few of the games from dc \n|inactive|TheStupe has 240 seconds left.\n|c|☆TheStupe|No problem\n|inactive|TheStupe has 210 seconds left.\n|\n|t:|1783290115\n|move|p1a: Tauros|Body Slam|p2a: Chansey\n|-crit|p2a: Chansey\n|-damage|p2a: Chansey|21/100 par\n|move|p2a: Chansey|Thunder Wave|p1a: Tauros\n|-status|p1a: Tauros|par\n|\n|upkeep\n|turn|32\n|\n|t:|1783290129\n|move|p1a: Tauros|Body Slam|p2a: Chansey\n|-damage|p2a: Chansey|0 fnt\n|faint|p2a: Chansey\n|inactive|Abucketofchubs has 270 seconds left.\n|inactive|Abucketofchubs has 240 seconds left.\n|\n|t:|1783290190\n|switch|p2a: Starmie|Starmie|100/100 par\n|turn|33\n|inactive|TheStupe has 210 seconds left.\n|\n|t:|1783290201\n|move|p2a: Starmie|Surf|p1a: Tauros\n|-damage|p1a: Tauros|59/100 par\n|move|p1a: Tauros|Body Slam|p2a: Starmie\n|-damage|p2a: Starmie|64/100 par\n|\n|upkeep\n|turn|34\n|\n|t:|1783290204\n|cant|p2a: Starmie|par\n|move|p1a: Tauros|Body Slam|p2a: Starmie\n|-damage|p2a: Starmie|29/100 par\n|\n|upkeep\n|turn|35\n|inactive|TheStupe has 210 seconds left.\n|inactive|TheStupe has 180 seconds left.\n|\n|t:|1783290264\n|move|p2a: Starmie|Surf|p1a: Tauros\n|-damage|p1a: Tauros|16/100 par\n|cant|p1a: Tauros|par\n|\n|upkeep\n|turn|36\n|\n|t:|1783290276\n|move|p2a: Starmie|Surf|p1a: Tauros\n|-crit|p1a: Tauros\n|-damage|p1a: Tauros|0 fnt\n|faint|p1a: Tauros\n|\n|t:|1783290277\n|switch|p1a: Slowbro|Slowbro|49/100\n|turn|37\n|\n|t:|1783290283\n|move|p1a: Slowbro|Amnesia|p1a: Slowbro\n|-boost|p1a: Slowbro|spa|2\n|-boost|p1a: Slowbro|spd|2\n|cant|p2a: Starmie|par\n|\n|upkeep\n|turn|38\n|inactive|TheStupe has 180 seconds left.\n|\n|t:|1783290337\n|move|p1a: Slowbro|Surf|p2a: Starmie\n|-resisted|p2a: Starmie\n|-damage|p2a: Starmie|0 fnt\n|faint|p2a: Starmie\n|\n|t:|1783290340\n|switch|p2a: Alakazam|Alakazam|100/100\n|turn|39\n|\n|t:|1783290351\n|move|p2a: Alakazam|Thunder Wave|p1a: Slowbro\n|-status|p1a: Slowbro|par\n|cant|p1a: Slowbro|par\n|\n|upkeep\n|turn|40\n|\n|t:|1783290354\n|move|p2a: Alakazam|Seismic Toss|p1a: Slowbro\n|-damage|p1a: Slowbro|24/100 par\n|move|p1a: Slowbro|Rest|p1a: Slowbro\n|-status|p1a: Slowbro|slp|[from] move: Rest\n|-heal|p1a: Slowbro|100/100 slp|[silent]\n|\n|upkeep\n|turn|41\n|\n|t:|1783290357\n|move|p2a: Alakazam|Seismic Toss|p1a: Slowbro\n|-damage|p1a: Slowbro|75/100 slp\n|cant|p1a: Slowbro|slp\n|\n|upkeep\n|turn|42\n|\n|t:|1783290358\n|move|p2a: Alakazam|Seismic Toss|p1a: Slowbro\n|-damage|p1a: Slowbro|50/100 slp\n|-curestatus|p1a: Slowbro|slp|[msg]\n|\n|upkeep\n|turn|43\n|\n|t:|1783290365\n|move|p2a: Alakazam|Seismic Toss|p1a: Slowbro\n|-damage|p1a: Slowbro|24/100\n|move|p1a: Slowbro|Rest|p1a: Slowbro\n|-status|p1a: Slowbro|slp|[from] move: Rest\n|-heal|p1a: Slowbro|100/100 slp|[silent]\n|\n|upkeep\n|turn|44\n|\n|t:|1783290370\n|move|p2a: Alakazam|Seismic Toss|p1a: Slowbro\n|-damage|p1a: Slowbro|75/100 slp\n|cant|p1a: Slowbro|slp\n|\n|upkeep\n|turn|45\n|\n|t:|1783290372\n|move|p2a: Alakazam|Seismic Toss|p1a: Slowbro\n|-damage|p1a: Slowbro|50/100 slp\n|-curestatus|p1a: Slowbro|slp|[msg]\n|\n|upkeep\n|turn|46\n|\n|t:|1783290378\n|move|p2a: Alakazam|Seismic Toss|p1a: Slowbro\n|-damage|p1a: Slowbro|24/100\n|move|p1a: Slowbro|Rest|p1a: Slowbro\n|-status|p1a: Slowbro|slp|[from] move: Rest\n|-heal|p1a: Slowbro|100/100 slp|[silent]\n|\n|upkeep\n|turn|47\n|\n|t:|1783290380\n|move|p2a: Alakazam|Seismic Toss|p1a: Slowbro\n|-damage|p1a: Slowbro|75/100 slp\n|cant|p1a: Slowbro|slp\n|\n|upkeep\n|turn|48\n|\n|t:|1783290381\n|move|p2a: Alakazam|Seismic Toss|p1a: Slowbro\n|-damage|p1a: Slowbro|50/100 slp\n|-curestatus|p1a: Slowbro|slp|[msg]\n|\n|upkeep\n|turn|49\n|\n|t:|1783290386\n|move|p2a: Alakazam|Thunder Wave|p1a: Slowbro\n|-status|p1a: Slowbro|par\n|cant|p1a: Slowbro|par\n|\n|upkeep\n|turn|50\n|\n|t:|1783290389\n|move|p2a: Alakazam|Seismic Toss|p1a: Slowbro\n|-damage|p1a: Slowbro|24/100 par\n|cant|p1a: Slowbro|par\n|\n|upkeep\n|turn|51\n|\n|t:|1783290391\n|move|p2a: Alakazam|Seismic Toss|p1a: Slowbro\n|-damage|p1a: Slowbro|0 fnt\n|faint|p1a: Slowbro\n|\n|win|Abucketofchubs\n|c|☆TheStupe|ggs\n|c|☆Abucketofchubs|ggs\n|c|☆Abucketofchubs|sorry for lax crir\n|c|☆Abucketofchubs|you prob shoulda won that game \n|c|☆TheStupe|I also boomed your Starmie game 3 and FPed out of it\n|c|☆TheStupe|As lax\n|c|☆Abucketofchubs|Sorry yo \n|c|☆Abucketofchubs|ggs\n|c|☆TheStupe|ggs\n|c|☆Abucketofchubs|I thought you had boom to\n|c|☆Abucketofchubs|was shitting myself\n","uploadtime":1783290391,"views":"92","formatid":"gen1ou","rating":null,"private":0,"password":null}