{"id":"smogtours-gen1ou-821261","format":"[Gen 1] OU","players":["chuva de perereca","Luispeikou"],"log":"|inactive|Battle timer is ON: inactive players will automatically lose when time's up.\n|t:|1740240324\n|gametype|singles\n|player|p1|chuva de perereca|lyra|\n|player|p2|Luispeikou|#splxvityrants2|\n|teamsize|p1|6\n|teamsize|p2|6\n|gen|1\n|tier|[Gen 1] OU\n|rule|Desync Clause Mod: Desyncs changed to move failure.\n|rule|Sleep Clause Mod: Limit one foe put to sleep\n|rule|Freeze Clause Mod: Limit one foe frozen\n|rule|Species Clause: Limit one of each Pokémon\n|rule|OHKO Clause: OHKO moves are banned\n|rule|Evasion Moves Clause: Evasion moves are banned\n|rule|Endless Battle Clause: Forcing endless battles is banned\n|rule|HP Percentage Mod: HP is shown in percentages\n|\n|t:|1740240324\n|start\n|switch|p1a: Alakazam|Alakazam|100/100\n|switch|p2a: Starmie|Starmie|100/100\n|turn|1\n|inactive|Luispeikou also wants the timer to be on.\n|c|☆chuva de perereca|hf\n|c|☆Luispeikou|hf\n|\n|t:|1740240346\n|move|p1a: Alakazam|Seismic Toss|p2a: Starmie\n|-damage|p2a: Starmie|70/100\n|move|p2a: Starmie|Blizzard|p1a: Alakazam\n|-damage|p1a: Alakazam|77/100\n|\n|upkeep\n|turn|2\n|\n|t:|1740240352\n|move|p1a: Alakazam|Thunder Wave|p2a: Starmie\n|-status|p2a: Starmie|par\n|move|p2a: Starmie|Recover|p2a: Starmie\n|-heal|p2a: Starmie|100/100 par\n|\n|upkeep\n|turn|3\n|\n|t:|1740240355\n|move|p1a: Alakazam|Seismic Toss|p2a: Starmie\n|-damage|p2a: Starmie|70/100 par\n|move|p2a: Starmie|Blizzard|p1a: Alakazam\n|-damage|p1a: Alakazam|52/100\n|\n|upkeep\n|turn|4\n|\n|t:|1740240358\n|move|p1a: Alakazam|Seismic Toss|p2a: Starmie\n|-damage|p2a: Starmie|39/100 par\n|move|p2a: Starmie|Recover|p2a: Starmie\n|-heal|p2a: Starmie|88/100 par\n|\n|upkeep\n|turn|5\n|\n|t:|1740240360\n|move|p1a: Alakazam|Seismic Toss|p2a: Starmie\n|-damage|p2a: Starmie|57/100 par\n|move|p2a: Starmie|Recover|p2a: Starmie\n|-heal|p2a: Starmie|100/100 par\n|\n|upkeep\n|turn|6\n|\n|t:|1740240363\n|move|p1a: Alakazam|Seismic Toss|p2a: Starmie\n|-damage|p2a: Starmie|70/100 par\n|move|p2a: Starmie|Thunder Wave|p1a: Alakazam\n|-status|p1a: Alakazam|par\n|\n|upkeep\n|turn|7\n|\n|t:|1740240368\n|move|p1a: Alakazam|Recover|p1a: Alakazam\n|-heal|p1a: Alakazam|100/100 par\n|move|p2a: Starmie|Recover|p2a: Starmie\n|-heal|p2a: Starmie|100/100 par\n|\n|upkeep\n|turn|8\n|rated|Smogon Premier League\n|\n|t:|1740240372\n|move|p1a: Alakazam|Seismic Toss|p2a: Starmie\n|-damage|p2a: Starmie|70/100 par\n|move|p2a: Starmie|Psychic|p1a: Alakazam\n|-resisted|p1a: Alakazam\n|-damage|p1a: Alakazam|88/100 par\n|\n|upkeep\n|turn|9\n|\n|t:|1740240375\n|cant|p1a: Alakazam|par\n|move|p2a: Starmie|Recover|p2a: Starmie\n|-heal|p2a: Starmie|100/100 par\n|\n|upkeep\n|turn|10\n|\n|t:|1740240378\n|move|p1a: Alakazam|Seismic Toss|p2a: Starmie\n|-damage|p2a: Starmie|70/100 par\n|move|p2a: Starmie|Psychic|p1a: Alakazam\n|-resisted|p1a: Alakazam\n|-damage|p1a: Alakazam|74/100 par\n|\n|upkeep\n|turn|11\n|\n|t:|1740240382\n|move|p1a: Alakazam|Seismic Toss|p2a: Starmie\n|-damage|p2a: Starmie|39/100 par\n|cant|p2a: Starmie|par\n|\n|upkeep\n|turn|12\n|\n|t:|1740240385\n|move|p1a: Alakazam|Psychic|p2a: Starmie\n|-resisted|p2a: Starmie\n|-damage|p2a: Starmie|19/100 par\n|move|p2a: Starmie|Recover|p2a: Starmie\n|-heal|p2a: Starmie|69/100 par\n|\n|upkeep\n|turn|13\n|\n|t:|1740240389\n|cant|p1a: Alakazam|par\n|move|p2a: Starmie|Recover|p2a: Starmie\n|-heal|p2a: Starmie|100/100 par\n|\n|upkeep\n|turn|14\n|\n|t:|1740240392\n|cant|p1a: Alakazam|par\n|move|p2a: Starmie|Psychic|p1a: Alakazam\n|-resisted|p1a: Alakazam\n|-damage|p1a: Alakazam|60/100 par\n|\n|upkeep\n|turn|15\n|\n|t:|1740240395\n|switch|p2a: Snorlax|Snorlax|100/100\n|move|p1a: Alakazam|Recover|p1a: Alakazam\n|-heal|p1a: Alakazam|100/100 par\n|\n|upkeep\n|turn|16\n|\n|t:|1740240397\n|switch|p1a: Gengar|Gengar|100/100\n|move|p2a: Snorlax|Body Slam|p1a: Gengar\n|-immune|p1a: Gengar\n|\n|upkeep\n|turn|17\n|\n|t:|1740240410\n|move|p1a: Gengar|Thunderbolt|p2a: Snorlax\n|-damage|p2a: Snorlax|79/100\n|move|p2a: Snorlax|Body Slam|p1a: Gengar\n|-immune|p1a: Gengar\n|\n|upkeep\n|turn|18\n|\n|t:|1740240419\n|switch|p2a: Chansey|Chansey|100/100\n|move|p1a: Gengar|Hypnosis|p2a: Chansey|[miss]\n|-miss|p1a: Gengar\n|\n|upkeep\n|turn|19\n|\n|t:|1740240422\n|switch|p1a: Alakazam|Alakazam|100/100 par\n|move|p2a: Chansey|Sing|p1a: Alakazam\n|-fail|p1a: Alakazam\n|\n|upkeep\n|turn|20\n|\n|t:|1740240425\n|move|p2a: Chansey|Seismic Toss|p1a: Alakazam\n|-damage|p1a: Alakazam|69/100 par\n|cant|p1a: Alakazam|par\n|\n|upkeep\n|turn|21\n|\n|t:|1740240428\n|move|p2a: Chansey|Seismic Toss|p1a: Alakazam\n|-damage|p1a: Alakazam|37/100 par\n|move|p1a: Alakazam|Recover|p1a: Alakazam\n|-heal|p1a: Alakazam|86/100 par\n|\n|upkeep\n|turn|22\n|\n|t:|1740240433\n|move|p2a: Chansey|Seismic Toss|p1a: Alakazam\n|-damage|p1a: Alakazam|54/100 par\n|move|p1a: Alakazam|Recover|p1a: Alakazam\n|-heal|p1a: Alakazam|100/100 par\n|\n|upkeep\n|turn|23\n|\n|t:|1740240440\n|move|p2a: Chansey|Seismic Toss|p1a: Alakazam\n|-damage|p1a: Alakazam|69/100 par\n|cant|p1a: Alakazam|par\n|\n|upkeep\n|turn|24\n|\n|t:|1740240446\n|move|p2a: Chansey|Seismic Toss|p1a: Alakazam|[miss]\n|-miss|p2a: Chansey\n|-hint|In Gen 1, moves with 100% accuracy can still miss 1/256 of the time.\n|move|p1a: Alakazam|Recover|p1a: Alakazam\n|-heal|p1a: Alakazam|100/100 par\n|\n|upkeep\n|turn|25\n|\n|t:|1740240449\n|move|p2a: Chansey|Seismic Toss|p1a: Alakazam\n|-damage|p1a: Alakazam|69/100 par\n|move|p1a: Alakazam|Psychic|p2a: Chansey\n|-damage|p2a: Chansey|82/100\n|-unboost|p2a: Chansey|spa|1\n|-unboost|p2a: Chansey|spd|1\n|\n|upkeep\n|turn|26\n|\n|t:|1740240453\n|move|p2a: Chansey|Seismic Toss|p1a: Alakazam\n|-damage|p1a: Alakazam|37/100 par\n|move|p1a: Alakazam|Recover|p1a: Alakazam\n|-heal|p1a: Alakazam|86/100 par\n|\n|upkeep\n|turn|27\n|\n|t:|1740240457\n|move|p2a: Chansey|Seismic Toss|p1a: Alakazam\n|-damage|p1a: Alakazam|54/100 par\n|move|p1a: Alakazam|Recover|p1a: Alakazam\n|-heal|p1a: Alakazam|100/100 par\n|\n|upkeep\n|turn|28\n|\n|t:|1740240460\n|move|p2a: Chansey|Seismic Toss|p1a: Alakazam\n|-damage|p1a: Alakazam|69/100 par\n|move|p1a: Alakazam|Psychic|p2a: Chansey\n|-damage|p2a: Chansey|55/100\n|\n|upkeep\n|turn|29\n|\n|t:|1740240465\n|move|p2a: Chansey|Soft-Boiled|p2a: Chansey\n|-heal|p2a: Chansey|100/100\n|move|p1a: Alakazam|Recover|p1a: Alakazam\n|-heal|p1a: Alakazam|100/100 par\n|\n|upkeep\n|turn|30\n|\n|t:|1740240468\n|move|p2a: Chansey|Seismic Toss|p1a: Alakazam\n|-damage|p1a: Alakazam|69/100 par\n|move|p1a: Alakazam|Psychic|p2a: Chansey\n|-damage|p2a: Chansey|72/100\n|-unboost|p2a: Chansey|spa|1\n|-unboost|p2a: Chansey|spd|1\n|\n|upkeep\n|turn|31\n|\n|t:|1740240474\n|move|p2a: Chansey|Soft-Boiled|p2a: Chansey\n|-heal|p2a: Chansey|100/100\n|move|p1a: Alakazam|Recover|p1a: Alakazam\n|-heal|p1a: Alakazam|100/100 par\n|\n|upkeep\n|turn|32\n|\n|t:|1740240479\n|switch|p2a: Starmie|Starmie|100/100 par\n|move|p1a: Alakazam|Psychic|p2a: Starmie\n|-resisted|p2a: Starmie\n|-damage|p2a: Starmie|82/100 par\n|\n|upkeep\n|turn|33\n|\n|t:|1740240482\n|switch|p1a: Gengar|Gengar|100/100\n|cant|p2a: Starmie|par\n|\n|upkeep\n|turn|34\n|\n|t:|1740240491\n|switch|p1a: Alakazam|Alakazam|100/100 par\n|move|p2a: Starmie|Psychic|p1a: Alakazam\n|-resisted|p1a: Alakazam\n|-damage|p1a: Alakazam|87/100 par\n|\n|upkeep\n|turn|35\n|\n|t:|1740240495\n|move|p1a: Alakazam|Seismic Toss|p2a: Starmie\n|-damage|p2a: Starmie|51/100 par\n|move|p2a: Starmie|Recover|p2a: Starmie\n|-heal|p2a: Starmie|100/100 par\n|\n|upkeep\n|turn|36\n|\n|t:|1740240503\n|switch|p2a: Chansey|Chansey|100/100\n|move|p1a: Alakazam|Seismic Toss|p2a: Chansey\n|-damage|p2a: Chansey|86/100\n|\n|upkeep\n|turn|37\n|\n|t:|1740240508\n|move|p2a: Chansey|Seismic Toss|p1a: Alakazam\n|-damage|p1a: Alakazam|55/100 par\n|move|p1a: Alakazam|Recover|p1a: Alakazam\n|-heal|p1a: Alakazam|100/100 par\n|\n|upkeep\n|turn|38\n|\n|t:|1740240513\n|move|p2a: Chansey|Seismic Toss|p1a: Alakazam\n|-damage|p1a: Alakazam|69/100 par\n|move|p1a: Alakazam|Recover|p1a: Alakazam\n|-heal|p1a: Alakazam|100/100 par\n|\n|upkeep\n|turn|39\n|\n|t:|1740240518\n|move|p2a: Chansey|Seismic Toss|p1a: Alakazam\n|-damage|p1a: Alakazam|69/100 par\n|cant|p1a: Alakazam|par\n|\n|upkeep\n|turn|40\n|\n|t:|1740240522\n|move|p2a: Chansey|Seismic Toss|p1a: Alakazam\n|-damage|p1a: Alakazam|37/100 par\n|move|p1a: Alakazam|Recover|p1a: Alakazam\n|-heal|p1a: Alakazam|86/100 par\n|\n|upkeep\n|turn|41\n|\n|t:|1740240526\n|move|p2a: Chansey|Seismic Toss|p1a: Alakazam\n|-damage|p1a: Alakazam|54/100 par\n|move|p1a: Alakazam|Recover|p1a: Alakazam\n|-heal|p1a: Alakazam|100/100 par\n|\n|upkeep\n|turn|42\n|\n|t:|1740240530\n|move|p2a: Chansey|Seismic Toss|p1a: Alakazam\n|-damage|p1a: Alakazam|69/100 par\n|move|p1a: Alakazam|Psychic|p2a: Chansey\n|-damage|p2a: Chansey|69/100\n|-unboost|p2a: Chansey|spa|1\n|-unboost|p2a: Chansey|spd|1\n|\n|upkeep\n|turn|43\n|\n|t:|1740240535\n|move|p2a: Chansey|Seismic Toss|p1a: Alakazam\n|-damage|p1a: Alakazam|37/100 par\n|move|p1a: Alakazam|Recover|p1a: Alakazam\n|-heal|p1a: Alakazam|86/100 par\n|\n|upkeep\n|turn|44\n|\n|t:|1740240541\n|move|p2a: Chansey|Soft-Boiled|p2a: Chansey\n|-heal|p2a: Chansey|100/100\n|move|p1a: Alakazam|Recover|p1a: Alakazam\n|-heal|p1a: Alakazam|100/100 par\n|\n|upkeep\n|turn|45\n|\n|t:|1740240544\n|move|p2a: Chansey|Seismic Toss|p1a: Alakazam\n|-damage|p1a: Alakazam|69/100 par\n|move|p1a: Alakazam|Psychic|p2a: Chansey\n|-damage|p2a: Chansey|72/100\n|-unboost|p2a: Chansey|spa|1\n|-unboost|p2a: Chansey|spd|1\n|\n|upkeep\n|turn|46\n|\n|t:|1740240551\n|move|p2a: Chansey|Soft-Boiled|p2a: Chansey\n|-heal|p2a: Chansey|100/100\n|move|p1a: Alakazam|Psychic|p2a: Chansey\n|-damage|p2a: Chansey|63/100\n|-unboost|p2a: Chansey|spa|1\n|-unboost|p2a: Chansey|spd|1\n|\n|upkeep\n|turn|47\n|\n|t:|1740240566\n|move|p2a: Chansey|Soft-Boiled|p2a: Chansey\n|-heal|p2a: Chansey|100/100\n|move|p1a: Alakazam|Psychic|p2a: Chansey\n|-damage|p2a: Chansey|56/100\n|\n|upkeep\n|turn|48\n|\n|t:|1740240571\n|move|p2a: Chansey|Soft-Boiled|p2a: Chansey\n|-heal|p2a: Chansey|100/100\n|move|p1a: Alakazam|Psychic|p2a: Chansey\n|-damage|p2a: Chansey|53/100\n|\n|upkeep\n|turn|49\n|\n|t:|1740240576\n|move|p2a: Chansey|Soft-Boiled|p2a: Chansey\n|-heal|p2a: Chansey|100/100\n|cant|p1a: Alakazam|par\n|\n|upkeep\n|turn|50\n|\n|t:|1740240579\n|switch|p2a: Starmie|Starmie|100/100 par\n|move|p1a: Alakazam|Recover|p1a: Alakazam\n|-heal|p1a: Alakazam|100/100 par\n|\n|upkeep\n|turn|51\n|\n|t:|1740240583\n|move|p1a: Alakazam|Seismic Toss|p2a: Starmie\n|-damage|p2a: Starmie|70/100 par\n|cant|p2a: Starmie|par\n|\n|upkeep\n|turn|52\n|\n|t:|1740240585\n|cant|p1a: Alakazam|par\n|move|p2a: Starmie|Recover|p2a: Starmie\n|-heal|p2a: Starmie|100/100 par\n|\n|upkeep\n|turn|53\n|\n|t:|1740240589\n|switch|p2a: Chansey|Chansey|100/100\n|move|p1a: Alakazam|Seismic Toss|p2a: Chansey\n|-damage|p2a: Chansey|86/100\n|\n|upkeep\n|turn|54\n|\n|t:|1740240591\n|move|p2a: Chansey|Seismic Toss|p1a: Alakazam\n|-damage|p1a: Alakazam|69/100 par\n|move|p1a: Alakazam|Seismic Toss|p2a: Chansey\n|-damage|p2a: Chansey|72/100\n|\n|upkeep\n|turn|55\n|\n|t:|1740240594\n|move|p2a: Chansey|Seismic Toss|p1a: Alakazam\n|-damage|p1a: Alakazam|37/100 par\n|cant|p1a: Alakazam|par\n|\n|upkeep\n|turn|56\n|\n|t:|1740240598\n|move|p2a: Chansey|Seismic Toss|p1a: Alakazam\n|-damage|p1a: Alakazam|5/100 par\n|move|p1a: Alakazam|Recover|p1a: Alakazam\n|-heal|p1a: Alakazam|54/100 par\n|\n|upkeep\n|turn|57\n|\n|t:|1740240601\n|move|p2a: Chansey|Seismic Toss|p1a: Alakazam\n|-damage|p1a: Alakazam|23/100 par\n|move|p1a: Alakazam|Recover|p1a: Alakazam\n|-heal|p1a: Alakazam|72/100 par\n|\n|upkeep\n|turn|58\n|\n|t:|1740240606\n|move|p2a: Chansey|Seismic Toss|p1a: Alakazam\n|-damage|p1a: Alakazam|40/100 par\n|move|p1a: Alakazam|Recover|p1a: Alakazam\n|-heal|p1a: Alakazam|90/100 par\n|\n|upkeep\n|turn|59\n|\n|t:|1740240610\n|move|p2a: Chansey|Seismic Toss|p1a: Alakazam\n|-damage|p1a: Alakazam|58/100 par\n|cant|p1a: Alakazam|par\n|\n|upkeep\n|turn|60\n|\n|t:|1740240614\n|move|p2a: Chansey|Seismic Toss|p1a: Alakazam\n|-damage|p1a: Alakazam|26/100 par\n|move|p1a: Alakazam|Recover|p1a: Alakazam\n|-heal|p1a: Alakazam|76/100 par\n|\n|upkeep\n|turn|61\n|\n|t:|1740240618\n|move|p2a: Chansey|Seismic Toss|p1a: Alakazam\n|-damage|p1a: Alakazam|44/100 par\n|move|p1a: Alakazam|Recover|p1a: Alakazam\n|-heal|p1a: Alakazam|94/100 par\n|\n|upkeep\n|turn|62\n|\n|t:|1740240623\n|move|p2a: Chansey|Seismic Toss|p1a: Alakazam\n|-damage|p1a: Alakazam|62/100 par\n|move|p1a: Alakazam|Recover|p1a: Alakazam\n|-heal|p1a: Alakazam|100/100 par\n|\n|upkeep\n|turn|63\n|\n|t:|1740240626\n|switch|p2a: Starmie|Starmie|100/100 par\n|move|p1a: Alakazam|Recover|p1a: Alakazam\n|-fail|p1a: Alakazam\n|\n|upkeep\n|turn|64\n|\n|t:|1740240630\n|switch|p2a: Chansey|Chansey|72/100\n|cant|p1a: Alakazam|par\n|\n|upkeep\n|turn|65\n|\n|t:|1740240634\n|move|p2a: Chansey|Soft-Boiled|p2a: Chansey\n|-heal|p2a: Chansey|100/100\n|move|p1a: Alakazam|Seismic Toss|p2a: Chansey\n|-damage|p2a: Chansey|86/100\n|\n|upkeep\n|turn|66\n|\n|t:|1740240645\n|move|p2a: Chansey|Seismic Toss|p1a: Alakazam\n|-damage|p1a: Alakazam|69/100 par\n|cant|p1a: Alakazam|par\n|\n|upkeep\n|turn|67\n|\n|t:|1740240648\n|move|p2a: Chansey|Seismic Toss|p1a: Alakazam\n|-damage|p1a: Alakazam|37/100 par\n|move|p1a: Alakazam|Recover|p1a: Alakazam\n|-heal|p1a: Alakazam|86/100 par\n|\n|upkeep\n|turn|68\n|\n|t:|1740240654\n|switch|p2a: Starmie|Starmie|100/100 par\n|cant|p1a: Alakazam|par\n|\n|upkeep\n|turn|69\n|\n|t:|1740240658\n|move|p1a: Alakazam|Seismic Toss|p2a: Starmie\n|-damage|p2a: Starmie|70/100 par\n|move|p2a: Starmie|Psychic|p1a: Alakazam\n|-crit|p1a: Alakazam\n|-resisted|p1a: Alakazam\n|-damage|p1a: Alakazam|59/100 par\n|\n|upkeep\n|turn|70\n|\n|t:|1740240661\n|cant|p1a: Alakazam|par\n|move|p2a: Starmie|Recover|p2a: Starmie\n|-heal|p2a: Starmie|100/100 par\n|\n|upkeep\n|turn|71\n|\n|t:|1740240663\n|cant|p1a: Alakazam|par\n|move|p2a: Starmie|Psychic|p1a: Alakazam\n|-resisted|p1a: Alakazam\n|-damage|p1a: Alakazam|45/100 par\n|\n|upkeep\n|turn|72\n|\n|t:|1740240667\n|move|p1a: Alakazam|Recover|p1a: Alakazam\n|-heal|p1a: Alakazam|95/100 par\n|move|p2a: Starmie|Blizzard|p1a: Alakazam\n|-damage|p1a: Alakazam|71/100 par\n|\n|upkeep\n|turn|73\n|\n|t:|1740240670\n|move|p1a: Alakazam|Recover|p1a: Alakazam\n|-heal|p1a: Alakazam|100/100 par\n|cant|p2a: Starmie|par\n|\n|upkeep\n|turn|74\n|\n|t:|1740240673\n|move|p1a: Alakazam|Seismic Toss|p2a: Starmie\n|-damage|p2a: Starmie|70/100 par\n|move|p2a: Starmie|Psychic|p1a: Alakazam\n|-crit|p1a: Alakazam\n|-resisted|p1a: Alakazam\n|-damage|p1a: Alakazam|76/100 par\n|\n|upkeep\n|turn|75\n|\n|t:|1740240678\n|move|p1a: Alakazam|Seismic Toss|p2a: Starmie\n|-damage|p2a: Starmie|39/100 par\n|move|p2a: Starmie|Recover|p2a: Starmie\n|-heal|p2a: Starmie|88/100 par\n|\n|upkeep\n|turn|76\n|\n|t:|1740240682\n|move|p1a: Alakazam|Seismic Toss|p2a: Starmie\n|-damage|p2a: Starmie|57/100 par\n|move|p2a: Starmie|Psychic|p1a: Alakazam\n|-resisted|p1a: Alakazam\n|-damage|p1a: Alakazam|62/100 par\n|-unboost|p1a: Alakazam|spa|1\n|-unboost|p1a: Alakazam|spd|1\n|\n|upkeep\n|turn|77\n|\n|t:|1740240686\n|move|p2a: Starmie|Blizzard|p1a: Alakazam\n|-crit|p1a: Alakazam\n|-damage|p1a: Alakazam|16/100 par\n|move|p1a: Alakazam|Recover|p1a: Alakazam\n|-heal|p1a: Alakazam|65/100 par\n|\n|upkeep\n|turn|78\n|\n|t:|1740240690\n|move|p2a: Starmie|Recover|p2a: Starmie\n|-heal|p2a: Starmie|100/100 par\n|move|p1a: Alakazam|Recover|p1a: Alakazam\n|-heal|p1a: Alakazam|100/100 par\n|\n|upkeep\n|turn|79\n|\n|t:|1740240695\n|switch|p1a: Chansey|Chansey|100/100\n|cant|p2a: Starmie|par\n|\n|upkeep\n|turn|80\n|\n|t:|1740240698\n|move|p1a: Chansey|Thunderbolt|p2a: Starmie\n|-supereffective|p2a: Starmie\n|-damage|p2a: Starmie|50/100 par\n|move|p2a: Starmie|Thunder Wave|p1a: Chansey\n|-status|p1a: Chansey|par\n|\n|upkeep\n|turn|81\n|\n|t:|1740240715\n|switch|p2a: Snorlax|Snorlax|79/100\n|cant|p1a: Chansey|par\n|\n|upkeep\n|turn|82\n|\n|t:|1740240719\n|switch|p2a: Exeggutor|Exeggutor|100/100\n|switch|p1a: Gengar|Gengar|100/100\n|\n|upkeep\n|turn|83\n|\n|t:|1740240722\n|switch|p1a: Alakazam|Alakazam|100/100 par\n|move|p2a: Exeggutor|Psychic|p1a: Alakazam\n|-resisted|p1a: Alakazam\n|-damage|p1a: Alakazam|84/100 par\n|\n|upkeep\n|turn|84\n|\n|t:|1740240726\n|move|p2a: Exeggutor|Psychic|p1a: Alakazam\n|-resisted|p1a: Alakazam\n|-damage|p1a: Alakazam|67/100 par\n|move|p1a: Alakazam|Seismic Toss|p2a: Exeggutor\n|-damage|p2a: Exeggutor|75/100\n|\n|upkeep\n|turn|85\n|\n|t:|1740240729\n|move|p2a: Exeggutor|Psychic|p1a: Alakazam\n|-resisted|p1a: Alakazam\n|-damage|p1a: Alakazam|51/100 par\n|move|p1a: Alakazam|Recover|p1a: Alakazam\n|-heal|p1a: Alakazam|100/100 par\n|\n|upkeep\n|turn|86\n|\n|t:|1740240747\n|move|p2a: Exeggutor|Psychic|p1a: Alakazam\n|-resisted|p1a: Alakazam\n|-damage|p1a: Alakazam|84/100 par\n|-unboost|p1a: Alakazam|spa|1\n|-unboost|p1a: Alakazam|spd|1\n|move|p1a: Alakazam|Seismic Toss|p2a: Exeggutor\n|-damage|p2a: Exeggutor|50/100\n|\n|upkeep\n|turn|87\n|\n|t:|1740240751\n|move|p2a: Exeggutor|Mega Drain|p1a: Alakazam\n|-damage|p1a: Alakazam|60/100 par\n|-heal|p2a: Exeggutor|59/100|[from] drain|[of] p1a: Alakazam\n|move|p1a: Alakazam|Recover|p1a: Alakazam\n|-heal|p1a: Alakazam|100/100 par\n|\n|upkeep\n|turn|88\n|\n|t:|1740240757\n|move|p2a: Exeggutor|Psychic|p1a: Alakazam\n|-resisted|p1a: Alakazam\n|-damage|p1a: Alakazam|77/100 par\n|move|p1a: Alakazam|Thunder Wave|p2a: Exeggutor\n|-status|p2a: Exeggutor|par\n|\n|upkeep\n|turn|89\n|\n|t:|1740240760\n|cant|p2a: Exeggutor|par\n|cant|p1a: Alakazam|par\n|\n|upkeep\n|turn|90\n|\n|t:|1740240763\n|move|p2a: Exeggutor|Mega Drain|p1a: Alakazam\n|-damage|p1a: Alakazam|55/100 par\n|-heal|p2a: Exeggutor|68/100 par|[from] drain|[of] p1a: Alakazam\n|move|p1a: Alakazam|Recover|p1a: Alakazam\n|-heal|p1a: Alakazam|100/100 par\n|\n|upkeep\n|turn|91\n|\n|t:|1740240768\n|switch|p1a: Exeggutor|Exeggutor|100/100\n|cant|p2a: Exeggutor|par\n|\n|upkeep\n|turn|92\n|\n|t:|1740240771\n|switch|p1a: Alakazam|Alakazam|100/100 par\n|move|p2a: Exeggutor|Mega Drain|p1a: Alakazam\n|-damage|p1a: Alakazam|86/100 par\n|-heal|p2a: Exeggutor|74/100 par|[from] drain|[of] p1a: Alakazam\n|\n|upkeep\n|turn|93\n|\n|t:|1740240776\n|move|p1a: Alakazam|Seismic Toss|p2a: Exeggutor\n|-damage|p2a: Exeggutor|48/100 par\n|cant|p2a: Exeggutor|par\n|\n|upkeep\n|turn|94\n|\n|t:|1740240798\n|cant|p1a: Alakazam|par\n|cant|p2a: Exeggutor|par\n|\n|upkeep\n|turn|95\n|\n|t:|1740240803\n|move|p1a: Alakazam|Seismic Toss|p2a: Exeggutor\n|-damage|p2a: Exeggutor|23/100 par\n|move|p2a: Exeggutor|Explosion|p1a: Alakazam\n|-damage|p1a: Alakazam|0 fnt\n|faint|p1a: Alakazam\n|faint|p2a: Exeggutor\n|\n|t:|1740240811\n|switch|p1a: Snorlax|Snorlax|100/100\n|switch|p2a: Tauros|Tauros|100/100\n|turn|96\n|\n|t:|1740240821\n|move|p2a: Tauros|Body Slam|p1a: Snorlax\n|-damage|p1a: Snorlax|76/100\n|move|p1a: Snorlax|Body Slam|p2a: Tauros\n|-damage|p2a: Tauros|68/100\n|\n|upkeep\n|turn|97\n|\n|t:|1740240825\n|move|p2a: Tauros|Blizzard|p1a: Snorlax\n|-damage|p1a: Snorlax|58/100\n|move|p1a: Snorlax|Body Slam|p2a: Tauros\n|-damage|p2a: Tauros|37/100\n|\n|upkeep\n|turn|98\n|\n|t:|1740240830\n|move|p2a: Tauros|Body Slam|p1a: Snorlax\n|-damage|p1a: Snorlax|33/100\n|move|p1a: Snorlax|Self-Destruct|p2a: Tauros\n|-damage|p2a: Tauros|0 fnt\n|faint|p2a: Tauros\n|faint|p1a: Snorlax\n|\n|t:|1740240849\n|switch|p2a: Chansey|Chansey|86/100\n|switch|p1a: Tauros|Tauros|100/100\n|turn|99\n|\n|t:|1740240857\n|switch|p1a: Chansey|Chansey|100/100 par\n|switch|p2a: Zapdos|Zapdos|100/100\n|\n|upkeep\n|turn|100\n|\n|t:|1740240862\n|move|p2a: Zapdos|Drill Peck|p1a: Chansey\n|-damage|p1a: Chansey|69/100 par\n|cant|p1a: Chansey|par\n|\n|upkeep\n|turn|101\n|\n|t:|1740240866\n|switch|p1a: Tauros|Tauros|100/100\n|move|p2a: Zapdos|Drill Peck|p1a: Tauros\n|-damage|p1a: Tauros|76/100\n|\n|upkeep\n|turn|102\n|\n|t:|1740240870\n|move|p1a: Tauros|Body Slam|p2a: Zapdos\n|-damage|p2a: Zapdos|73/100\n|move|p2a: Zapdos|Thunder Wave|p1a: Tauros\n|-status|p1a: Tauros|par\n|\n|upkeep\n|turn|103\n|\n|t:|1740240875\n|move|p2a: Zapdos|Thunderbolt|p1a: Tauros\n|-damage|p1a: Tauros|29/100 par\n|move|p1a: Tauros|Hyper Beam|p2a: Zapdos\n|-damage|p2a: Zapdos|19/100\n|-mustrecharge|p1a: Tauros\n|\n|upkeep\n|turn|104\n|\n|t:|1740240879\n|move|p2a: Zapdos|Thunderbolt|p1a: Tauros\n|-damage|p1a: Tauros|0 fnt\n|faint|p1a: Tauros\n|\n|t:|1740240881\n|switch|p1a: Gengar|Gengar|100/100\n|turn|105\n|\n|t:|1740240886\n|switch|p2a: Chansey|Chansey|86/100\n|move|p1a: Gengar|Thunderbolt|p2a: Chansey\n|-crit|p2a: Chansey\n|-damage|p2a: Chansey|64/100\n|\n|upkeep\n|turn|106\n|\n|t:|1740240890\n|switch|p1a: Chansey|Chansey|69/100 par\n|move|p2a: Chansey|Thunder Wave|p1a: Chansey\n|-fail|p1a: Chansey|par\n|\n|upkeep\n|turn|107\n|\n|t:|1740240893\n|move|p2a: Chansey|Soft-Boiled|p2a: Chansey\n|-heal|p2a: Chansey|100/100\n|move|p1a: Chansey|Soft-Boiled|p1a: Chansey\n|-heal|p1a: Chansey|100/100 par\n|\n|upkeep\n|turn|108\n|inactive|Luispeikou has 270 seconds left.\n|\n|t:|1740240933\n|switch|p2a: Snorlax|Snorlax|79/100\n|move|p1a: Chansey|Ice Beam|p2a: Snorlax\n|-damage|p2a: Snorlax|61/100\n|\n|upkeep\n|turn|109\n|inactive|Luispeikou has 270 seconds left.\n|\n|t:|1740240938\n|switch|p1a: Gengar|Gengar|100/100\n|move|p2a: Snorlax|Body Slam|p1a: Gengar\n|-immune|p1a: Gengar\n|\n|upkeep\n|turn|110\n|\n|t:|1740240945\n|switch|p2a: Chansey|Chansey|100/100\n|move|p1a: Gengar|Hypnosis|p2a: Chansey|[miss]\n|-miss|p1a: Gengar\n|\n|upkeep\n|turn|111\n|\n|t:|1740240949\n|switch|p1a: Chansey|Chansey|100/100 par\n|switch|p2a: Snorlax|Snorlax|61/100\n|\n|upkeep\n|turn|112\n|\n|t:|1740240952\n|switch|p1a: Gengar|Gengar|100/100\n|move|p2a: Snorlax|Rest|p2a: Snorlax\n|-status|p2a: Snorlax|slp|[from] move: Rest\n|-heal|p2a: Snorlax|100/100 slp|[silent]\n|\n|upkeep\n|turn|113\n|\n|t:|1740240956\n|move|p1a: Gengar|Psychic|p2a: Snorlax\n|-crit|p2a: Snorlax\n|-damage|p2a: Snorlax|60/100 slp\n|cant|p2a: Snorlax|slp\n|\n|upkeep\n|turn|114\n|\n|t:|1740240961\n|move|p1a: Gengar|Psychic|p2a: Snorlax\n|-crit|p2a: Snorlax\n|-damage|p2a: Snorlax|18/100 slp\n|-unboost|p2a: Snorlax|spa|1\n|-unboost|p2a: Snorlax|spd|1\n|-curestatus|p2a: Snorlax|slp|[msg]\n|\n|upkeep\n|turn|115\n|\n|t:|1740240965\n|switch|p2a: Chansey|Chansey|100/100\n|move|p1a: Gengar|Hypnosis|p2a: Chansey\n|-status|p2a: Chansey|slp|[from] move: Hypnosis\n|\n|upkeep\n|turn|116\n|\n|t:|1740240969\n|move|p1a: Gengar|Psychic|p2a: Chansey\n|-crit|p2a: Chansey\n|-damage|p2a: Chansey|77/100 slp\n|-unboost|p2a: Chansey|spa|1\n|-unboost|p2a: Chansey|spd|1\n|cant|p2a: Chansey|slp\n|\n|upkeep\n|turn|117\n|\n|t:|1740240971\n|move|p1a: Gengar|Psychic|p2a: Chansey\n|-crit|p2a: Chansey\n|-damage|p2a: Chansey|56/100 slp\n|cant|p2a: Chansey|slp\n|\n|upkeep\n|turn|118\n|\n|t:|1740240975\n|move|p1a: Gengar|Psychic|p2a: Chansey\n|-damage|p2a: Chansey|37/100 slp\n|cant|p2a: Chansey|slp\n|\n|upkeep\n|turn|119\n|\n|t:|1740240981\n|move|p1a: Gengar|Thunderbolt|p2a: Chansey\n|-damage|p2a: Chansey|18/100 slp\n|-curestatus|p2a: Chansey|slp|[msg]\n|\n|upkeep\n|turn|120\n|inactive|Luispeikou has 270 seconds left.\n|inactive|Luispeikou has 240 seconds left.\n|\n|t:|1740241055\n|switch|p2a: Zapdos|Zapdos|19/100\n|move|p1a: Gengar|Thunderbolt|p2a: Zapdos\n|-crit|p2a: Zapdos\n|-damage|p2a: Zapdos|0 fnt\n|faint|p2a: Zapdos\n|\n|t:|1740241058\n|switch|p2a: Chansey|Chansey|18/100\n|turn|121\n|\n|t:|1740241065\n|switch|p1a: Chansey|Chansey|100/100 par\n|move|p2a: Chansey|Soft-Boiled|p2a: Chansey\n|-heal|p2a: Chansey|68/100\n|\n|upkeep\n|turn|122\n|\n|t:|1740241072\n|switch|p2a: Snorlax|Snorlax|18/100\n|move|p1a: Chansey|Ice Beam|p2a: Snorlax\n|-damage|p2a: Snorlax|0 fnt\n|faint|p2a: Snorlax\n|c|☆Luispeikou|gg\n|c|☆chuva de perereca|gg\n|-message|Luispeikou forfeited.\n|\n|win|chuva de perereca\n","uploadtime":1740241081,"views":"2223","formatid":"gen1ou","rating":null,"private":0,"password":null}