{"id":"smogtours-gen1ou-961635","format":"[Gen 1] OU","players":["Ct0wn","Girls See Ghosts"],"log":"|inactive|Battle timer is ON: inactive players will automatically lose when time's up.\n|t:|1785808803\n|gametype|singles\n|player|p1|Ct0wn|battlegirl-gen4|\n|player|p2|Girls See Ghosts|#adpl9|\n|gen|1\n|tier|[Gen 1] OU\n|rule|Desync Clause Mod: Desyncs resolve to link battle behavior from the acting player's perspective.\n|rule|HP Percentage Mod: HP is shown in percentages\n|rule|Endless Battle Clause: Forcing endless battles is banned\n|rule|Sleep Clause Mod: Limit one foe put to sleep\n|rule|Freeze Clause Mod: Limit one foe frozen\n|rule|Species Clause: Limit one of each Pokémon\n|rule|OHKO Clause: OHKO moves are banned\n|rule|Evasion Moves Clause: Evasion moves are banned\n|\n|t:|1785808803\n|teamsize|p1|6\n|teamsize|p2|6\n|start\n|switch|p1a: Jynx|Jynx|100/100\n|switch|p2a: Starmie|Starmie|100/100\n|turn|1\n|c|☆Girls See Ghosts|glhf\n|c|☆Ct0wn|U2\n|\n|t:|1785808817\n|move|p2a: Starmie|Thunder Wave|p1a: Jynx\n|-status|p1a: Jynx|par\n|cant|p1a: Jynx|par\n|\n|upkeep\n|turn|2\n|\n|t:|1785808821\n|move|p2a: Starmie|Psychic|p1a: Jynx\n|-resisted|p1a: Jynx\n|-damage|p1a: Jynx|84/100 par\n|move|p1a: Jynx|Lovely Kiss|p2a: Starmie|[miss]\n|-miss|p1a: Jynx\n|\n|upkeep\n|turn|3\n|\n|t:|1785808826\n|move|p2a: Starmie|Psychic|p1a: Jynx\n|-resisted|p1a: Jynx\n|-damage|p1a: Jynx|68/100 par\n|-unboost|p1a: Jynx|spa|1\n|-unboost|p1a: Jynx|spd|1\n|move|p1a: Jynx|Lovely Kiss|p2a: Starmie\n|-status|p2a: Starmie|slp|[from] move: Lovely Kiss\n|\n|upkeep\n|turn|4\n|\n|t:|1785808829\n|switch|p2a: Chansey|Chansey|100/100\n|switch|p1a: Tauros|Tauros|100/100\n|\n|upkeep\n|turn|5\n|\n|t:|1785808835\n|switch|p1a: Jynx|Jynx|68/100 par\n|move|p2a: Chansey|Ice Beam|p1a: Jynx\n|-resisted|p1a: Jynx\n|-damage|p1a: Jynx|57/100 par\n|\n|upkeep\n|turn|6\n|\n|t:|1785808840\n|move|p2a: Chansey|Thunderbolt|p1a: Jynx\n|-damage|p1a: Jynx|33/100 par\n|move|p1a: Jynx|Ice Beam|p2a: Chansey\n|-damage|p2a: Chansey|86/100\n|\n|upkeep\n|turn|7\n|\n|t:|1785808845\n|move|p2a: Chansey|Thunderbolt|p1a: Jynx\n|-damage|p1a: Jynx|8/100 par\n|move|p1a: Jynx|Rest|p1a: Jynx\n|-status|p1a: Jynx|slp|[from] move: Rest\n|-heal|p1a: Jynx|100/100 slp|[silent]\n|\n|upkeep\n|turn|8\n|\n|t:|1785808849\n|move|p2a: Chansey|Thunderbolt|p1a: Jynx\n|-crit|p1a: Jynx\n|-damage|p1a: Jynx|55/100 slp\n|cant|p1a: Jynx|slp\n|\n|upkeep\n|turn|9\n|\n|t:|1785808852\n|move|p2a: Chansey|Thunderbolt|p1a: Jynx\n|-crit|p1a: Jynx\n|-damage|p1a: Jynx|7/100 slp\n|-curestatus|p1a: Jynx|slp|[msg]\n|\n|upkeep\n|turn|10\n|\n|t:|1785808856\n|switch|p1a: Alakazam|Alakazam|100/100\n|move|p2a: Chansey|Ice Beam|p1a: Alakazam\n|-damage|p1a: Alakazam|80/100\n|\n|upkeep\n|turn|11\n|\n|t:|1785808859\n|switch|p1a: Jynx|Jynx|7/100\n|move|p2a: Chansey|Ice Beam|p1a: Jynx\n|-resisted|p1a: Jynx\n|-damage|p1a: Jynx|0 fnt\n|faint|p1a: Jynx\n|\n|t:|1785808862\n|switch|p1a: Alakazam|Alakazam|80/100\n|turn|12\n|\n|t:|1785808865\n|move|p1a: Alakazam|Thunder Wave|p2a: Chansey\n|-status|p2a: Chansey|par\n|move|p2a: Chansey|Ice Beam|p1a: Alakazam\n|-damage|p1a: Alakazam|59/100\n|\n|upkeep\n|turn|13\n|\n|t:|1785808868\n|move|p1a: Alakazam|Recover|p1a: Alakazam\n|-heal|p1a: Alakazam|100/100\n|move|p2a: Chansey|Soft-Boiled|p2a: Chansey\n|-heal|p2a: Chansey|100/100 par\n|\n|upkeep\n|turn|14\n|\n|t:|1785808871\n|move|p1a: Alakazam|Psychic|p2a: Chansey\n|-damage|p2a: Chansey|83/100 par\n|move|p2a: Chansey|Ice Beam|p1a: Alakazam\n|-damage|p1a: Alakazam|80/100\n|\n|upkeep\n|turn|15\n|\n|t:|1785808874\n|move|p1a: Alakazam|Psychic|p2a: Chansey\n|-damage|p2a: Chansey|66/100 par\n|-unboost|p2a: Chansey|spa|1\n|-unboost|p2a: Chansey|spd|1\n|cant|p2a: Chansey|par\n|\n|upkeep\n|turn|16\n|\n|t:|1785808877\n|move|p1a: Alakazam|Psychic|p2a: Chansey\n|-damage|p2a: Chansey|37/100 par\n|-unboost|p2a: Chansey|spa|1\n|-unboost|p2a: Chansey|spd|1\n|move|p2a: Chansey|Soft-Boiled|p2a: Chansey\n|-heal|p2a: Chansey|87/100 par\n|\n|upkeep\n|turn|17\n|\n|t:|1785808883\n|switch|p2a: Starmie|Starmie|100/100 slp\n|move|p1a: Alakazam|Seismic Toss|p2a: Starmie\n|-damage|p2a: Starmie|70/100 slp\n|\n|upkeep\n|turn|18\n|\n|t:|1785808888\n|switch|p2a: Exeggutor|Exeggutor|100/100\n|move|p1a: Alakazam|Psychic|p2a: Exeggutor\n|-resisted|p2a: Exeggutor\n|-damage|p2a: Exeggutor|87/100\n|-unboost|p2a: Exeggutor|spa|1\n|-unboost|p2a: Exeggutor|spd|1\n|\n|upkeep\n|turn|19\n|\n|t:|1785808892\n|move|p1a: Alakazam|Thunder Wave|p2a: Exeggutor\n|-status|p2a: Exeggutor|par\n|move|p2a: Exeggutor|Sleep Powder|p1a: Alakazam\n|-status|p1a: Alakazam|slp|[from] move: Sleep Powder\n|\n|upkeep\n|turn|20\n|\n|t:|1785808902\n|switch|p1a: Lapras|Lapras|100/100\n|switch|p2a: Cloyster|Cloyster|100/100\n|\n|upkeep\n|turn|21\n|c|☆Girls See Ghosts|Larpas\n|c|☆Ct0wn|Gapras\n|\n|t:|1785808925\n|move|p2a: Cloyster|Clamp|p1a: Lapras\n|-resisted|p1a: Lapras\n|-damage|p1a: Lapras|97/100\n|cant|p1a: Lapras|partiallytrapped\n|\n|upkeep\n|turn|22\n|\n|t:|1785808934\n|switch|p2a: Chansey|Chansey|87/100 par\n|switch|p1a: Alakazam|Alakazam|80/100 slp\n|\n|upkeep\n|turn|23\n|\n|t:|1785808940\n|switch|p1a: Snorlax|Snorlax|100/100\n|switch|p2a: Tauros|Tauros|100/100\n|\n|upkeep\n|turn|24\n|\n|t:|1785808948\n|move|p2a: Tauros|Body Slam|p1a: Snorlax\n|-damage|p1a: Snorlax|75/100\n|move|p1a: Snorlax|Body Slam|p2a: Tauros\n|-damage|p2a: Tauros|70/100\n|\n|upkeep\n|turn|25\n|\n|t:|1785808954\n|move|p2a: Tauros|Body Slam|p1a: Snorlax\n|-crit|p1a: Snorlax\n|-damage|p1a: Snorlax|30/100\n|move|p1a: Snorlax|Body Slam|p2a: Tauros\n|-damage|p2a: Tauros|37/100\n|\n|upkeep\n|turn|26\n|\n|t:|1785808979\n|move|p2a: Tauros|Body Slam|p1a: Snorlax\n|-damage|p1a: Snorlax|7/100\n|move|p1a: Snorlax|Hyper Beam|p2a: Tauros\n|-damage|p2a: Tauros|0 fnt\n|faint|p2a: Tauros\n|inactive|Girls See Ghosts has 270 seconds left.\n|\n|t:|1785808999\n|switch|p2a: Rhydon|Rhydon|100/100\n|turn|27\n|\n|t:|1785809004\n|switch|p1a: Exeggutor|Exeggutor|100/100\n|move|p2a: Rhydon|Earthquake|p1a: Exeggutor\n|-resisted|p1a: Exeggutor\n|-damage|p1a: Exeggutor|82/100\n|\n|upkeep\n|turn|28\n|\n|t:|1785809009\n|switch|p2a: Exeggutor|Exeggutor|87/100 par\n|move|p1a: Exeggutor|Psychic|p2a: Exeggutor\n|-resisted|p2a: Exeggutor\n|-damage|p2a: Exeggutor|73/100 par\n|-unboost|p2a: Exeggutor|spa|1\n|-unboost|p2a: Exeggutor|spd|1\n|\n|upkeep\n|turn|29\n|\n|t:|1785809013\n|switch|p1a: Alakazam|Alakazam|80/100 slp\n|move|p2a: Exeggutor|Stun Spore|p1a: Alakazam\n|-fail|p1a: Alakazam\n|\n|upkeep\n|turn|30\n|\n|t:|1785809019\n|switch|p1a: Lapras|Lapras|97/100\n|move|p2a: Exeggutor|Stun Spore|p1a: Lapras\n|-status|p1a: Lapras|par\n|\n|upkeep\n|turn|31\n|\n|t:|1785809023\n|switch|p2a: Chansey|Chansey|87/100 par\n|move|p1a: Lapras|Body Slam|p2a: Chansey\n|-damage|p2a: Chansey|62/100 par\n|\n|upkeep\n|turn|32\n|\n|t:|1785809028\n|cant|p1a: Lapras|par\n|move|p2a: Chansey|Soft-Boiled|p2a: Chansey\n|-heal|p2a: Chansey|100/100 par\n|\n|upkeep\n|turn|33\n|\n|t:|1785809032\n|switch|p1a: Alakazam|Alakazam|80/100 slp\n|move|p2a: Chansey|Thunderbolt|p1a: Alakazam\n|-damage|p1a: Alakazam|61/100 slp\n|\n|upkeep\n|turn|34\n|\n|t:|1785809038\n|switch|p1a: Lapras|Lapras|97/100 par\n|switch|p2a: Rhydon|Rhydon|100/100\n|\n|upkeep\n|turn|35\n|\n|t:|1785809045\n|switch|p2a: Cloyster|Cloyster|100/100\n|switch|p1a: Snorlax|Snorlax|7/100\n|\n|upkeep\n|turn|36\n|\n|t:|1785809051\n|switch|p1a: Lapras|Lapras|97/100 par\n|move|p2a: Cloyster|Clamp|p1a: Lapras|[miss]\n|-miss|p2a: Cloyster\n|\n|upkeep\n|turn|37\n|\n|t:|1785809055\n|move|p2a: Cloyster|Clamp|p1a: Lapras|[miss]\n|-miss|p2a: Cloyster\n|cant|p1a: Lapras|par\n|\n|upkeep\n|turn|38\n|\n|t:|1785809060\n|switch|p2a: Chansey|Chansey|100/100 par\n|cant|p1a: Lapras|par\n|\n|upkeep\n|turn|39\n|\n|t:|1785809065\n|move|p1a: Lapras|Body Slam|p2a: Chansey\n|-damage|p2a: Chansey|75/100 par\n|cant|p2a: Chansey|par\n|\n|upkeep\n|turn|40\n|\n|t:|1785809069\n|move|p1a: Lapras|Body Slam|p2a: Chansey\n|-damage|p2a: Chansey|53/100 par\n|move|p2a: Chansey|Thunderbolt|p1a: Lapras\n|-supereffective|p1a: Lapras\n|-damage|p1a: Lapras|63/100 par\n|\n|upkeep\n|turn|41\n|\n|t:|1785809072\n|switch|p1a: Snorlax|Snorlax|7/100\n|move|p2a: Chansey|Soft-Boiled|p2a: Chansey\n|-heal|p2a: Chansey|100/100 par\n|\n|upkeep\n|turn|42\n|\n|t:|1785809079\n|switch|p2a: Rhydon|Rhydon|100/100\n|move|p1a: Snorlax|Body Slam|p2a: Rhydon\n|-resisted|p2a: Rhydon\n|-damage|p2a: Rhydon|89/100\n|\n|upkeep\n|turn|43\n|\n|t:|1785809086\n|switch|p1a: Exeggutor|Exeggutor|82/100\n|move|p2a: Rhydon|Body Slam|p1a: Exeggutor\n|-damage|p1a: Exeggutor|61/100\n|\n|upkeep\n|turn|44\n|\n|t:|1785809094\n|switch|p2a: Exeggutor|Exeggutor|73/100 par\n|move|p1a: Exeggutor|Psychic|p2a: Exeggutor\n|-resisted|p2a: Exeggutor\n|-damage|p2a: Exeggutor|60/100 par\n|\n|upkeep\n|turn|45\n|\n|t:|1785809108\n|move|p1a: Exeggutor|Psychic|p2a: Exeggutor\n|-resisted|p2a: Exeggutor\n|-damage|p2a: Exeggutor|47/100 par\n|move|p2a: Exeggutor|Psychic|p1a: Exeggutor\n|-resisted|p1a: Exeggutor\n|-damage|p1a: Exeggutor|48/100\n|\n|upkeep\n|turn|46\n|\n|t:|1785809130\n|move|p1a: Exeggutor|Psychic|p2a: Exeggutor\n|-resisted|p2a: Exeggutor\n|-damage|p2a: Exeggutor|33/100 par\n|move|p2a: Exeggutor|Stun Spore|p1a: Exeggutor\n|-status|p1a: Exeggutor|par\n|\n|upkeep\n|turn|47\n|\n|t:|1785809140\n|switch|p1a: Snorlax|Snorlax|7/100\n|move|p2a: Exeggutor|Explosion|p1a: Snorlax\n|-crit|p1a: Snorlax\n|-damage|p1a: Snorlax|0 fnt\n|faint|p1a: Snorlax\n|faint|p2a: Exeggutor\n|\n|t:|1785809153\n|switch|p1a: Exeggutor|Exeggutor|48/100 par\n|switch|p2a: Cloyster|Cloyster|100/100\n|turn|48\n|\n|t:|1785809156\n|switch|p1a: Lapras|Lapras|63/100 par\n|move|p2a: Cloyster|Blizzard|p1a: Lapras\n|-resisted|p1a: Lapras\n|-damage|p1a: Lapras|57/100 par\n|\n|upkeep\n|turn|49\n|\n|t:|1785809168\n|move|p2a: Cloyster|Clamp|p1a: Lapras\n|-resisted|p1a: Lapras\n|-damage|p1a: Lapras|53/100 par\n|cant|p1a: Lapras|partiallytrapped\n|\n|upkeep\n|turn|50\n|\n|t:|1785809173\n|switch|p1a: Alakazam|Alakazam|61/100 slp\n|move|p2a: Cloyster|Clamp|p1a: Alakazam|[miss]\n|-miss|p2a: Cloyster\n|\n|upkeep\n|turn|51\n|\n|t:|1785809192\n|cant|p1a: Alakazam|slp\n|move|p2a: Cloyster|Blizzard|p1a: Alakazam\n|-damage|p1a: Alakazam|26/100 slp\n|\n|upkeep\n|turn|52\n|\n|t:|1785809200\n|switch|p1a: Lapras|Lapras|53/100 par\n|move|p2a: Cloyster|Blizzard|p1a: Lapras\n|-resisted|p1a: Lapras\n|-damage|p1a: Lapras|46/100 par\n|\n|upkeep\n|turn|53\n|\n|t:|1785809206\n|move|p2a: Cloyster|Clamp|p1a: Lapras\n|-resisted|p1a: Lapras\n|-damage|p1a: Lapras|42/100 par\n|cant|p1a: Lapras|partiallytrapped\n|\n|upkeep\n|turn|54\n|\n|t:|1785809214\n|move|p2a: Cloyster|Clamp|p1a: Lapras|[from] Clamp\n|-damage|p1a: Lapras|39/100 par\n|\n|upkeep\n|turn|55\n|\n|t:|1785809217\n|move|p2a: Cloyster|Clamp|p1a: Lapras|[from] Clamp\n|-damage|p1a: Lapras|35/100 par\n|\n|upkeep\n|turn|56\n|\n|t:|1785809225\n|move|p2a: Cloyster|Clamp|p1a: Lapras|[miss]\n|-miss|p2a: Cloyster\n|move|p1a: Lapras|Blizzard|p2a: Cloyster\n|-resisted|p2a: Cloyster\n|-damage|p2a: Cloyster|88/100\n|\n|upkeep\n|turn|57\n|\n|t:|1785809230\n|move|p2a: Cloyster|Clamp|p1a: Lapras\n|-crit|p1a: Lapras\n|-resisted|p1a: Lapras\n|-damage|p1a: Lapras|27/100 par\n|cant|p1a: Lapras|partiallytrapped\n|\n|upkeep\n|turn|58\n|\n|t:|1785809236\n|switch|p1a: Alakazam|Alakazam|26/100 slp\n|move|p2a: Cloyster|Clamp|p1a: Alakazam|[miss]\n|-miss|p2a: Cloyster\n|\n|upkeep\n|turn|59\n|\n|t:|1785809241\n|switch|p1a: Lapras|Lapras|27/100 par\n|move|p2a: Cloyster|Blizzard|p1a: Lapras\n|-resisted|p1a: Lapras\n|-damage|p1a: Lapras|20/100 par\n|\n|upkeep\n|turn|60\n|\n|t:|1785809247\n|move|p2a: Cloyster|Clamp|p1a: Lapras\n|-resisted|p1a: Lapras\n|-damage|p1a: Lapras|16/100 par\n|cant|p1a: Lapras|partiallytrapped\n|\n|upkeep\n|turn|61\n|\n|t:|1785809251\n|switch|p1a: Alakazam|Alakazam|26/100 slp\n|move|p2a: Cloyster|Clamp|p1a: Alakazam\n|-damage|p1a: Alakazam|16/100 slp\n|\n|upkeep\n|turn|62\n|\n|t:|1785809253\n|cant|p1a: Alakazam|slp\n|move|p2a: Cloyster|Clamp|p1a: Alakazam|[from] Clamp\n|-damage|p1a: Alakazam|7/100 slp\n|\n|upkeep\n|turn|63\n|\n|t:|1785809265\n|switch|p1a: Lapras|Lapras|16/100 par\n|move|p2a: Cloyster|Clamp|p1a: Lapras\n|-resisted|p1a: Lapras\n|-damage|p1a: Lapras|12/100 par\n|\n|upkeep\n|turn|64\n|\n|t:|1785809276\n|move|p2a: Cloyster|Clamp|p1a: Lapras|[from] Clamp\n|-damage|p1a: Lapras|9/100 par\n|\n|upkeep\n|turn|65\n|\n|t:|1785809285\n|move|p2a: Cloyster|Clamp|p1a: Lapras\n|-resisted|p1a: Lapras\n|-damage|p1a: Lapras|5/100 par\n|cant|p1a: Lapras|partiallytrapped\n|\n|upkeep\n|turn|66\n|inactive|Ct0wn has 270 seconds left.\n|\n|t:|1785809315\n|move|p2a: Cloyster|Clamp|p1a: Lapras|[from] Clamp\n|-damage|p1a: Lapras|0 fnt\n|faint|p1a: Lapras\n|\n|t:|1785809319\n|switch|p1a: Tauros|Tauros|100/100\n|turn|67\n|\n|t:|1785809325\n|move|p1a: Tauros|Body Slam|p2a: Cloyster\n|-damage|p2a: Cloyster|64/100\n|-status|p2a: Cloyster|par\n|move|p2a: Cloyster|Blizzard|p1a: Tauros|[miss]\n|-miss|p2a: Cloyster\n|\n|upkeep\n|turn|68\n|\n|t:|1785809337\n|switch|p1a: Alakazam|Alakazam|7/100 slp\n|move|p2a: Cloyster|Rest|p2a: Cloyster\n|-status|p2a: Cloyster|slp|[from] move: Rest\n|-heal|p2a: Cloyster|100/100 slp|[silent]\n|\n|upkeep\n|turn|69\n|\n|t:|1785809341\n|switch|p2a: Rhydon|Rhydon|89/100\n|cant|p1a: Alakazam|slp\n|\n|upkeep\n|turn|70\n|\n|t:|1785809353\n|switch|p1a: Exeggutor|Exeggutor|48/100 par\n|move|p2a: Rhydon|Body Slam|p1a: Exeggutor\n|-damage|p1a: Exeggutor|24/100 par\n|\n|upkeep\n|turn|71\n|\n|t:|1785809360\n|switch|p2a: Starmie|Starmie|70/100 slp\n|move|p1a: Exeggutor|Psychic|p2a: Starmie\n|-resisted|p2a: Starmie\n|-damage|p2a: Starmie|50/100 slp\n|\n|upkeep\n|turn|72\n|\n|t:|1785809368\n|switch|p1a: Alakazam|Alakazam|7/100 slp\n|cant|p2a: Starmie|slp\n|\n|upkeep\n|turn|73\n|\n|t:|1785809370\n|switch|p2a: Rhydon|Rhydon|89/100\n|cant|p1a: Alakazam|slp\n|\n|upkeep\n|turn|74\n|\n|t:|1785809379\n|switch|p1a: Exeggutor|Exeggutor|24/100 par\n|move|p2a: Rhydon|Substitute|p2a: Rhydon\n|-start|p2a: Rhydon|Substitute\n|-damage|p2a: Rhydon|64/100\n|\n|upkeep\n|turn|75\n|\n|t:|1785809383\n|move|p2a: Rhydon|Body Slam|p1a: Exeggutor\n|-crit|p1a: Exeggutor\n|-damage|p1a: Exeggutor|0 fnt\n|faint|p1a: Exeggutor\n|\n|t:|1785809386\n|switch|p1a: Tauros|Tauros|100/100\n|turn|76\n|\n|t:|1785809389\n|move|p1a: Tauros|Earthquake|p2a: Rhydon\n|-crit|p2a: Rhydon\n|-supereffective|p2a: Rhydon\n|-end|p2a: Rhydon|Substitute\n|move|p2a: Rhydon|Earthquake|p1a: Tauros\n|-damage|p1a: Tauros|62/100\n|\n|upkeep\n|turn|77\n|\n|t:|1785809397\n|switch|p2a: Starmie|Starmie|50/100 slp\n|move|p1a: Tauros|Earthquake|p2a: Starmie\n|-damage|p2a: Starmie|22/100 slp\n|\n|upkeep\n|turn|78\n|\n|t:|1785809418\n|cant|p2a: Starmie|slp\n|move|p1a: Tauros|Blizzard|p2a: Starmie\n|-crit|p2a: Starmie\n|-resisted|p2a: Starmie\n|-damage|p2a: Starmie|1/100 slp\n|\n|upkeep\n|turn|79\n|\n|t:|1785809424\n|switch|p1a: Alakazam|Alakazam|7/100 slp\n|cant|p2a: Starmie|slp\n|\n|upkeep\n|turn|80\n|\n|t:|1785809427\n|switch|p2a: Rhydon|Rhydon|64/100\n|cant|p1a: Alakazam|slp\n|\n|upkeep\n|turn|81\n|\n|t:|1785809434\n|-curestatus|p1a: Alakazam|slp|[msg]\n|move|p2a: Rhydon|Earthquake|p1a: Alakazam\n|-crit|p1a: Alakazam\n|-damage|p1a: Alakazam|0 fnt\n|faint|p1a: Alakazam\n|c|☆Ct0wn|Thanks zam\n|c|☆Ct0wn|Hope you got a good rest \n|c|☆Girls See Ghosts|better late than never, some say\n|\n|t:|1785809452\n|switch|p1a: Tauros|Tauros|62/100\n|turn|82\n|\n|t:|1785809456\n|switch|p2a: Starmie|Starmie|1/100 slp\n|move|p1a: Tauros|Body Slam|p2a: Starmie\n|-crit|p2a: Starmie\n|-damage|p2a: Starmie|0 fnt\n|faint|p2a: Starmie\n|\n|t:|1785809458\n|switch|p2a: Chansey|Chansey|100/100 par\n|turn|83\n|\n|t:|1785809467\n|move|p1a: Tauros|Body Slam|p2a: Chansey\n|-crit|p2a: Chansey\n|-damage|p2a: Chansey|30/100 par\n|move|p2a: Chansey|Thunder Wave|p1a: Tauros\n|-status|p1a: Tauros|par\n|\n|upkeep\n|turn|84\n|\n|t:|1785809472\n|cant|p1a: Tauros|par\n|move|p2a: Chansey|Ice Beam|p1a: Tauros\n|-damage|p1a: Tauros|36/100 par\n|\n|upkeep\n|turn|85\n|\n|t:|1785809480\n|switch|p2a: Rhydon|Rhydon|64/100\n|move|p1a: Tauros|Body Slam|p2a: Rhydon\n|-resisted|p2a: Rhydon\n|-damage|p2a: Rhydon|53/100\n|-status|p2a: Rhydon|par\n|\n|upkeep\n|turn|86\n|\n|t:|1785809487\n|cant|p1a: Tauros|par\n|move|p2a: Rhydon|Earthquake|p1a: Tauros\n|-damage|p1a: Tauros|0 fnt\n|faint|p1a: Tauros\n|\n|win|Girls See Ghosts\n|c|☆Ct0wn|Ggs\n|c|☆Girls See Ghosts|gg\n","uploadtime":1785809487,"views":"74","formatid":"gen1ou","rating":null,"private":0,"password":null}