{"id":"smogtours-gen1ou-915713","format":"[Gen 1] OU","players":["Girls See Ghosts","Laroxyl"],"log":"|inactive|Battle timer is ON: inactive players will automatically lose when time's up.\n|t:|1773000214\n|gametype|singles\n|player|p1|Girls See Ghosts|#splxviisharks|\n|player|p2|Laroxyl|#splxviitigers2|\n|gen|1\n|tier|[Gen 1] OU\n|rule|Desync Clause Mod: Desyncs changed to move failure.\n|rule|Sleep Clause Mod: Limit one foe put to sleep\n|rule|Freeze Clause Mod: Limit one foe frozen\n|rule|Species Clause: Limit one of each Pokémon\n|rule|OHKO Clause: OHKO moves are banned\n|rule|Evasion Moves Clause: Evasion moves are banned\n|rule|Endless Battle Clause: Forcing endless battles is banned\n|rule|HP Percentage Mod: HP is shown in percentages\n|\n|t:|1773000214\n|teamsize|p1|6\n|teamsize|p2|6\n|start\n|switch|p1a: Gengar|Gengar|100/100\n|switch|p2a: Starmie|Starmie|100/100\n|turn|1\n|c|☆Girls See Ghosts|glhf\n|c|☆Laroxyl|u2\n|inactive|Laroxyl has 270 seconds left.\n|rated|Smogon Premier League\n|\n|t:|1773000252\n|switch|p2a: Exeggutor|Exeggutor|100/100\n|switch|p1a: Chansey|Chansey|100/100\n|\n|upkeep\n|turn|2\n|\n|t:|1773000262\n|switch|p1a: Gengar|Gengar|100/100\n|move|p2a: Exeggutor|Sleep Powder|p1a: Gengar|[miss]\n|-miss|p2a: Exeggutor\n|\n|upkeep\n|turn|3\n|inactive|Laroxyl has 270 seconds left.\n|\n|t:|1773000295\n|switch|p2a: Starmie|Starmie|100/100\n|move|p1a: Gengar|Hypnosis|p2a: Starmie\n|-status|p2a: Starmie|slp|[from] move: Hypnosis\n|\n|upkeep\n|turn|4\n|inactive|Laroxyl has 270 seconds left.\n|inactive|Laroxyl has 240 seconds left.\n|\n|t:|1773000341\n|switch|p2a: Exeggutor|Exeggutor|100/100\n|move|p1a: Gengar|Night Shade|p2a: Exeggutor\n|-damage|p2a: Exeggutor|75/100\n|\n|upkeep\n|turn|5\n|inactive|Laroxyl has 240 seconds left.\n|inactive|Laroxyl has 210 seconds left.\n|\n|t:|1773000385\n|move|p1a: Gengar|Night Shade|p2a: Exeggutor\n|-damage|p2a: Exeggutor|50/100\n|move|p2a: Exeggutor|Sleep Powder|p1a: Gengar|[miss]\n|-miss|p2a: Exeggutor\n|\n|upkeep\n|turn|6\n|inactive|Laroxyl has 210 seconds left.\n|\n|t:|1773000414\n|switch|p2a: Rhydon|Rhydon|100/100\n|move|p1a: Gengar|Night Shade|p2a: Rhydon\n|-damage|p2a: Rhydon|76/100\n|\n|upkeep\n|turn|7\n|\n|t:|1773000423\n|switch|p1a: Exeggutor|Exeggutor|100/100\n|switch|p2a: Exeggutor|Exeggutor|50/100\n|\n|upkeep\n|turn|8\n|\n|t:|1773000428\n|switch|p1a: Gengar|Gengar|100/100\n|move|p2a: Exeggutor|Sleep Powder|p1a: Gengar\n|-status|p1a: Gengar|slp|[from] move: Sleep Powder\n|\n|upkeep\n|turn|9\n|\n|t:|1773000441\n|switch|p1a: Chansey|Chansey|100/100\n|move|p2a: Exeggutor|Stun Spore|p1a: Chansey\n|-status|p1a: Chansey|par\n|\n|upkeep\n|turn|10\n|inactive|Laroxyl has 210 seconds left.\n|\n|t:|1773000464\n|move|p2a: Exeggutor|Explosion|p1a: Chansey\n|-damage|p1a: Chansey|0 fnt\n|faint|p1a: Chansey\n|faint|p2a: Exeggutor\n|\n|t:|1773000479\n|switch|p2a: Chansey|Chansey|100/100\n|switch|p1a: Exeggutor|Exeggutor|100/100\n|turn|11\n|\n|t:|1773000497\n|move|p1a: Exeggutor|Stun Spore|p2a: Chansey\n|-status|p2a: Chansey|par\n|move|p2a: Chansey|Thunder Wave|p1a: Exeggutor\n|-status|p1a: Exeggutor|par\n|\n|upkeep\n|turn|12\n|\n|t:|1773000508\n|switch|p1a: Snorlax|Snorlax|100/100\n|move|p2a: Chansey|Ice Beam|p1a: Snorlax\n|-damage|p1a: Snorlax|81/100\n|\n|upkeep\n|turn|13\n|\n|t:|1773000519\n|switch|p2a: Snorlax|Snorlax|100/100\n|move|p1a: Snorlax|Earthquake|p2a: Snorlax\n|-damage|p2a: Snorlax|79/100\n|\n|upkeep\n|turn|14\n|\n|t:|1773000523\n|move|p1a: Snorlax|Reflect|p1a: Snorlax\n|-start|p1a: Snorlax|Reflect\n|move|p2a: Snorlax|Reflect|p2a: Snorlax\n|-start|p2a: Snorlax|Reflect\n|\n|upkeep\n|turn|15\n|\n|t:|1773000527\n|move|p2a: Snorlax|Body Slam|p1a: Snorlax\n|-damage|p1a: Snorlax|68/100\n|move|p1a: Snorlax|Body Slam|p2a: Snorlax\n|-damage|p2a: Snorlax|66/100\n|\n|upkeep\n|turn|16\n|\n|t:|1773000532\n|move|p1a: Snorlax|Body Slam|p2a: Snorlax\n|-damage|p2a: Snorlax|53/100\n|move|p2a: Snorlax|Body Slam|p1a: Snorlax\n|-damage|p1a: Snorlax|55/100\n|\n|upkeep\n|turn|17\n|\n|t:|1773000535\n|move|p2a: Snorlax|Body Slam|p1a: Snorlax\n|-damage|p1a: Snorlax|41/100\n|move|p1a: Snorlax|Rest|p1a: Snorlax\n|-status|p1a: Snorlax|slp|[from] move: Rest\n|-heal|p1a: Snorlax|100/100 slp|[silent]\n|\n|upkeep\n|turn|18\n|\n|t:|1773000539\n|cant|p1a: Snorlax|slp\n|move|p2a: Snorlax|Body Slam|p1a: Snorlax\n|-damage|p1a: Snorlax|86/100 slp\n|\n|upkeep\n|turn|19\n|\n|t:|1773000542\n|move|p2a: Snorlax|Body Slam|p1a: Snorlax\n|-damage|p1a: Snorlax|72/100 slp\n|-curestatus|p1a: Snorlax|slp|[msg]\n|\n|upkeep\n|turn|20\n|inactive|Girls See Ghosts has 270 seconds left.\n|\n|t:|1773000573\n|move|p1a: Snorlax|Body Slam|p2a: Snorlax\n|-damage|p2a: Snorlax|40/100\n|move|p2a: Snorlax|Body Slam|p1a: Snorlax\n|-damage|p1a: Snorlax|58/100\n|\n|upkeep\n|turn|21\n|inactive|Girls See Ghosts has 270 seconds left.\n|\n|t:|1773000586\n|move|p1a: Snorlax|Body Slam|p2a: Snorlax\n|-damage|p2a: Snorlax|26/100\n|move|p2a: Snorlax|Body Slam|p1a: Snorlax\n|-damage|p1a: Snorlax|44/100\n|\n|upkeep\n|turn|22\n|inactive|Girls See Ghosts has 270 seconds left.\n|\n|t:|1773000599\n|move|p1a: Snorlax|Body Slam|p2a: Snorlax\n|-damage|p2a: Snorlax|13/100\n|move|p2a: Snorlax|Rest|p2a: Snorlax\n|-status|p2a: Snorlax|slp|[from] move: Rest\n|-heal|p2a: Snorlax|100/100 slp|[silent]\n|\n|upkeep\n|turn|23\n|\n|t:|1773000605\n|cant|p2a: Snorlax|slp\n|move|p1a: Snorlax|Rest|p1a: Snorlax\n|-status|p1a: Snorlax|slp|[from] move: Rest\n|-heal|p1a: Snorlax|100/100 slp|[silent]\n|\n|upkeep\n|turn|24\n|\n|t:|1773000617\n|-curestatus|p2a: Snorlax|slp|[msg]\n|cant|p1a: Snorlax|slp\n|\n|upkeep\n|turn|25\n|\n|t:|1773000623\n|-curestatus|p1a: Snorlax|slp|[msg]\n|move|p2a: Snorlax|Body Slam|p1a: Snorlax\n|-damage|p1a: Snorlax|87/100\n|\n|upkeep\n|turn|26\n|\n|t:|1773000630\n|move|p2a: Snorlax|Body Slam|p1a: Snorlax\n|-crit|p1a: Snorlax\n|-damage|p1a: Snorlax|35/100\n|move|p1a: Snorlax|Reflect|p1a: Snorlax\n|-fail|p1a: Snorlax\n|\n|upkeep\n|turn|27\n|\n|t:|1773000650\n|switch|p2a: Tauros|Tauros|100/100\n|move|p1a: Snorlax|Rest|p1a: Snorlax\n|-status|p1a: Snorlax|slp|[from] move: Rest\n|-heal|p1a: Snorlax|100/100 slp|[silent]\n|\n|upkeep\n|turn|28\n|\n|t:|1773000653\n|move|p2a: Tauros|Body Slam|p1a: Snorlax\n|-crit|p1a: Snorlax\n|-damage|p1a: Snorlax|55/100 slp\n|cant|p1a: Snorlax|slp\n|\n|upkeep\n|turn|29\n|\n|t:|1773000657\n|move|p2a: Tauros|Body Slam|p1a: Snorlax\n|-crit|p1a: Snorlax\n|-damage|p1a: Snorlax|5/100 slp\n|-curestatus|p1a: Snorlax|slp|[msg]\n|\n|upkeep\n|turn|30\n|\n|t:|1773000675\n|switch|p1a: Gengar|Gengar|100/100 slp\n|move|p2a: Tauros|Earthquake|p1a: Gengar\n|-crit|p1a: Gengar\n|-supereffective|p1a: Gengar\n|-damage|p1a: Gengar|0 fnt\n|faint|p1a: Gengar\n|\n|t:|1773000694\n|switch|p1a: Exeggutor|Exeggutor|100/100 par\n|turn|31\n|\n|t:|1773000721\n|switch|p2a: Chansey|Chansey|100/100 par\n|switch|p1a: Snorlax|Snorlax|5/100\n|\n|upkeep\n|turn|32\n|inactive|Laroxyl has 270 seconds left.\n|\n|t:|1773000762\n|switch|p2a: Snorlax|Snorlax|100/100\n|move|p1a: Snorlax|Body Slam|p2a: Snorlax\n|-crit|p2a: Snorlax\n|-damage|p2a: Snorlax|52/100\n|\n|upkeep\n|turn|33\n|\n|t:|1773000775\n|move|p1a: Snorlax|Body Slam|p2a: Snorlax\n|-crit|p2a: Snorlax\n|-damage|p2a: Snorlax|1/100\n|move|p2a: Snorlax|Body Slam|p1a: Snorlax\n|-damage|p1a: Snorlax|0 fnt\n|faint|p1a: Snorlax\n|inactive|Girls See Ghosts has 270 seconds left.\n|\n|t:|1773000789\n|switch|p1a: Tauros|Tauros|100/100\n|turn|34\n|\n|t:|1773000803\n|move|p1a: Tauros|Body Slam|p2a: Snorlax\n|-damage|p2a: Snorlax|0 fnt\n|faint|p2a: Snorlax\n|inactive|Laroxyl has 240 seconds left.\n|inactive|Laroxyl has 210 seconds left.\n|\n|t:|1773000866\n|switch|p2a: Tauros|Tauros|100/100\n|turn|35\n|\n|t:|1773000880\n|move|p1a: Tauros|Body Slam|p2a: Tauros\n|-damage|p2a: Tauros|70/100\n|move|p2a: Tauros|Body Slam|p1a: Tauros\n|-damage|p1a: Tauros|71/100\n|\n|upkeep\n|turn|36\n|\n|t:|1773000889\n|move|p1a: Tauros|Body Slam|p2a: Tauros\n|-damage|p2a: Tauros|38/100\n|move|p2a: Tauros|Body Slam|p1a: Tauros\n|-damage|p1a: Tauros|40/100\n|\n|upkeep\n|turn|37\n|inactive|Laroxyl has 210 seconds left.\n|inactive|Laroxyl has 180 seconds left.\n|\n|t:|1773000945\n|switch|p1a: Zapdos|Zapdos|100/100\n|move|p2a: Tauros|Body Slam|p1a: Zapdos\n|-crit|p1a: Zapdos\n|-damage|p1a: Zapdos|47/100\n|\n|upkeep\n|turn|38\n|inactive|Laroxyl has 180 seconds left.\n|inactive|Laroxyl has 150 seconds left.\n|inactive|Laroxyl has 120 seconds left.\n|inactive|Laroxyl has 90 seconds left.\n|\n|t:|1773001045\n|switch|p2a: Chansey|Chansey|100/100 par\n|switch|p1a: Exeggutor|Exeggutor|100/100 par\n|\n|upkeep\n|turn|39\n|inactive|Laroxyl has 90 seconds left.\n|inactive|Girls See Ghosts has 270 seconds left.\n|\n|t:|1773001088\n|switch|p1a: Tauros|Tauros|40/100\n|move|p2a: Chansey|Ice Beam|p1a: Tauros\n|-damage|p1a: Tauros|15/100\n|\n|upkeep\n|turn|40\n|inactive|Laroxyl has 60 seconds left.\n|\n|t:|1773001116\n|move|p1a: Tauros|Body Slam|p2a: Chansey\n|-damage|p2a: Chansey|64/100 par\n|move|p2a: Chansey|Ice Beam|p1a: Tauros\n|-damage|p1a: Tauros|0 fnt\n|faint|p1a: Tauros\n|\n|t:|1773001121\n|switch|p1a: Zapdos|Zapdos|47/100\n|turn|41\n|\n|t:|1773001124\n|switch|p1a: Exeggutor|Exeggutor|100/100 par\n|switch|p2a: Rhydon|Rhydon|76/100\n|\n|upkeep\n|turn|42\n|\n|t:|1773001130\n|switch|p2a: Chansey|Chansey|64/100 par\n|move|p1a: Exeggutor|Psychic|p2a: Chansey\n|-damage|p2a: Chansey|48/100 par\n|\n|upkeep\n|turn|43\n|\n|t:|1773001135\n|move|p1a: Exeggutor|Psychic|p2a: Chansey\n|-damage|p2a: Chansey|32/100 par\n|move|p2a: Chansey|Soft-Boiled|p2a: Chansey\n|-heal|p2a: Chansey|82/100 par\n|\n|upkeep\n|turn|44\n|\n|t:|1773001139\n|move|p1a: Exeggutor|Psychic|p2a: Chansey\n|-damage|p2a: Chansey|63/100 par\n|move|p2a: Chansey|Soft-Boiled|p2a: Chansey\n|-heal|p2a: Chansey|100/100 par\n|\n|upkeep\n|turn|45\n|\n|t:|1773001142\n|move|p1a: Exeggutor|Psychic|p2a: Chansey\n|-damage|p2a: Chansey|84/100 par\n|-unboost|p2a: Chansey|spa|1\n|-unboost|p2a: Chansey|spd|1\n|cant|p2a: Chansey|par\n|\n|upkeep\n|turn|46\n|\n|t:|1773001144\n|move|p1a: Exeggutor|Psychic|p2a: Chansey\n|-damage|p2a: Chansey|59/100 par\n|move|p2a: Chansey|Soft-Boiled|p2a: Chansey\n|-heal|p2a: Chansey|100/100 par\n|\n|upkeep\n|turn|47\n|\n|t:|1773001147\n|cant|p1a: Exeggutor|par\n|move|p2a: Chansey|Ice Beam|p1a: Exeggutor\n|-supereffective|p1a: Exeggutor\n|-damage|p1a: Exeggutor|77/100 par\n|\n|upkeep\n|turn|48\n|\n|t:|1773001152\n|move|p1a: Exeggutor|Psychic|p2a: Chansey\n|-damage|p2a: Chansey|73/100 par\n|move|p2a: Chansey|Ice Beam|p1a: Exeggutor\n|-supereffective|p1a: Exeggutor\n|-damage|p1a: Exeggutor|55/100 par\n|\n|upkeep\n|turn|49\n|\n|t:|1773001164\n|move|p1a: Exeggutor|Psychic|p2a: Chansey\n|-damage|p2a: Chansey|48/100 par\n|move|p2a: Chansey|Ice Beam|p1a: Exeggutor\n|-supereffective|p1a: Exeggutor\n|-damage|p1a: Exeggutor|33/100 par\n|\n|upkeep\n|turn|50\n|\n|t:|1773001173\n|move|p1a: Exeggutor|Psychic|p2a: Chansey\n|-damage|p2a: Chansey|24/100 par\n|-unboost|p2a: Chansey|spa|1\n|-unboost|p2a: Chansey|spd|1\n|move|p2a: Chansey|Ice Beam|p1a: Exeggutor\n|-supereffective|p1a: Exeggutor\n|-damage|p1a: Exeggutor|17/100 par\n|\n|upkeep\n|turn|51\n|\n|t:|1773001181\n|move|p1a: Exeggutor|Psychic|p2a: Chansey\n|-damage|p2a: Chansey|0 fnt\n|faint|p2a: Chansey\n|\n|t:|1773001184\n|switch|p2a: Tauros|Tauros|38/100\n|turn|52\n|\n|t:|1773001187\n|move|p2a: Tauros|Body Slam|p1a: Exeggutor\n|-damage|p1a: Exeggutor|0 fnt\n|faint|p1a: Exeggutor\n|c|☆Girls See Ghosts|gg\n|\n|t:|1773001191\n|switch|p1a: Zapdos|Zapdos|47/100\n|turn|53\n|c|☆Laroxyl|ggs\n|\n|t:|1773001196\n|move|p2a: Tauros|Hyper Beam|p1a: Zapdos\n|-damage|p1a: Zapdos|0 fnt\n|faint|p1a: Zapdos\n|\n|win|Laroxyl\n|player|p2|\n|player|p1|\n","uploadtime":1773001196,"views":"1000","formatid":"gen1ou","rating":null,"private":0,"password":null}