{"id":"smogtours-gen1ou-821700","format":"[Gen 1] OU","players":["shiloh","Sceptross"],"log":"|inactive|Battle timer is ON: inactive players will automatically lose when time's up.\n|t:|1740333940\n|gametype|singles\n|player|p1|shiloh|#splxvitigers2|\n|player|p2|Sceptross|#splxvicryonicles|\n|teamsize|p1|6\n|teamsize|p2|6\n|gen|1\n|tier|[Gen 1] OU\n|rule|Desync Clause Mod: Desyncs changed to move failure.\n|rule|Sleep Clause Mod: Limit one foe put to sleep\n|rule|Freeze Clause Mod: Limit one foe frozen\n|rule|Species Clause: Limit one of each Pokémon\n|rule|OHKO Clause: OHKO moves are banned\n|rule|Evasion Moves Clause: Evasion moves are banned\n|rule|Endless Battle Clause: Forcing endless battles is banned\n|rule|HP Percentage Mod: HP is shown in percentages\n|\n|t:|1740333940\n|start\n|switch|p1a: SIXTH OF THE DUSK|Alakazam|100/100\n|switch|p2a: Starmie|Starmie|100/100\n|turn|1\n|c|☆Sceptross|gl hf\n|rated|Smogon Premier League\n|inactive|Sceptross has 270 seconds left.\n|\n|t:|1740333984\n|move|p1a: SIXTH OF THE DUSK|Seismic Toss|p2a: Starmie\n|-damage|p2a: Starmie|70/100\n|move|p2a: Starmie|Blizzard|p1a: SIXTH OF THE DUSK\n|-damage|p1a: SIXTH OF THE DUSK|74/100\n|\n|upkeep\n|turn|2\n|\n|t:|1740333991\n|move|p1a: SIXTH OF THE DUSK|Seismic Toss|p2a: Starmie\n|-damage|p2a: Starmie|39/100\n|move|p2a: Starmie|Thunder Wave|p1a: SIXTH OF THE DUSK\n|-status|p1a: SIXTH OF THE DUSK|par\n|\n|upkeep\n|turn|3\n|\n|t:|1740333993\n|switch|p1a: AUTONOMY|Exeggutor|100/100\n|move|p2a: Starmie|Recover|p2a: Starmie\n|-heal|p2a: Starmie|88/100\n|\n|upkeep\n|turn|4\n|\n|t:|1740334012\n|move|p2a: Starmie|Thunder Wave|p1a: AUTONOMY\n|-status|p1a: AUTONOMY|par\n|cant|p1a: AUTONOMY|par\n|\n|upkeep\n|turn|5\n|\n|t:|1740334017\n|move|p2a: Starmie|Blizzard|p1a: AUTONOMY\n|-supereffective|p1a: AUTONOMY\n|-damage|p1a: AUTONOMY|60/100 par\n|cant|p1a: AUTONOMY|par\n|\n|upkeep\n|turn|6\n|\n|t:|1740334029\n|switch|p1a: SIXTH OF THE DUSK|Alakazam|74/100 par\n|move|p2a: Starmie|Blizzard|p1a: SIXTH OF THE DUSK\n|-damage|p1a: SIXTH OF THE DUSK|51/100 par\n|\n|upkeep\n|turn|7\n|inactive|Sceptross has 270 seconds left.\n|inactive|Sceptross has 240 seconds left.\n|\n|t:|1740334097\n|switch|p2a: Chansey|Chansey|100/100\n|move|p1a: SIXTH OF THE DUSK|Recover|p1a: SIXTH OF THE DUSK\n|-heal|p1a: SIXTH OF THE DUSK|100/100 par\n|\n|upkeep\n|turn|8\n|inactive|Sceptross has 240 seconds left.\n|\n|t:|1740334110\n|move|p2a: Chansey|Thunder Wave|p1a: SIXTH OF THE DUSK\n|-fail|p1a: SIXTH OF THE DUSK|par\n|cant|p1a: SIXTH OF THE DUSK|par\n|\n|upkeep\n|turn|9\n|\n|t:|1740334114\n|move|p2a: Chansey|Thunder Wave|p1a: SIXTH OF THE DUSK\n|-fail|p1a: SIXTH OF THE DUSK|par\n|move|p1a: SIXTH OF THE DUSK|Thunder Wave|p2a: Chansey\n|-status|p2a: Chansey|par\n|\n|upkeep\n|turn|10\n|\n|t:|1740334119\n|move|p1a: SIXTH OF THE DUSK|Psychic|p2a: Chansey\n|-crit|p2a: Chansey\n|-damage|p2a: Chansey|68/100 par\n|-unboost|p2a: Chansey|spa|1\n|-unboost|p2a: Chansey|spd|1\n|move|p2a: Chansey|Ice Beam|p1a: SIXTH OF THE DUSK\n|-damage|p1a: SIXTH OF THE DUSK|88/100 par\n|\n|upkeep\n|turn|11\n|\n|t:|1740334128\n|switch|p1a: PATJI'S EYE|Snorlax|100/100\n|move|p2a: Chansey|Soft-Boiled|p2a: Chansey\n|-heal|p2a: Chansey|100/100 par\n|\n|upkeep\n|turn|12\n|\n|t:|1740334147\n|move|p1a: PATJI'S EYE|Body Slam|p2a: Chansey\n|-damage|p2a: Chansey|59/100 par\n|move|p2a: Chansey|Thunder Wave|p1a: PATJI'S EYE\n|-status|p1a: PATJI'S EYE|par\n|\n|upkeep\n|turn|13\n|inactive|Sceptross has 270 seconds left.\n|\n|t:|1740334153\n|switch|p2a: Snorlax|Snorlax|100/100\n|move|p1a: PATJI'S EYE|Body Slam|p2a: Snorlax\n|-damage|p2a: Snorlax|75/100\n|\n|upkeep\n|turn|14\n|\n|t:|1740334157\n|move|p2a: Snorlax|Body Slam|p1a: PATJI'S EYE\n|-damage|p1a: PATJI'S EYE|76/100 par\n|move|p1a: PATJI'S EYE|Reflect|p1a: PATJI'S EYE\n|-start|p1a: PATJI'S EYE|Reflect\n|\n|upkeep\n|turn|15\n|inactive|Sceptross has 270 seconds left.\n|\n|t:|1740334185\n|move|p2a: Snorlax|Reflect|p2a: Snorlax\n|-start|p2a: Snorlax|Reflect\n|move|p1a: PATJI'S EYE|Body Slam|p2a: Snorlax\n|-damage|p2a: Snorlax|61/100\n|\n|upkeep\n|turn|16\n|inactive|Sceptross has 270 seconds left.\n|\n|t:|1740334193\n|move|p2a: Snorlax|Body Slam|p1a: PATJI'S EYE\n|-damage|p1a: PATJI'S EYE|63/100 par\n|move|p1a: PATJI'S EYE|Rest|p1a: PATJI'S EYE\n|-status|p1a: PATJI'S EYE|slp|[from] move: Rest\n|-heal|p1a: PATJI'S EYE|100/100 slp|[silent]\n|\n|upkeep\n|turn|17\n|\n|t:|1740334197\n|move|p2a: Snorlax|Body Slam|p1a: PATJI'S EYE\n|-damage|p1a: PATJI'S EYE|87/100 slp\n|cant|p1a: PATJI'S EYE|slp\n|\n|upkeep\n|turn|18\n|\n|t:|1740334200\n|move|p2a: Snorlax|Body Slam|p1a: PATJI'S EYE\n|-damage|p1a: PATJI'S EYE|75/100 slp\n|-curestatus|p1a: PATJI'S EYE|slp|[msg]\n|\n|upkeep\n|turn|19\n|\n|t:|1740334204\n|move|p2a: Snorlax|Body Slam|p1a: PATJI'S EYE\n|-damage|p1a: PATJI'S EYE|61/100\n|move|p1a: PATJI'S EYE|Body Slam|p2a: Snorlax\n|-crit|p2a: Snorlax\n|-damage|p2a: Snorlax|11/100\n|\n|upkeep\n|turn|20\n|\n|t:|1740334216\n|switch|p1a: AUTONOMY|Exeggutor|60/100 par\n|move|p2a: Snorlax|Rest|p2a: Snorlax\n|-status|p2a: Snorlax|slp|[from] move: Rest\n|-heal|p2a: Snorlax|100/100 slp|[silent]\n|\n|upkeep\n|turn|21\n|\n|t:|1740334227\n|switch|p2a: Starmie|Starmie|88/100\n|move|p1a: AUTONOMY|Sleep Powder|p2a: Starmie\n|-status|p2a: Starmie|slp|[from] move: Sleep Powder\n|\n|upkeep\n|turn|22\n|inactive|Sceptross has 270 seconds left.\n|\n|t:|1740334269\n|switch|p2a: Exeggutor|Exeggutor|100/100\n|switch|p1a: STORMBLESSED|Tauros|100/100\n|\n|upkeep\n|turn|23\n|\n|t:|1740334283\n|switch|p1a: AUTONOMY|Exeggutor|60/100 par\n|move|p2a: Exeggutor|Psychic|p1a: AUTONOMY\n|-resisted|p1a: AUTONOMY\n|-damage|p1a: AUTONOMY|47/100 par\n|\n|upkeep\n|turn|24\n|\n|t:|1740334300\n|switch|p2a: Chansey|Chansey|59/100 par\n|move|p1a: AUTONOMY|Stun Spore|p2a: Chansey\n|-fail|p2a: Chansey|par\n|\n|upkeep\n|turn|25\n|\n|t:|1740334308\n|move|p1a: AUTONOMY|Explosion|p2a: Chansey\n|-damage|p2a: Chansey|0 fnt\n|faint|p2a: Chansey\n|faint|p1a: AUTONOMY\n|inactive|Sceptross has 240 seconds left.\n|inactive|Sceptross has 210 seconds left.\n|\n|t:|1740334379\n|switch|p1a: SIXTH OF THE DUSK|Alakazam|88/100 par\n|switch|p2a: Tauros|Tauros|100/100\n|turn|26\n|inactive|Sceptross has 180 seconds left.\n|\n|t:|1740334439\n|switch|p1a: KOKERLII|Slowbro|100/100\n|move|p2a: Tauros|Body Slam|p1a: KOKERLII\n|-damage|p1a: KOKERLII|76/100\n|\n|upkeep\n|turn|27\n|inactive|Sceptross has 150 seconds left.\n|inactive|Sceptross has 120 seconds left.\n|\n|t:|1740334490\n|switch|p2a: Snorlax|Snorlax|100/100 slp\n|move|p1a: KOKERLII|Thunder Wave|p2a: Snorlax\n|-fail|p2a: Snorlax\n|\n|upkeep\n|turn|28\n|inactive|Sceptross has 120 seconds left.\n|\n|t:|1740334497\n|switch|p2a: Exeggutor|Exeggutor|100/100\n|move|p1a: KOKERLII|Thunder Wave|p2a: Exeggutor\n|-status|p2a: Exeggutor|par\n|\n|upkeep\n|turn|29\n|inactive|Sceptross has 120 seconds left.\n|\n|t:|1740334508\n|switch|p1a: SIXTH OF THE DUSK|Alakazam|88/100 par\n|switch|p2a: Snorlax|Snorlax|100/100 slp\n|\n|upkeep\n|turn|30\n|\n|t:|1740334510\n|cant|p2a: Snorlax|slp\n|move|p1a: SIXTH OF THE DUSK|Psychic|p2a: Snorlax\n|-damage|p2a: Snorlax|65/100 slp\n|\n|upkeep\n|turn|31\n|\n|t:|1740334515\n|-curestatus|p2a: Snorlax|slp|[msg]\n|cant|p1a: SIXTH OF THE DUSK|par\n|\n|upkeep\n|turn|32\n|\n|t:|1740334520\n|switch|p1a: THE PANTHEON|Chansey|100/100\n|move|p2a: Snorlax|Body Slam|p1a: THE PANTHEON\n|-damage|p1a: THE PANTHEON|56/100\n|\n|upkeep\n|turn|33\n|inactive|Sceptross has 150 seconds left.\n|\n|t:|1740334548\n|move|p1a: THE PANTHEON|Soft-Boiled|p1a: THE PANTHEON\n|-heal|p1a: THE PANTHEON|100/100\n|move|p2a: Snorlax|Body Slam|p1a: THE PANTHEON\n|-damage|p1a: THE PANTHEON|56/100\n|\n|upkeep\n|turn|34\n|\n|t:|1740334553\n|move|p1a: THE PANTHEON|Soft-Boiled|p1a: THE PANTHEON\n|-heal|p1a: THE PANTHEON|100/100\n|move|p2a: Snorlax|Earthquake|p1a: THE PANTHEON\n|-damage|p1a: THE PANTHEON|68/100\n|\n|upkeep\n|turn|35\n|\n|t:|1740334564\n|move|p1a: THE PANTHEON|Soft-Boiled|p1a: THE PANTHEON\n|-heal|p1a: THE PANTHEON|100/100\n|move|p2a: Snorlax|Earthquake|p1a: THE PANTHEON\n|-damage|p1a: THE PANTHEON|68/100\n|\n|upkeep\n|turn|36\n|\n|t:|1740334578\n|move|p1a: THE PANTHEON|Thunder Wave|p2a: Snorlax\n|-status|p2a: Snorlax|par\n|move|p2a: Snorlax|Earthquake|p1a: THE PANTHEON\n|-damage|p1a: THE PANTHEON|36/100\n|\n|upkeep\n|turn|37\n|\n|t:|1740334589\n|move|p1a: THE PANTHEON|Soft-Boiled|p1a: THE PANTHEON\n|-heal|p1a: THE PANTHEON|86/100\n|cant|p2a: Snorlax|par\n|\n|upkeep\n|turn|38\n|\n|t:|1740334595\n|move|p1a: THE PANTHEON|Ice Beam|p2a: Snorlax\n|-damage|p2a: Snorlax|45/100 par\n|move|p2a: Snorlax|Body Slam|p1a: THE PANTHEON\n|-damage|p1a: THE PANTHEON|46/100\n|\n|upkeep\n|turn|39\n|\n|t:|1740334599\n|move|p1a: THE PANTHEON|Soft-Boiled|p1a: THE PANTHEON\n|-heal|p1a: THE PANTHEON|96/100\n|move|p2a: Snorlax|Rest|p2a: Snorlax\n|-status|p2a: Snorlax|slp|[from] move: Rest\n|-heal|p2a: Snorlax|100/100 slp|[silent]\n|\n|upkeep\n|turn|40\n|\n|t:|1740334604\n|move|p1a: THE PANTHEON|Ice Beam|p2a: Snorlax\n|-damage|p2a: Snorlax|81/100 slp\n|cant|p2a: Snorlax|slp\n|\n|upkeep\n|turn|41\n|\n|t:|1740334608\n|move|p1a: THE PANTHEON|Ice Beam|p2a: Snorlax\n|-damage|p2a: Snorlax|61/100 slp\n|-curestatus|p2a: Snorlax|slp|[msg]\n|\n|upkeep\n|turn|42\n|inactive|Sceptross has 180 seconds left.\n|\n|t:|1740334625\n|move|p1a: THE PANTHEON|Thunder Wave|p2a: Snorlax\n|-status|p2a: Snorlax|par\n|move|p2a: Snorlax|Body Slam|p1a: THE PANTHEON\n|-damage|p1a: THE PANTHEON|52/100\n|\n|upkeep\n|turn|43\n|\n|t:|1740334630\n|move|p1a: THE PANTHEON|Soft-Boiled|p1a: THE PANTHEON\n|-heal|p1a: THE PANTHEON|100/100\n|move|p2a: Snorlax|Earthquake|p1a: THE PANTHEON\n|-damage|p1a: THE PANTHEON|68/100\n|\n|upkeep\n|turn|44\n|\n|t:|1740334632\n|move|p1a: THE PANTHEON|Soft-Boiled|p1a: THE PANTHEON\n|-heal|p1a: THE PANTHEON|100/100\n|move|p2a: Snorlax|Earthquake|p1a: THE PANTHEON\n|-damage|p1a: THE PANTHEON|69/100\n|\n|upkeep\n|turn|45\n|\n|t:|1740334637\n|move|p1a: THE PANTHEON|Ice Beam|p2a: Snorlax\n|-damage|p2a: Snorlax|41/100 par\n|move|p2a: Snorlax|Earthquake|p1a: THE PANTHEON\n|-damage|p1a: THE PANTHEON|38/100\n|\n|upkeep\n|turn|46\n|\n|t:|1740334640\n|move|p1a: THE PANTHEON|Soft-Boiled|p1a: THE PANTHEON\n|-heal|p1a: THE PANTHEON|88/100\n|move|p2a: Snorlax|Rest|p2a: Snorlax\n|-status|p2a: Snorlax|slp|[from] move: Rest\n|-heal|p2a: Snorlax|100/100 slp|[silent]\n|\n|upkeep\n|turn|47\n|\n|t:|1740334644\n|move|p1a: THE PANTHEON|Ice Beam|p2a: Snorlax\n|-crit|p2a: Snorlax\n|-damage|p2a: Snorlax|65/100 slp\n|cant|p2a: Snorlax|slp\n|\n|upkeep\n|turn|48\n|\n|t:|1740334646\n|move|p1a: THE PANTHEON|Ice Beam|p2a: Snorlax\n|-damage|p2a: Snorlax|47/100 slp\n|-curestatus|p2a: Snorlax|slp|[msg]\n|\n|upkeep\n|turn|49\n|\n|t:|1740334656\n|switch|p1a: STORMBLESSED|Tauros|100/100\n|move|p2a: Snorlax|Body Slam|p1a: STORMBLESSED\n|-damage|p1a: STORMBLESSED|67/100\n|\n|upkeep\n|turn|50\n|inactive|Sceptross has 240 seconds left.\n|inactive|Sceptross has 210 seconds left.\n|inactive|Sceptross has 180 seconds left.\n|\n|t:|1740334746\n|move|p1a: STORMBLESSED|Body Slam|p2a: Snorlax\n|-damage|p2a: Snorlax|22/100\n|move|p2a: Snorlax|Body Slam|p1a: STORMBLESSED\n|-damage|p1a: STORMBLESSED|38/100\n|\n|upkeep\n|turn|51\n|inactive|Sceptross has 150 seconds left.\n|inactive|Sceptross has 120 seconds left.\n|inactive|Sceptross has 90 seconds left.\n|\n|t:|1740334834\n|switch|p2a: Starmie|Starmie|88/100 slp\n|move|p1a: STORMBLESSED|Body Slam|p2a: Starmie\n|-damage|p2a: Starmie|55/100 slp\n|\n|upkeep\n|turn|52\n|\n|t:|1740334837\n|cant|p2a: Starmie|slp\n|move|p1a: STORMBLESSED|Body Slam|p2a: Starmie\n|-damage|p2a: Starmie|23/100 slp\n|\n|upkeep\n|turn|53\n|\n|t:|1740334840\n|cant|p2a: Starmie|slp\n|move|p1a: STORMBLESSED|Body Slam|p2a: Starmie\n|-damage|p2a: Starmie|0 fnt\n|faint|p2a: Starmie\n|\n|t:|1740334842\n|switch|p2a: Zapdos|Zapdos|100/100\n|turn|54\n|\n|t:|1740334865\n|move|p1a: STORMBLESSED|Body Slam|p2a: Zapdos\n|-damage|p2a: Zapdos|69/100\n|move|p2a: Zapdos|Thunder Wave|p1a: STORMBLESSED\n|-status|p1a: STORMBLESSED|par\n|\n|upkeep\n|turn|55\n|inactive|shiloh has 270 seconds left.\n|inactive|Sceptross has 90 seconds left.\n|inactive|Sceptross has 60 seconds left.\n|\n|t:|1740334929\n|switch|p1a: THE PANTHEON|Chansey|88/100\n|move|p2a: Zapdos|Thunderbolt|p1a: THE PANTHEON\n|-damage|p1a: THE PANTHEON|70/100\n|\n|upkeep\n|turn|56\n|\n|t:|1740334935\n|switch|p2a: Exeggutor|Exeggutor|100/100 par\n|move|p1a: THE PANTHEON|Thunder Wave|p2a: Exeggutor\n|-fail|p2a: Exeggutor|par\n|\n|upkeep\n|turn|57\n|\n|t:|1740334949\n|move|p1a: THE PANTHEON|Ice Beam|p2a: Exeggutor\n|-supereffective|p2a: Exeggutor\n|-damage|p2a: Exeggutor|68/100 par\n|move|p2a: Exeggutor|Sleep Powder|p1a: THE PANTHEON|[miss]\n|-miss|p2a: Exeggutor\n|\n|upkeep\n|turn|58\n|\n|t:|1740334960\n|switch|p1a: STORMBLESSED|Tauros|38/100 par\n|move|p2a: Exeggutor|Sleep Powder|p1a: STORMBLESSED\n|-fail|p1a: STORMBLESSED\n|\n|upkeep\n|turn|59\n|\n|t:|1740334975\n|switch|p2a: Tauros|Tauros|100/100\n|cant|p1a: STORMBLESSED|par\n|\n|upkeep\n|turn|60\n|inactive|Sceptross has 60 seconds left.\n|\n|t:|1740334995\n|move|p2a: Tauros|Body Slam|p1a: STORMBLESSED\n|-damage|p1a: STORMBLESSED|7/100 par\n|move|p1a: STORMBLESSED|Hyper Beam|p2a: Tauros\n|-crit|p2a: Tauros\n|-damage|p2a: Tauros|5/100\n|-mustrecharge|p1a: STORMBLESSED\n|\n|upkeep\n|turn|61\n|\n|t:|1740334998\n|move|p2a: Tauros|Body Slam|p1a: STORMBLESSED\n|-damage|p1a: STORMBLESSED|0 fnt\n|faint|p1a: STORMBLESSED\n|inactive|shiloh has 270 seconds left.\n|\n|t:|1740335029\n|switch|p1a: KOKERLII|Slowbro|76/100\n|turn|62\n|inactive|Sceptross has 60 seconds left.\n|\n|t:|1740335057\n|switch|p2a: Exeggutor|Exeggutor|68/100 par\n|move|p1a: KOKERLII|Surf|p2a: Exeggutor|[miss]\n|-miss|p1a: KOKERLII\n|-hint|In Gen 1, moves with 100% accuracy can still miss 1/256 of the time.\n|\n|upkeep\n|turn|63\n|inactive|Sceptross has 60 seconds left.\n|\n|t:|1740335081\n|switch|p2a: Snorlax|Snorlax|22/100\n|move|p1a: KOKERLII|Amnesia|p1a: KOKERLII\n|-boost|p1a: KOKERLII|spa|2\n|-boost|p1a: KOKERLII|spd|2\n|\n|upkeep\n|turn|64\n|\n|t:|1740335098\n|switch|p2a: Exeggutor|Exeggutor|68/100 par\n|move|p1a: KOKERLII|Surf|p2a: Exeggutor\n|-resisted|p2a: Exeggutor\n|-damage|p2a: Exeggutor|47/100 par\n|\n|upkeep\n|turn|65\n|\n|t:|1740335106\n|switch|p2a: Snorlax|Snorlax|22/100\n|move|p1a: KOKERLII|Surf|p2a: Snorlax\n|-damage|p2a: Snorlax|0 fnt\n|faint|p2a: Snorlax\n|\n|t:|1740335109\n|switch|p2a: Exeggutor|Exeggutor|47/100 par\n|turn|66\n|\n|t:|1740335114\n|switch|p1a: SIXTH OF THE DUSK|Alakazam|88/100 par\n|move|p2a: Exeggutor|Sleep Powder|p1a: SIXTH OF THE DUSK\n|-fail|p1a: SIXTH OF THE DUSK\n|\n|upkeep\n|turn|67\n|inactive|Sceptross has 60 seconds left.\n|\n|t:|1740335134\n|cant|p1a: SIXTH OF THE DUSK|par\n|cant|p2a: Exeggutor|par\n|\n|upkeep\n|turn|68\n|inactive|Sceptross has 60 seconds left.\n|inactive|Sceptross has 30 seconds left.\n|inactive|Sceptross has 20 seconds left.\n|inactive|Sceptross has 15 seconds left.\n|\n|t:|1740335185\n|move|p1a: SIXTH OF THE DUSK|Seismic Toss|p2a: Exeggutor\n|-damage|p2a: Exeggutor|21/100 par\n|cant|p2a: Exeggutor|par\n|\n|upkeep\n|turn|69\n|inactive|Sceptross has 25 seconds left this turn.\n|inactive|Sceptross has 20 seconds left.\n|\n|t:|1740335191\n|move|p1a: SIXTH OF THE DUSK|Seismic Toss|p2a: Exeggutor\n|-damage|p2a: Exeggutor|0 fnt\n|faint|p2a: Exeggutor\n|inactive|Sceptross has 25 seconds left this turn.\n|\n|t:|1740335193\n|switch|p2a: Zapdos|Zapdos|69/100\n|turn|70\n|inactive|Sceptross has 30 seconds left.\n|\n|t:|1740335199\n|move|p2a: Zapdos|Drill Peck|p1a: SIXTH OF THE DUSK\n|-damage|p1a: SIXTH OF THE DUSK|46/100 par\n|move|p1a: SIXTH OF THE DUSK|Thunder Wave|p2a: Zapdos\n|-status|p2a: Zapdos|par\n|\n|upkeep\n|turn|71\n|\n|t:|1740335201\n|move|p1a: SIXTH OF THE DUSK|Recover|p1a: SIXTH OF THE DUSK\n|-heal|p1a: SIXTH OF THE DUSK|95/100 par\n|cant|p2a: Zapdos|par\n|\n|upkeep\n|turn|72\n|\n|t:|1740335203\n|move|p1a: SIXTH OF THE DUSK|Psychic|p2a: Zapdos\n|-damage|p2a: Zapdos|42/100 par\n|-unboost|p2a: Zapdos|spa|1\n|-unboost|p2a: Zapdos|spd|1\n|move|p2a: Zapdos|Agility|p2a: Zapdos\n|-boost|p2a: Zapdos|spe|2\n|\n|upkeep\n|turn|73\n|\n|t:|1740335205\n|move|p2a: Zapdos|Drill Peck|p1a: SIXTH OF THE DUSK\n|-crit|p1a: SIXTH OF THE DUSK\n|-damage|p1a: SIXTH OF THE DUSK|7/100 par\n|move|p1a: SIXTH OF THE DUSK|Psychic|p2a: Zapdos\n|-damage|p2a: Zapdos|0 fnt\n|faint|p2a: Zapdos\n|\n|t:|1740335208\n|switch|p2a: Tauros|Tauros|5/100\n|turn|74\n|\n|t:|1740335210\n|move|p2a: Tauros|Body Slam|p1a: SIXTH OF THE DUSK\n|-damage|p1a: SIXTH OF THE DUSK|0 fnt\n|faint|p1a: SIXTH OF THE DUSK\n|\n|t:|1740335212\n|switch|p1a: KOKERLII|Slowbro|76/100\n|turn|75\n|\n|t:|1740335214\n|move|p2a: Tauros|Hyper Beam|p1a: KOKERLII\n|-crit|p1a: KOKERLII\n|-damage|p1a: KOKERLII|0 fnt\n|faint|p1a: KOKERLII\n|\n|t:|1740335217\n|switch|p1a: PATJI'S EYE|Snorlax|61/100\n|turn|76\n|\n|t:|1740335221\n|move|p2a: Tauros|Hyper Beam|p1a: PATJI'S EYE\n|-crit|p1a: PATJI'S EYE\n|-damage|p1a: PATJI'S EYE|0 fnt\n|faint|p1a: PATJI'S EYE\n|\n|t:|1740335224\n|switch|p1a: THE PANTHEON|Chansey|70/100\n|turn|77\n|\n|t:|1740335228\n|move|p2a: Tauros|Hyper Beam|p1a: THE PANTHEON\n|-damage|p1a: THE PANTHEON|2/100\n|-mustrecharge|p2a: Tauros\n|move|p1a: THE PANTHEON|Ice Beam|p2a: Tauros\n|-crit|p2a: Tauros\n|-damage|p2a: Tauros|0 fnt\n|faint|p2a: Tauros\n|\n|win|shiloh\n|c|☆shiloh|gg\n|c|☆Sceptross|gg\n|player|p1|\n","uploadtime":1740335228,"views":"1825","formatid":"gen1ou","rating":null,"private":0,"password":null}