{"id":"smogtours-gen1ou-959298","format":"[Gen 1] OU","players":["Soda Krys","Kaz"],"log":"|inactive|Battle timer is ON: inactive players will automatically lose when time's up.\n|t:|1785091130\n|gametype|singles\n|player|p1|Soda Krys|gwynn|\n|player|p2|Kaz|#kaz|\n|gen|1\n|tier|[Gen 1] OU\n|rule|Desync Clause Mod: Desyncs resolve to link battle behavior from the acting player's perspective.\n|rule|HP Percentage Mod: HP is shown in percentages\n|rule|Endless Battle Clause: Forcing endless battles is banned\n|rule|Sleep Clause Mod: Limit one foe put to sleep\n|rule|Freeze Clause Mod: Limit one foe frozen\n|rule|Species Clause: Limit one of each Pokémon\n|rule|OHKO Clause: OHKO moves are banned\n|rule|Evasion Moves Clause: Evasion moves are banned\n|\n|t:|1785091130\n|teamsize|p1|6\n|teamsize|p2|6\n|start\n|switch|p1a: Alakazam|Alakazam|100/100\n|switch|p2a: Gengar|Gengar|100/100\n|turn|1\n|c|☆Soda Krys|hf\n|c|☆Kaz|hf\n|\n|t:|1785091138\n|switch|p2a: Exeggutor|Exeggutor|100/100\n|move|p1a: Alakazam|Psychic|p2a: Exeggutor\n|-crit|p2a: Exeggutor\n|-resisted|p2a: Exeggutor\n|-damage|p2a: Exeggutor|71/100\n|\n|upkeep\n|turn|2\n|\n|t:|1785091141\n|move|p1a: Alakazam|Thunder Wave|p2a: Exeggutor\n|-status|p2a: Exeggutor|par\n|move|p2a: Exeggutor|Sleep Powder|p1a: Alakazam|[miss]\n|-miss|p2a: Exeggutor\n|\n|upkeep\n|turn|3\n|\n|t:|1785091161\n|move|p1a: Alakazam|Seismic Toss|p2a: Exeggutor\n|-damage|p2a: Exeggutor|45/100 par\n|move|p2a: Exeggutor|Sleep Powder|p1a: Alakazam\n|-status|p1a: Alakazam|slp|[from] move: Sleep Powder\n|\n|upkeep\n|turn|4\n|\n|t:|1785091182\n|switch|p1a: Exeggutor|Exeggutor|100/100\n|cant|p2a: Exeggutor|par\n|\n|upkeep\n|turn|5\n|\n|t:|1785091192\n|switch|p1a: Alakazam|Alakazam|100/100 slp\n|move|p2a: Exeggutor|Explosion|p1a: Alakazam\n|-damage|p1a: Alakazam|0 fnt\n|faint|p1a: Alakazam\n|faint|p2a: Exeggutor\n|\n|t:|1785091196\n|switch|p1a: Tauros|Tauros|100/100\n|switch|p2a: Gengar|Gengar|100/100\n|turn|6\n|\n|t:|1785091200\n|switch|p2a: Starmie|Starmie|100/100\n|move|p1a: Tauros|Earthquake|p2a: Starmie\n|-damage|p2a: Starmie|75/100\n|\n|upkeep\n|turn|7\n|\n|t:|1785091203\n|switch|p1a: Exeggutor|Exeggutor|100/100\n|move|p2a: Starmie|Blizzard|p1a: Exeggutor\n|-crit|p1a: Exeggutor\n|-supereffective|p1a: Exeggutor\n|-damage|p1a: Exeggutor|26/100\n|-status|p1a: Exeggutor|frz\n|\n|upkeep\n|turn|8\n|\n|t:|1785091209\n|switch|p2a: Gengar|Gengar|100/100\n|switch|p1a: Starmie|Starmie|100/100\n|\n|upkeep\n|turn|9\n|\n|t:|1785091212\n|switch|p2a: Chansey|Chansey|100/100\n|move|p1a: Starmie|Thunder Wave|p2a: Chansey\n|-status|p2a: Chansey|par\n|\n|upkeep\n|turn|10\n|\n|t:|1785091217\n|switch|p1a: Snorlax|Snorlax|100/100\n|move|p2a: Chansey|Sing|p1a: Snorlax\n|-status|p1a: Snorlax|slp|[from] move: Sing\n|\n|upkeep\n|turn|11\n|\n|t:|1785091223\n|switch|p1a: Tauros|Tauros|100/100\n|switch|p2a: Tauros|Tauros|100/100\n|\n|upkeep\n|turn|12\n|\n|t:|1785091243\n|move|p1a: Tauros|Body Slam|p2a: Tauros\n|-damage|p2a: Tauros|72/100\n|move|p2a: Tauros|Body Slam|p1a: Tauros\n|-damage|p1a: Tauros|71/100\n|\n|upkeep\n|turn|13\n|\n|t:|1785091249\n|move|p2a: Tauros|Body Slam|p1a: Tauros\n|-damage|p1a: Tauros|43/100\n|move|p1a: Tauros|Body Slam|p2a: Tauros\n|-crit|p2a: Tauros\n|-damage|p2a: Tauros|20/100\n|\n|upkeep\n|turn|14\n|\n|t:|1785091258\n|move|p1a: Tauros|Body Slam|p2a: Tauros\n|-damage|p2a: Tauros|0 fnt\n|faint|p2a: Tauros\n|\n|t:|1785091261\n|switch|p2a: Starmie|Starmie|75/100\n|turn|15\n|\n|t:|1785091266\n|move|p2a: Starmie|Thunder Wave|p1a: Tauros\n|-status|p1a: Tauros|par\n|move|p1a: Tauros|Body Slam|p2a: Starmie\n|-damage|p2a: Starmie|43/100\n|\n|upkeep\n|turn|16\n|\n|t:|1785091272\n|move|p2a: Starmie|Psychic|p1a: Tauros\n|-crit|p1a: Tauros\n|-damage|p1a: Tauros|0 fnt\n|faint|p1a: Tauros\n|\n|t:|1785091274\n|switch|p1a: Starmie|Starmie|100/100\n|turn|17\n|\n|t:|1785091277\n|switch|p1a: Dragonite|Dragonite|100/100\n|switch|p2a: Chansey|Chansey|100/100 par\n|\n|upkeep\n|turn|18\n|\n|t:|1785091281\n|move|p1a: Dragonite|Wrap|p2a: Chansey\n|-damage|p2a: Chansey|94/100 par\n|cant|p2a: Chansey|partiallytrapped\n|\n|upkeep\n|turn|19\n|\n|t:|1785091286\n|switch|p2a: Gengar|Gengar|100/100\n|move|p1a: Dragonite|Wrap|p2a: Gengar\n|-damage|p2a: Gengar|100/100\n|\n|upkeep\n|turn|20\n|\n|t:|1785091290\n|switch|p2a: Rhydon|Rhydon|100/100\n|move|p1a: Dragonite|Wrap|p2a: Rhydon\n|-resisted|p2a: Rhydon\n|-damage|p2a: Rhydon|99/100\n|\n|upkeep\n|turn|21\n|\n|t:|1785091292\n|switch|p2a: Gengar|Gengar|100/100\n|move|p1a: Dragonite|Wrap|p2a: Gengar\n|-damage|p2a: Gengar|100/100\n|\n|upkeep\n|turn|22\n|\n|t:|1785091295\n|switch|p2a: Rhydon|Rhydon|99/100\n|switch|p1a: Starmie|Starmie|100/100\n|\n|upkeep\n|turn|23\n|\n|t:|1785091298\n|switch|p1a: Dragonite|Dragonite|100/100\n|switch|p2a: Chansey|Chansey|94/100 par\n|\n|upkeep\n|turn|24\n|\n|t:|1785091300\n|move|p1a: Dragonite|Wrap|p2a: Chansey\n|-damage|p2a: Chansey|89/100 par\n|cant|p2a: Chansey|partiallytrapped\n|\n|upkeep\n|turn|25\n|\n|t:|1785091304\n|switch|p2a: Gengar|Gengar|100/100\n|move|p1a: Dragonite|Wrap|p2a: Gengar\n|-damage|p2a: Gengar|100/100\n|\n|upkeep\n|turn|26\n|\n|t:|1785091308\n|switch|p2a: Chansey|Chansey|89/100 par\n|move|p1a: Dragonite|Wrap|p2a: Chansey|[miss]\n|-miss|p1a: Dragonite\n|\n|upkeep\n|turn|27\n|\n|t:|1785091312\n|move|p1a: Dragonite|Wrap|p2a: Chansey\n|-damage|p2a: Chansey|83/100 par\n|cant|p2a: Chansey|partiallytrapped\n|\n|upkeep\n|turn|28\n|\n|t:|1785091316\n|switch|p2a: Gengar|Gengar|100/100\n|move|p1a: Dragonite|Wrap|p2a: Gengar\n|-damage|p2a: Gengar|100/100\n|\n|upkeep\n|turn|29\n|\n|t:|1785091320\n|switch|p2a: Rhydon|Rhydon|99/100\n|move|p1a: Dragonite|Wrap|p2a: Rhydon\n|-resisted|p2a: Rhydon\n|-damage|p2a: Rhydon|98/100\n|\n|upkeep\n|turn|30\n|\n|t:|1785091323\n|switch|p2a: Gengar|Gengar|100/100\n|move|p1a: Dragonite|Wrap|p2a: Gengar\n|-damage|p2a: Gengar|100/100\n|\n|upkeep\n|turn|31\n|\n|t:|1785091332\n|switch|p2a: Rhydon|Rhydon|98/100\n|switch|p1a: Starmie|Starmie|100/100\n|\n|upkeep\n|turn|32\n|\n|t:|1785091334\n|switch|p2a: Chansey|Chansey|83/100 par\n|move|p1a: Starmie|Blizzard|p2a: Chansey\n|-crit|p2a: Chansey\n|-damage|p2a: Chansey|58/100 par\n|\n|upkeep\n|turn|33\n|\n|t:|1785091338\n|move|p1a: Starmie|Psychic|p2a: Chansey\n|-crit|p2a: Chansey\n|-damage|p2a: Chansey|32/100 par\n|move|p2a: Chansey|Soft-Boiled|p2a: Chansey\n|-heal|p2a: Chansey|82/100 par\n|\n|upkeep\n|turn|34\n|\n|t:|1785091343\n|move|p1a: Starmie|Psychic|p2a: Chansey\n|-damage|p2a: Chansey|68/100 par\n|-unboost|p2a: Chansey|spa|1\n|-unboost|p2a: Chansey|spd|1\n|move|p2a: Chansey|Soft-Boiled|p2a: Chansey\n|-heal|p2a: Chansey|100/100 par\n|\n|upkeep\n|turn|35\n|\n|t:|1785091347\n|move|p1a: Starmie|Psychic|p2a: Chansey\n|-crit|p2a: Chansey\n|-damage|p2a: Chansey|73/100 par\n|-unboost|p2a: Chansey|spa|1\n|-unboost|p2a: Chansey|spd|1\n|move|p2a: Chansey|Seismic Toss|p1a: Starmie\n|-damage|p1a: Starmie|70/100\n|\n|upkeep\n|turn|36\n|\n|t:|1785091350\n|move|p1a: Starmie|Blizzard|p2a: Chansey\n|-damage|p2a: Chansey|48/100 par\n|move|p2a: Chansey|Thunder Wave|p1a: Starmie\n|-status|p1a: Starmie|par\n|\n|upkeep\n|turn|37\n|\n|t:|1785091356\n|cant|p1a: Starmie|par\n|move|p2a: Chansey|Soft-Boiled|p2a: Chansey\n|-heal|p2a: Chansey|98/100 par\n|\n|upkeep\n|turn|38\n|\n|t:|1785091359\n|move|p1a: Starmie|Psychic|p2a: Chansey\n|-crit|p2a: Chansey\n|-damage|p2a: Chansey|69/100 par\n|move|p2a: Chansey|Seismic Toss|p1a: Starmie\n|-damage|p1a: Starmie|39/100 par\n|\n|upkeep\n|turn|39\n|\n|t:|1785091367\n|cant|p1a: Starmie|par\n|cant|p2a: Chansey|par\n|\n|upkeep\n|turn|40\n|\n|t:|1785091369\n|cant|p1a: Starmie|par\n|move|p2a: Chansey|Seismic Toss|p1a: Starmie\n|-damage|p1a: Starmie|8/100 par\n|\n|upkeep\n|turn|41\n|\n|t:|1785091373\n|move|p1a: Starmie|Recover|p1a: Starmie\n|-heal|p1a: Starmie|57/100 par\n|move|p2a: Chansey|Seismic Toss|p1a: Starmie\n|-damage|p1a: Starmie|27/100 par\n|\n|upkeep\n|turn|42\n|\n|t:|1785091375\n|move|p1a: Starmie|Recover|p1a: Starmie\n|-heal|p1a: Starmie|76/100 par\n|move|p2a: Chansey|Seismic Toss|p1a: Starmie\n|-damage|p1a: Starmie|45/100 par\n|\n|upkeep\n|turn|43\n|\n|t:|1785091377\n|cant|p1a: Starmie|par\n|move|p2a: Chansey|Soft-Boiled|p2a: Chansey\n|-heal|p2a: Chansey|100/100 par\n|\n|upkeep\n|turn|44\n|\n|t:|1785091379\n|move|p1a: Starmie|Recover|p1a: Starmie\n|-heal|p1a: Starmie|95/100 par\n|move|p2a: Chansey|Seismic Toss|p1a: Starmie\n|-damage|p1a: Starmie|64/100 par\n|\n|upkeep\n|turn|45\n|\n|t:|1785091387\n|move|p1a: Starmie|Psychic|p2a: Chansey\n|-damage|p2a: Chansey|71/100 par\n|-unboost|p2a: Chansey|spa|1\n|-unboost|p2a: Chansey|spd|1\n|move|p2a: Chansey|Seismic Toss|p1a: Starmie\n|-damage|p1a: Starmie|33/100 par\n|\n|upkeep\n|turn|46\n|\n|t:|1785091390\n|switch|p2a: Starmie|Starmie|43/100\n|move|p1a: Starmie|Recover|p1a: Starmie\n|-heal|p1a: Starmie|83/100 par\n|\n|upkeep\n|turn|47\n|\n|t:|1785091393\n|switch|p2a: Chansey|Chansey|71/100 par\n|move|p1a: Starmie|Thunder Wave|p2a: Chansey\n|-fail|p2a: Chansey|par\n|\n|upkeep\n|turn|48\n|\n|t:|1785091396\n|move|p1a: Starmie|Psychic|p2a: Chansey\n|-damage|p2a: Chansey|55/100 par\n|cant|p2a: Chansey|par\n|\n|upkeep\n|turn|49\n|\n|t:|1785091399\n|move|p1a: Starmie|Blizzard|p2a: Chansey\n|-damage|p2a: Chansey|42/100 par\n|move|p2a: Chansey|Soft-Boiled|p2a: Chansey\n|-heal|p2a: Chansey|92/100 par\n|\n|upkeep\n|turn|50\n|\n|t:|1785091409\n|move|p1a: Starmie|Psychic|p2a: Chansey\n|-damage|p2a: Chansey|78/100 par\n|move|p2a: Chansey|Seismic Toss|p1a: Starmie\n|-damage|p1a: Starmie|52/100 par\n|\n|upkeep\n|turn|51\n|\n|t:|1785091416\n|move|p1a: Starmie|Psychic|p2a: Chansey\n|-damage|p2a: Chansey|63/100 par\n|-unboost|p2a: Chansey|spa|1\n|-unboost|p2a: Chansey|spd|1\n|cant|p2a: Chansey|par\n|\n|upkeep\n|turn|52\n|\n|t:|1785091418\n|cant|p1a: Starmie|par\n|move|p2a: Chansey|Soft-Boiled|p2a: Chansey\n|-heal|p2a: Chansey|100/100 par\n|\n|upkeep\n|turn|53\n|\n|t:|1785091420\n|move|p1a: Starmie|Psychic|p2a: Chansey\n|-crit|p2a: Chansey\n|-damage|p2a: Chansey|71/100 par\n|-unboost|p2a: Chansey|spa|1\n|-unboost|p2a: Chansey|spd|1\n|move|p2a: Chansey|Seismic Toss|p1a: Starmie\n|-damage|p1a: Starmie|21/100 par\n|\n|upkeep\n|turn|54\n|\n|t:|1785091426\n|move|p1a: Starmie|Recover|p1a: Starmie\n|-heal|p1a: Starmie|71/100 par\n|cant|p2a: Chansey|par\n|\n|upkeep\n|turn|55\n|\n|t:|1785091428\n|move|p1a: Starmie|Blizzard|p2a: Chansey\n|-crit|p2a: Chansey\n|-damage|p2a: Chansey|47/100 par\n|move|p2a: Chansey|Soft-Boiled|p2a: Chansey\n|-heal|p2a: Chansey|97/100 par\n|\n|upkeep\n|turn|56\n|\n|t:|1785091433\n|move|p1a: Starmie|Psychic|p2a: Chansey\n|-damage|p2a: Chansey|69/100 par\n|-unboost|p2a: Chansey|spa|1\n|-unboost|p2a: Chansey|spd|1\n|move|p2a: Chansey|Seismic Toss|p1a: Starmie\n|-damage|p1a: Starmie|40/100 par\n|\n|upkeep\n|turn|57\n|\n|t:|1785091438\n|cant|p1a: Starmie|par\n|move|p2a: Chansey|Soft-Boiled|p2a: Chansey\n|-heal|p2a: Chansey|100/100 par\n|\n|upkeep\n|turn|58\n|\n|t:|1785091441\n|switch|p2a: Starmie|Starmie|43/100\n|move|p1a: Starmie|Thunder Wave|p2a: Starmie\n|-status|p2a: Starmie|par\n|\n|upkeep\n|turn|59\n|\n|t:|1785091444\n|cant|p1a: Starmie|par\n|move|p2a: Starmie|Recover|p2a: Starmie\n|-heal|p2a: Starmie|93/100 par\n|\n|upkeep\n|turn|60\n|\n|t:|1785091451\n|move|p2a: Starmie|Psychic|p1a: Starmie\n|-resisted|p1a: Starmie\n|-damage|p1a: Starmie|23/100 par\n|move|p1a: Starmie|Recover|p1a: Starmie\n|-heal|p1a: Starmie|73/100 par\n|\n|upkeep\n|turn|61\n|\n|t:|1785091456\n|cant|p1a: Starmie|par\n|move|p2a: Starmie|Psychic|p1a: Starmie\n|-resisted|p1a: Starmie\n|-damage|p1a: Starmie|55/100 par\n|\n|upkeep\n|turn|62\n|\n|t:|1785091459\n|move|p1a: Starmie|Recover|p1a: Starmie\n|-heal|p1a: Starmie|100/100 par\n|move|p2a: Starmie|Psychic|p1a: Starmie\n|-resisted|p1a: Starmie\n|-damage|p1a: Starmie|85/100 par\n|-unboost|p1a: Starmie|spa|1\n|-unboost|p1a: Starmie|spd|1\n|\n|upkeep\n|turn|63\n|\n|t:|1785091465\n|switch|p2a: Chansey|Chansey|100/100 par\n|switch|p1a: Exeggutor|Exeggutor|26/100 frz\n|\n|upkeep\n|turn|64\n|\n|t:|1785091472\n|switch|p1a: Dragonite|Dragonite|100/100\n|switch|p2a: Rhydon|Rhydon|98/100\n|\n|upkeep\n|turn|65\n|\n|t:|1785091478\n|switch|p2a: Chansey|Chansey|100/100 par\n|move|p1a: Dragonite|Ice Beam|p2a: Chansey\n|-damage|p2a: Chansey|90/100 par\n|\n|upkeep\n|turn|66\n|\n|t:|1785091481\n|move|p1a: Dragonite|Wrap|p2a: Chansey\n|-damage|p2a: Chansey|84/100 par\n|cant|p2a: Chansey|partiallytrapped\n|\n|upkeep\n|turn|67\n|\n|t:|1785091485\n|switch|p2a: Gengar|Gengar|100/100\n|move|p1a: Dragonite|Wrap|p2a: Gengar\n|-damage|p2a: Gengar|100/100\n|\n|upkeep\n|turn|68\n|\n|t:|1785091490\n|switch|p2a: Rhydon|Rhydon|98/100\n|switch|p1a: Starmie|Starmie|85/100 par\n|\n|upkeep\n|turn|69\n|\n|t:|1785091493\n|switch|p2a: Chansey|Chansey|84/100 par\n|move|p1a: Starmie|Blizzard|p2a: Chansey\n|-damage|p2a: Chansey|70/100 par\n|\n|upkeep\n|turn|70\n|\n|t:|1785091495\n|move|p1a: Starmie|Psychic|p2a: Chansey\n|-damage|p2a: Chansey|56/100 par\n|move|p2a: Chansey|Soft-Boiled|p2a: Chansey\n|-heal|p2a: Chansey|100/100 par\n|\n|upkeep\n|turn|71\n|\n|t:|1785091508\n|cant|p1a: Starmie|par\n|move|p2a: Chansey|Seismic Toss|p1a: Starmie\n|-damage|p1a: Starmie|54/100 par\n|\n|upkeep\n|turn|72\n|\n|t:|1785091511\n|cant|p1a: Starmie|par\n|cant|p2a: Chansey|par\n|\n|upkeep\n|turn|73\n|\n|t:|1785091515\n|move|p1a: Starmie|Recover|p1a: Starmie\n|-heal|p1a: Starmie|100/100 par\n|move|p2a: Chansey|Seismic Toss|p1a: Starmie\n|-damage|p1a: Starmie|70/100 par\n|\n|upkeep\n|turn|74\n|\n|t:|1785091517\n|move|p1a: Starmie|Recover|p1a: Starmie\n|-heal|p1a: Starmie|100/100 par\n|move|p2a: Chansey|Seismic Toss|p1a: Starmie\n|-damage|p1a: Starmie|70/100 par\n|\n|upkeep\n|turn|75\n|\n|t:|1785091520\n|move|p1a: Starmie|Recover|p1a: Starmie\n|-heal|p1a: Starmie|100/100 par\n|move|p2a: Chansey|Seismic Toss|p1a: Starmie\n|-damage|p1a: Starmie|70/100 par\n|\n|upkeep\n|turn|76\n|\n|t:|1785091523\n|cant|p1a: Starmie|par\n|move|p2a: Chansey|Seismic Toss|p1a: Starmie\n|-damage|p1a: Starmie|39/100 par\n|\n|upkeep\n|turn|77\n|\n|t:|1785091529\n|move|p1a: Starmie|Recover|p1a: Starmie\n|-heal|p1a: Starmie|88/100 par\n|cant|p2a: Chansey|par\n|\n|upkeep\n|turn|78\n|\n|t:|1785091534\n|move|p1a: Starmie|Psychic|p2a: Chansey\n|-crit|p2a: Chansey\n|-damage|p2a: Chansey|70/100 par\n|move|p2a: Chansey|Seismic Toss|p1a: Starmie\n|-damage|p1a: Starmie|57/100 par\n|\n|upkeep\n|turn|79\n|\n|t:|1785091539\n|move|p1a: Starmie|Recover|p1a: Starmie\n|-heal|p1a: Starmie|100/100 par\n|cant|p2a: Chansey|par\n|\n|upkeep\n|turn|80\n|\n|t:|1785091541\n|cant|p1a: Starmie|par\n|move|p2a: Chansey|Soft-Boiled|p2a: Chansey\n|-heal|p2a: Chansey|100/100 par\n|\n|upkeep\n|turn|81\n|\n|t:|1785091546\n|cant|p1a: Starmie|par\n|move|p2a: Chansey|Thunder Wave|p1a: Starmie\n|-fail|p1a: Starmie|par\n|\n|upkeep\n|turn|82\n|\n|t:|1785091550\n|switch|p1a: Snorlax|Snorlax|100/100 slp\n|move|p2a: Chansey|Seismic Toss|p1a: Snorlax\n|-damage|p1a: Snorlax|81/100 slp\n|\n|upkeep\n|turn|83\n|\n|t:|1785091554\n|switch|p2a: Rhydon|Rhydon|98/100\n|cant|p1a: Snorlax|slp\n|\n|upkeep\n|turn|84\n|\n|t:|1785091560\n|switch|p1a: Exeggutor|Exeggutor|26/100 frz\n|move|p2a: Rhydon|Substitute|p2a: Rhydon\n|-start|p2a: Rhydon|Substitute\n|-damage|p2a: Rhydon|73/100\n|\n|upkeep\n|turn|85\n|\n|t:|1785091562\n|cant|p1a: Exeggutor|frz\n|move|p2a: Rhydon|Rock Slide|p1a: Exeggutor\n|-crit|p1a: Exeggutor\n|-damage|p1a: Exeggutor|0 fnt\n|faint|p1a: Exeggutor\n|\n|t:|1785091564\n|switch|p1a: Dragonite|Dragonite|100/100\n|turn|86\n|\n|t:|1785091567\n|move|p1a: Dragonite|Ice Beam|p2a: Rhydon\n|-supereffective|p2a: Rhydon\n|-end|p2a: Rhydon|Substitute\n|move|p2a: Rhydon|Rock Slide|p1a: Dragonite\n|-supereffective|p1a: Dragonite\n|-damage|p1a: Dragonite|46/100\n|\n|upkeep\n|turn|87\n|-message|Soda Krys forfeited.\n|\n|win|Kaz\n|c|☆Soda Krys|gg\n|c|☆Kaz|gg\n|player|p1|\n|player|p2|\n","uploadtime":1785091573,"views":"63","formatid":"gen1ou","rating":null,"private":0,"password":null}