{"id":"smogtours-gen1ou-914854","format":"[Gen 1] OU","players":["sadisticnarwhal","Isza"],"log":"|inactive|Battle timer is ON: inactive players will automatically lose when time's up.\n|t:|1772898206\n|gametype|singles\n|player|p1|sadisticnarwhal|#rcop2023useast|\n|player|p2|Isza|#scl5foxes|\n|gen|1\n|tier|[Gen 1] OU\n|rule|Desync Clause Mod: Desyncs changed to move failure.\n|rule|Sleep Clause Mod: Limit one foe put to sleep\n|rule|Freeze Clause Mod: Limit one foe frozen\n|rule|Species Clause: Limit one of each Pokémon\n|rule|OHKO Clause: OHKO moves are banned\n|rule|Evasion Moves Clause: Evasion moves are banned\n|rule|Endless Battle Clause: Forcing endless battles is banned\n|rule|HP Percentage Mod: HP is shown in percentages\n|\n|t:|1772898206\n|teamsize|p1|6\n|teamsize|p2|6\n|start\n|switch|p1a: Gengar|Gengar|100/100\n|switch|p2a: Gengar|Gengar|100/100\n|turn|1\n|rated|Smogon Premier League\n|c|☆Isza|Hf bro\n|c|☆sadisticnarwhal|hf\n|inactive|Isza has 270 seconds left.\n|\n|t:|1772898257\n|move|p1a: Gengar|Hypnosis|p2a: Gengar|[miss]\n|-miss|p1a: Gengar\n|move|p2a: Gengar|Hypnosis|p1a: Gengar|[miss]\n|-miss|p2a: Gengar\n|\n|upkeep\n|turn|2\n|\n|t:|1772898261\n|move|p1a: Gengar|Hypnosis|p2a: Gengar\n|-status|p2a: Gengar|slp|[from] move: Hypnosis\n|cant|p2a: Gengar|slp\n|\n|upkeep\n|turn|3\n|\n|t:|1772898286\n|switch|p2a: Chansey|Chansey|100/100\n|move|p1a: Gengar|Night Shade|p2a: Chansey\n|-damage|p2a: Chansey|86/100\n|\n|upkeep\n|turn|4\n|\n|t:|1772898309\n|move|p1a: Gengar|Night Shade|p2a: Chansey\n|-damage|p2a: Chansey|72/100\n|move|p2a: Chansey|Sing|p1a: Gengar\n|-status|p1a: Gengar|slp|[from] move: Sing\n|\n|upkeep\n|turn|5\n|\n|t:|1772898316\n|cant|p1a: Gengar|slp\n|move|p2a: Chansey|Soft-Boiled|p2a: Chansey\n|-heal|p2a: Chansey|100/100\n|\n|upkeep\n|turn|6\n|\n|t:|1772898319\n|switch|p1a: Chansey|Chansey|100/100\n|move|p2a: Chansey|Seismic Toss|p1a: Chansey\n|-damage|p1a: Chansey|86/100\n|\n|upkeep\n|turn|7\n|\n|t:|1772898348\n|move|p1a: Chansey|Thunder Wave|p2a: Chansey\n|-status|p2a: Chansey|par\n|move|p2a: Chansey|Thunder Wave|p1a: Chansey\n|-status|p1a: Chansey|par\n|\n|upkeep\n|turn|8\n|\n|t:|1772898355\n|move|p1a: Chansey|Thunder Wave|p2a: Chansey\n|-fail|p2a: Chansey|par\n|move|p2a: Chansey|Seismic Toss|p1a: Chansey\n|-damage|p1a: Chansey|72/100 par\n|\n|upkeep\n|turn|9\n|\n|t:|1772898375\n|cant|p2a: Chansey|par\n|cant|p1a: Chansey|par\n|\n|upkeep\n|turn|10\n|inactive|Isza has 270 seconds left.\n|\n|t:|1772898393\n|move|p1a: Chansey|Soft-Boiled|p1a: Chansey\n|-heal|p1a: Chansey|100/100 par\n|move|p2a: Chansey|Seismic Toss|p1a: Chansey\n|-damage|p1a: Chansey|86/100 par\n|\n|upkeep\n|turn|11\n|\n|t:|1772898399\n|move|p2a: Chansey|Seismic Toss|p1a: Chansey\n|-damage|p1a: Chansey|72/100 par\n|cant|p1a: Chansey|par\n|\n|upkeep\n|turn|12\n|\n|t:|1772898409\n|switch|p2a: Snorlax|Snorlax|100/100\n|move|p1a: Chansey|Thunder Wave|p2a: Snorlax\n|-status|p2a: Snorlax|par\n|\n|upkeep\n|turn|13\n|\n|t:|1772898427\n|switch|p1a: Snorlax|Snorlax|100/100\n|move|p2a: Snorlax|Reflect|p2a: Snorlax\n|-start|p2a: Snorlax|Reflect\n|\n|upkeep\n|turn|14\n|\n|t:|1772898431\n|move|p1a: Snorlax|Reflect|p1a: Snorlax\n|-start|p1a: Snorlax|Reflect\n|move|p2a: Snorlax|Body Slam|p1a: Snorlax\n|-damage|p1a: Snorlax|87/100\n|\n|upkeep\n|turn|15\n|\n|t:|1772898435\n|move|p1a: Snorlax|Body Slam|p2a: Snorlax\n|-damage|p2a: Snorlax|88/100 par\n|move|p2a: Snorlax|Body Slam|p1a: Snorlax\n|-damage|p1a: Snorlax|75/100\n|\n|upkeep\n|turn|16\n|\n|t:|1772898445\n|move|p1a: Snorlax|Body Slam|p2a: Snorlax\n|-damage|p2a: Snorlax|73/100 par\n|move|p2a: Snorlax|Body Slam|p1a: Snorlax\n|-damage|p1a: Snorlax|62/100\n|\n|upkeep\n|turn|17\n|\n|t:|1772898451\n|move|p1a: Snorlax|Rest|p1a: Snorlax\n|-status|p1a: Snorlax|slp|[from] move: Rest\n|-heal|p1a: Snorlax|100/100 slp|[silent]\n|move|p2a: Snorlax|Rest|p2a: Snorlax\n|-status|p2a: Snorlax|slp|[from] move: Rest\n|-heal|p2a: Snorlax|100/100 slp|[silent]\n|\n|upkeep\n|turn|18\n|\n|t:|1772898455\n|cant|p1a: Snorlax|slp\n|cant|p2a: Snorlax|slp\n|\n|upkeep\n|turn|19\n|\n|t:|1772898459\n|-curestatus|p1a: Snorlax|slp|[msg]\n|-curestatus|p2a: Snorlax|slp|[msg]\n|\n|upkeep\n|turn|20\n|\n|t:|1772898465\n|move|p1a: Snorlax|Reflect|p1a: Snorlax\n|-fail|p1a: Snorlax\n|move|p2a: Snorlax|Reflect|p2a: Snorlax\n|-fail|p2a: Snorlax\n|\n|upkeep\n|turn|21\n|\n|t:|1772898472\n|move|p1a: Snorlax|Body Slam|p2a: Snorlax\n|-damage|p2a: Snorlax|87/100\n|move|p2a: Snorlax|Reflect|p2a: Snorlax\n|-fail|p2a: Snorlax\n|\n|upkeep\n|turn|22\n|\n|t:|1772898475\n|move|p1a: Snorlax|Reflect|p1a: Snorlax\n|-fail|p1a: Snorlax\n|move|p2a: Snorlax|Body Slam|p1a: Snorlax\n|-damage|p1a: Snorlax|88/100\n|\n|upkeep\n|turn|23\n|\n|t:|1772898487\n|move|p1a: Snorlax|Reflect|p1a: Snorlax\n|-fail|p1a: Snorlax\n|move|p2a: Snorlax|Body Slam|p1a: Snorlax\n|-crit|p1a: Snorlax\n|-damage|p1a: Snorlax|38/100\n|\n|upkeep\n|turn|24\n|\n|t:|1772898498\n|switch|p2a: Exeggutor|Exeggutor|100/100\n|move|p1a: Snorlax|Rest|p1a: Snorlax\n|-status|p1a: Snorlax|slp|[from] move: Rest\n|-heal|p1a: Snorlax|100/100 slp|[silent]\n|\n|upkeep\n|turn|25\n|\n|t:|1772898509\n|move|p2a: Exeggutor|Psychic|p1a: Snorlax\n|-damage|p1a: Snorlax|72/100 slp\n|cant|p1a: Snorlax|slp\n|\n|upkeep\n|turn|26\n|\n|t:|1772898517\n|switch|p1a: Exeggutor|Exeggutor|100/100\n|move|p2a: Exeggutor|Psychic|p1a: Exeggutor\n|-resisted|p1a: Exeggutor\n|-damage|p1a: Exeggutor|87/100\n|\n|upkeep\n|turn|27\n|\n|t:|1772898522\n|switch|p1a: Chansey|Chansey|72/100 par\n|move|p2a: Exeggutor|Stun Spore|p1a: Chansey|[miss]\n|-miss|p2a: Exeggutor\n|\n|upkeep\n|turn|28\n|\n|t:|1772898530\n|switch|p2a: Chansey|Chansey|100/100 par\n|move|p1a: Chansey|Thunder Wave|p2a: Chansey\n|-fail|p2a: Chansey|par\n|\n|upkeep\n|turn|29\n|\n|t:|1772898537\n|switch|p1a: Snorlax|Snorlax|72/100 slp\n|switch|p2a: Snorlax|Snorlax|87/100\n|\n|upkeep\n|turn|30\n|\n|t:|1772898541\n|-curestatus|p1a: Snorlax|slp|[msg]\n|move|p2a: Snorlax|Body Slam|p1a: Snorlax\n|-damage|p1a: Snorlax|47/100\n|\n|upkeep\n|turn|31\n|\n|t:|1772898546\n|switch|p2a: Exeggutor|Exeggutor|100/100\n|move|p1a: Snorlax|Reflect|p1a: Snorlax\n|-start|p1a: Snorlax|Reflect\n|\n|upkeep\n|turn|32\n|\n|t:|1772898551\n|move|p2a: Exeggutor|Psychic|p1a: Snorlax\n|-damage|p1a: Snorlax|14/100\n|move|p1a: Snorlax|Rest|p1a: Snorlax\n|-status|p1a: Snorlax|slp|[from] move: Rest\n|-heal|p1a: Snorlax|100/100 slp|[silent]\n|\n|upkeep\n|turn|33\n|inactive|sadisticnarwhal has 270 seconds left.\n|inactive|sadisticnarwhal has 240 seconds left.\n|\n|t:|1772898622\n|switch|p1a: Chansey|Chansey|72/100 par\n|move|p2a: Exeggutor|Psychic|p1a: Chansey\n|-damage|p1a: Chansey|54/100 par\n|\n|upkeep\n|turn|34\n|\n|t:|1772898633\n|switch|p2a: Snorlax|Snorlax|87/100\n|move|p1a: Chansey|Soft-Boiled|p1a: Chansey\n|-heal|p1a: Chansey|100/100 par\n|\n|upkeep\n|turn|35\n|\n|t:|1772898641\n|move|p2a: Snorlax|Body Slam|p1a: Chansey\n|-damage|p1a: Chansey|62/100 par\n|move|p1a: Chansey|Thunder Wave|p2a: Snorlax\n|-status|p2a: Snorlax|par\n|\n|upkeep\n|turn|36\n|\n|t:|1772898646\n|switch|p1a: Snorlax|Snorlax|100/100 slp\n|move|p2a: Snorlax|Body Slam|p1a: Snorlax\n|-damage|p1a: Snorlax|74/100 slp\n|\n|upkeep\n|turn|37\n|inactive|Isza has 270 seconds left.\n|inactive|Isza has 240 seconds left.\n|inactive|Isza has 210 seconds left.\n|inactive|Isza has 180 seconds left.\n|\n|t:|1772898774\n|cant|p1a: Snorlax|slp\n|move|p2a: Snorlax|Body Slam|p1a: Snorlax\n|-damage|p1a: Snorlax|48/100 slp\n|\n|upkeep\n|turn|38\n|inactive|Isza has 180 seconds left.\n|\n|t:|1772898790\n|-curestatus|p1a: Snorlax|slp|[msg]\n|move|p2a: Snorlax|Body Slam|p1a: Snorlax\n|-damage|p1a: Snorlax|21/100\n|\n|upkeep\n|turn|39\n|inactive|sadisticnarwhal has 270 seconds left.\n|\n|t:|1772898805\n|switch|p2a: Zapdos|Zapdos|100/100\n|move|p1a: Snorlax|Rest|p1a: Snorlax\n|-status|p1a: Snorlax|slp|[from] move: Rest\n|-heal|p1a: Snorlax|100/100 slp|[silent]\n|\n|upkeep\n|turn|40\n|inactive|sadisticnarwhal has 270 seconds left.\n|inactive|sadisticnarwhal has 240 seconds left.\n|inactive|sadisticnarwhal has 210 seconds left.\n|inactive|sadisticnarwhal has 180 seconds left.\n|inactive|sadisticnarwhal has 150 seconds left.\n|\n|t:|1772898962\n|switch|p1a: Chansey|Chansey|62/100 par\n|move|p2a: Zapdos|Thunderbolt|p1a: Chansey\n|-damage|p1a: Chansey|44/100 par\n|\n|upkeep\n|turn|41\n|\n|t:|1772898978\n|switch|p2a: Snorlax|Snorlax|87/100 par\n|switch|p1a: Zapdos|Zapdos|100/100\n|\n|upkeep\n|turn|42\n|inactive|sadisticnarwhal has 120 seconds left.\n|\n|t:|1772899027\n|switch|p1a: Snorlax|Snorlax|100/100 slp\n|move|p2a: Snorlax|Body Slam|p1a: Snorlax\n|-damage|p1a: Snorlax|74/100 slp\n|\n|upkeep\n|turn|43\n|\n|t:|1772899038\n|switch|p2a: Zapdos|Zapdos|100/100\n|cant|p1a: Snorlax|slp\n|\n|upkeep\n|turn|44\n|inactive|sadisticnarwhal has 90 seconds left.\n|inactive|sadisticnarwhal has 60 seconds left.\n|\n|t:|1772899105\n|switch|p1a: Zapdos|Zapdos|100/100\n|move|p2a: Zapdos|Thunderbolt|p1a: Zapdos\n|-damage|p1a: Zapdos|71/100\n|\n|upkeep\n|turn|45\n|inactive|sadisticnarwhal has 60 seconds left.\n|inactive|Isza has 150 seconds left.\n|inactive|Isza has 120 seconds left.\n|\n|t:|1772899192\n|switch|p2a: Exeggutor|Exeggutor|100/100\n|move|p1a: Zapdos|Thunder Wave|p2a: Exeggutor\n|-status|p2a: Exeggutor|par\n|\n|upkeep\n|turn|46\n|inactive|sadisticnarwhal has 30 seconds left.\n|\n|t:|1772899228\n|switch|p1a: Chansey|Chansey|44/100 par\n|move|p2a: Exeggutor|Stun Spore|p1a: Chansey|[miss]\n|-miss|p2a: Exeggutor\n|\n|upkeep\n|turn|47\n|inactive|sadisticnarwhal has 30 seconds left.\n|\n|t:|1772899237\n|switch|p2a: Snorlax|Snorlax|87/100 par\n|cant|p1a: Chansey|par\n|\n|upkeep\n|turn|48\n|\n|t:|1772899242\n|cant|p1a: Chansey|par\n|move|p2a: Snorlax|Body Slam|p1a: Chansey\n|-damage|p1a: Chansey|0 fnt\n|faint|p1a: Chansey\n|\n|t:|1772899245\n|switch|p1a: Snorlax|Snorlax|74/100 slp\n|turn|49\n|inactive|Isza has 120 seconds left.\n|\n|t:|1772899258\n|-curestatus|p1a: Snorlax|slp|[msg]\n|move|p2a: Snorlax|Reflect|p2a: Snorlax\n|-start|p2a: Snorlax|Reflect\n|\n|upkeep\n|turn|50\n|\n|t:|1772899262\n|move|p1a: Snorlax|Reflect|p1a: Snorlax\n|-start|p1a: Snorlax|Reflect\n|cant|p2a: Snorlax|par\n|\n|upkeep\n|turn|51\n|\n|t:|1772899266\n|move|p1a: Snorlax|Body Slam|p2a: Snorlax\n|-damage|p2a: Snorlax|74/100 par\n|move|p2a: Snorlax|Rest|p2a: Snorlax\n|-status|p2a: Snorlax|slp|[from] move: Rest\n|-heal|p2a: Snorlax|100/100 slp|[silent]\n|\n|upkeep\n|turn|52\n|\n|t:|1772899290\n|switch|p1a: Exeggutor|Exeggutor|87/100\n|cant|p2a: Snorlax|slp\n|\n|upkeep\n|turn|53\n|inactive|Isza has 150 seconds left.\n|\n|t:|1772899302\n|move|p1a: Exeggutor|Psychic|p2a: Snorlax\n|-crit|p2a: Snorlax\n|-damage|p2a: Snorlax|40/100 slp\n|-curestatus|p2a: Snorlax|slp|[msg]\n|\n|upkeep\n|turn|54\n|\n|t:|1772899307\n|switch|p2a: Exeggutor|Exeggutor|100/100 par\n|move|p1a: Exeggutor|Psychic|p2a: Exeggutor\n|-crit|p2a: Exeggutor\n|-resisted|p2a: Exeggutor\n|-damage|p2a: Exeggutor|76/100 par\n|\n|upkeep\n|turn|55\n|inactive|sadisticnarwhal has 90 seconds left.\n|\n|t:|1772899313\n|move|p1a: Exeggutor|Psychic|p2a: Exeggutor\n|-resisted|p2a: Exeggutor\n|-damage|p2a: Exeggutor|63/100 par\n|move|p2a: Exeggutor|Stun Spore|p1a: Exeggutor|[miss]\n|-miss|p2a: Exeggutor\n|\n|upkeep\n|turn|56\n|\n|t:|1772899317\n|move|p1a: Exeggutor|Psychic|p2a: Exeggutor\n|-resisted|p2a: Exeggutor\n|-damage|p2a: Exeggutor|49/100 par\n|move|p2a: Exeggutor|Stun Spore|p1a: Exeggutor\n|-status|p1a: Exeggutor|par\n|\n|upkeep\n|turn|57\n|\n|t:|1772899321\n|move|p1a: Exeggutor|Psychic|p2a: Exeggutor\n|-resisted|p2a: Exeggutor\n|-damage|p2a: Exeggutor|36/100 par\n|move|p2a: Exeggutor|Psychic|p1a: Exeggutor\n|-resisted|p1a: Exeggutor\n|-damage|p1a: Exeggutor|74/100 par\n|\n|upkeep\n|turn|58\n|\n|t:|1772899326\n|move|p1a: Exeggutor|Psychic|p2a: Exeggutor\n|-resisted|p2a: Exeggutor\n|-damage|p2a: Exeggutor|24/100 par\n|move|p2a: Exeggutor|Rest|p2a: Exeggutor\n|-status|p2a: Exeggutor|slp|[from] move: Rest\n|-heal|p2a: Exeggutor|100/100 slp|[silent]\n|\n|upkeep\n|turn|59\n|inactive|sadisticnarwhal has 120 seconds left.\n|\n|t:|1772899343\n|switch|p1a: Zapdos|Zapdos|71/100\n|cant|p2a: Exeggutor|slp\n|\n|upkeep\n|turn|60\n|\n|t:|1772899351\n|switch|p2a: Zapdos|Zapdos|100/100\n|move|p1a: Zapdos|Drill Peck|p2a: Zapdos\n|-resisted|p2a: Zapdos\n|-damage|p2a: Zapdos|87/100\n|\n|upkeep\n|turn|61\n|\n|t:|1772899362\n|switch|p2a: Chansey|Chansey|100/100 par\n|move|p1a: Zapdos|Thunder Wave|p2a: Chansey\n|-fail|p2a: Chansey|par\n|\n|upkeep\n|turn|62\n|\n|t:|1772899385\n|switch|p1a: Gengar|Gengar|100/100 slp\n|move|p2a: Chansey|Thunder Wave|p1a: Gengar\n|-fail|p1a: Gengar\n|\n|upkeep\n|turn|63\n|inactive|sadisticnarwhal has 120 seconds left.\n|\n|t:|1772899401\n|switch|p1a: Snorlax|Snorlax|74/100\n|switch|p2a: Exeggutor|Exeggutor|100/100 slp\n|\n|upkeep\n|turn|64\n|\n|t:|1772899406\n|-curestatus|p2a: Exeggutor|slp|[msg]\n|move|p1a: Snorlax|Body Slam|p2a: Exeggutor\n|-damage|p2a: Exeggutor|72/100\n|-status|p2a: Exeggutor|par\n|\n|upkeep\n|turn|65\n|\n|t:|1772899411\n|switch|p1a: Exeggutor|Exeggutor|74/100 par\n|cant|p2a: Exeggutor|par\n|\n|upkeep\n|turn|66\n|\n|t:|1772899417\n|move|p2a: Exeggutor|Psychic|p1a: Exeggutor\n|-resisted|p1a: Exeggutor\n|-damage|p1a: Exeggutor|60/100 par\n|move|p1a: Exeggutor|Psychic|p2a: Exeggutor\n|-resisted|p2a: Exeggutor\n|-damage|p2a: Exeggutor|59/100 par\n|\n|upkeep\n|turn|67\n|inactive|sadisticnarwhal has 150 seconds left.\n|\n|t:|1772899425\n|move|p1a: Exeggutor|Explosion|p2a: Exeggutor\n|-damage|p2a: Exeggutor|0 fnt\n|faint|p2a: Exeggutor\n|faint|p1a: Exeggutor\n|inactive|sadisticnarwhal has 150 seconds left.\n|\n|t:|1772899443\n|switch|p2a: Chansey|Chansey|100/100 par\n|switch|p1a: Snorlax|Snorlax|74/100\n|turn|68\n|\n|t:|1772899451\n|move|p1a: Snorlax|Body Slam|p2a: Chansey\n|-damage|p2a: Chansey|58/100 par\n|move|p2a: Chansey|Thunder Wave|p1a: Snorlax\n|-status|p1a: Snorlax|par\n|\n|upkeep\n|turn|69\n|\n|t:|1772899459\n|switch|p2a: Gengar|Gengar|100/100 slp\n|move|p1a: Snorlax|Body Slam|p2a: Gengar\n|-immune|p2a: Gengar\n|\n|upkeep\n|turn|70\n|\n|t:|1772899469\n|switch|p2a: Snorlax|Snorlax|40/100\n|move|p1a: Snorlax|Earthquake|p2a: Snorlax\n|-damage|p2a: Snorlax|19/100\n|\n|upkeep\n|turn|71\n|\n|t:|1772899477\n|move|p2a: Snorlax|Rest|p2a: Snorlax\n|-status|p2a: Snorlax|slp|[from] move: Rest\n|-heal|p2a: Snorlax|100/100 slp|[silent]\n|move|p1a: Snorlax|Body Slam|p2a: Snorlax\n|-damage|p2a: Snorlax|74/100 slp\n|\n|upkeep\n|turn|72\n|inactive|sadisticnarwhal has 180 seconds left.\n|\n|t:|1772899488\n|cant|p2a: Snorlax|slp\n|move|p1a: Snorlax|Body Slam|p2a: Snorlax\n|-damage|p2a: Snorlax|46/100 slp\n|\n|upkeep\n|turn|73\n|\n|t:|1772899491\n|-curestatus|p2a: Snorlax|slp|[msg]\n|cant|p1a: Snorlax|par\n|\n|upkeep\n|turn|74\n|\n|t:|1772899495\n|switch|p1a: Zapdos|Zapdos|71/100\n|move|p2a: Snorlax|Body Slam|p1a: Zapdos\n|-damage|p1a: Zapdos|39/100\n|\n|upkeep\n|turn|75\n|inactive|Isza has 270 seconds left.\n|\n|t:|1772899504\n|move|p1a: Zapdos|Thunderbolt|p2a: Snorlax\n|-damage|p2a: Snorlax|15/100\n|move|p2a: Snorlax|Body Slam|p1a: Zapdos\n|-damage|p1a: Zapdos|7/100\n|\n|upkeep\n|turn|76\n|inactive|sadisticnarwhal has 210 seconds left.\n|inactive|Isza has 270 seconds left.\n|\n|t:|1772899522\n|switch|p2a: Chansey|Chansey|58/100 par\n|move|p1a: Zapdos|Thunderbolt|p2a: Chansey\n|-damage|p2a: Chansey|39/100 par\n|\n|upkeep\n|turn|77\n|\n|t:|1772899526\n|move|p1a: Zapdos|Drill Peck|p2a: Chansey\n|-damage|p2a: Chansey|7/100 par\n|move|p2a: Chansey|Seismic Toss|p1a: Zapdos\n|-damage|p1a: Zapdos|0 fnt\n|faint|p1a: Zapdos\n|\n|t:|1772899529\n|switch|p1a: Tauros|Tauros|100/100\n|turn|78\n|\n|t:|1772899537\n|move|p1a: Tauros|Body Slam|p2a: Chansey\n|-damage|p2a: Chansey|0 fnt\n|faint|p2a: Chansey\n|inactive|Isza has 270 seconds left.\n|inactive|Isza has 240 seconds left.\n|inactive|Isza has 210 seconds left.\n|inactive|Isza has 180 seconds left.\n|inactive|Isza has 150 seconds left.\n|inactive|Isza has 120 seconds left.\n|\n|t:|1772899710\n|switch|p2a: Zapdos|Zapdos|87/100\n|turn|79\n|\n|t:|1772899713\n|switch|p1a: Snorlax|Snorlax|74/100 par\n|move|p2a: Zapdos|Thunder Wave|p1a: Snorlax\n|-fail|p1a: Snorlax|par\n|\n|upkeep\n|turn|80\n|\n|t:|1772899719\n|move|p2a: Zapdos|Thunderbolt|p1a: Snorlax\n|-damage|p1a: Snorlax|43/100 par\n|move|p1a: Snorlax|Body Slam|p2a: Zapdos\n|-damage|p2a: Zapdos|57/100\n|\n|upkeep\n|turn|81\n|\n|t:|1772899725\n|move|p2a: Zapdos|Thunderbolt|p1a: Snorlax\n|-damage|p1a: Snorlax|12/100 par\n|move|p1a: Snorlax|Body Slam|p2a: Zapdos\n|-damage|p2a: Zapdos|27/100\n|\n|upkeep\n|turn|82\n|inactive|Isza has 150 seconds left.\n|\n|t:|1772899752\n|move|p2a: Zapdos|Agility|p2a: Zapdos\n|-boost|p2a: Zapdos|spe|2\n|move|p1a: Snorlax|Body Slam|p2a: Zapdos\n|-damage|p2a: Zapdos|0 fnt\n|faint|p2a: Zapdos\n|\n|t:|1772899756\n|switch|p2a: Tauros|Tauros|100/100\n|turn|83\n|\n|t:|1772899766\n|move|p2a: Tauros|Earthquake|p1a: Snorlax\n|-damage|p1a: Snorlax|0 fnt\n|faint|p1a: Snorlax\n|\n|t:|1772899767\n|switch|p1a: Tauros|Tauros|100/100\n|turn|84\n|\n|t:|1772899771\n|move|p2a: Tauros|Body Slam|p1a: Tauros\n|-damage|p1a: Tauros|70/100\n|move|p1a: Tauros|Body Slam|p2a: Tauros\n|-damage|p2a: Tauros|74/100\n|\n|upkeep\n|turn|85\n|\n|t:|1772899776\n|move|p2a: Tauros|Body Slam|p1a: Tauros\n|-crit|p1a: Tauros\n|-damage|p1a: Tauros|13/100\n|move|p1a: Tauros|Body Slam|p2a: Tauros\n|-damage|p2a: Tauros|43/100\n|\n|upkeep\n|turn|86\n|inactive|Isza has 180 seconds left.\n|\n|t:|1772899782\n|move|p2a: Tauros|Earthquake|p1a: Tauros\n|-damage|p1a: Tauros|0 fnt\n|faint|p1a: Tauros\n|c|☆sadisticnarwhal|rip\n|\n|t:|1772899786\n|switch|p1a: Gengar|Gengar|100/100 slp\n|turn|87\n|\n|t:|1772899789\n|cant|p1a: Gengar|slp\n|move|p2a: Tauros|Earthquake|p1a: Gengar\n|-supereffective|p1a: Gengar\n|-damage|p1a: Gengar|31/100 slp\n|\n|upkeep\n|turn|88\n|c|☆sadisticnarwhal|gg\n|\n|t:|1772899793\n|move|p2a: Tauros|Earthquake|p1a: Gengar\n|-supereffective|p1a: Gengar\n|-damage|p1a: Gengar|0 fnt\n|faint|p1a: Gengar\n|\n|win|Isza\n","uploadtime":1772899793,"views":"1096","formatid":"gen1ou","rating":null,"private":0,"password":null}