{"id":"smogtours-gen1ou-911215","format":"[Gen 1] OU","players":["BeeOrSomething","Ct0wn"],"log":"|inactive|Battle timer is ON: inactive players will automatically lose when time's up.\n|t:|1771708229\n|gametype|singles\n|player|p1|BeeOrSomething|#beeorsomething|\n|player|p2|Ct0wn|#splxviiclassiest2|\n|gen|1\n|tier|[Gen 1] OU\n|rule|Desync Clause Mod: Desyncs changed to move failure.\n|rule|Sleep Clause Mod: Limit one foe put to sleep\n|rule|Freeze Clause Mod: Limit one foe frozen\n|rule|Species Clause: Limit one of each Pokémon\n|rule|OHKO Clause: OHKO moves are banned\n|rule|Evasion Moves Clause: Evasion moves are banned\n|rule|Endless Battle Clause: Forcing endless battles is banned\n|rule|HP Percentage Mod: HP is shown in percentages\n|\n|t:|1771708229\n|teamsize|p1|6\n|teamsize|p2|6\n|start\n|switch|p1a: Carnivores|Alakazam|100/100\n|switch|p2a: Gengar|Gengar|100/100\n|turn|1\n|c|☆BeeOrSomething|glhf\n|c|☆Ct0wn|U2\n|\n|t:|1771708244\n|switch|p2a: Jynx|Jynx|100/100\n|move|p1a: Carnivores|Psychic|p2a: Jynx\n|-resisted|p2a: Jynx\n|-damage|p2a: Jynx|79/100\n|-unboost|p2a: Jynx|spa|1\n|-unboost|p2a: Jynx|spd|1\n|\n|upkeep\n|turn|2\n|\n|t:|1771708247\n|move|p1a: Carnivores|Thunder Wave|p2a: Jynx\n|-status|p2a: Jynx|par\n|move|p2a: Jynx|Lovely Kiss|p1a: Carnivores\n|-status|p1a: Carnivores|slp|[from] move: Lovely Kiss\n|\n|upkeep\n|turn|3\n|\n|t:|1771708268\n|switch|p1a: Sphere|Snorlax|100/100\n|move|p2a: Jynx|Blizzard|p1a: Sphere\n|-damage|p1a: Sphere|78/100\n|\n|upkeep\n|turn|4\n|\n|t:|1771708281\n|switch|p2a: Snorlax|Snorlax|100/100\n|move|p1a: Sphere|Earthquake|p2a: Snorlax\n|-damage|p2a: Snorlax|79/100\n|\n|upkeep\n|turn|5\n|\n|t:|1771708286\n|move|p2a: Snorlax|Body Slam|p1a: Sphere\n|-damage|p1a: Sphere|53/100\n|move|p1a: Sphere|Counter|p2a: Snorlax\n|-damage|p2a: Snorlax|28/100\n|\n|upkeep\n|turn|6\n|\n|t:|1771708304\n|move|p2a: Snorlax|Self-Destruct|p1a: Sphere\n|-damage|p1a: Sphere|0 fnt\n|faint|p1a: Sphere\n|faint|p2a: Snorlax\n|\n|t:|1771708312\n|switch|p2a: Gengar|Gengar|100/100\n|switch|p1a: Nautilus|Starmie|100/100\n|turn|7\n|\n|t:|1771708321\n|switch|p2a: Alakazam|Alakazam|100/100\n|move|p1a: Nautilus|Thunder Wave|p2a: Alakazam\n|-status|p2a: Alakazam|par\n|\n|upkeep\n|turn|8\n|\n|t:|1771708338\n|switch|p1a: Carnivores|Alakazam|100/100 slp\n|cant|p2a: Alakazam|par\n|\n|upkeep\n|turn|9\n|\n|t:|1771708344\n|switch|p1a: Dimension|Exeggutor|100/100\n|move|p2a: Alakazam|Seismic Toss|p1a: Dimension\n|-damage|p1a: Dimension|75/100\n|\n|upkeep\n|turn|10\n|\n|t:|1771708349\n|move|p1a: Dimension|Psychic|p2a: Alakazam\n|-resisted|p2a: Alakazam\n|-damage|p2a: Alakazam|86/100 par\n|cant|p2a: Alakazam|par\n|\n|upkeep\n|turn|11\n|\n|t:|1771708362\n|switch|p2a: Jynx|Jynx|79/100 par\n|move|p1a: Dimension|Explosion|p2a: Jynx\n|-damage|p2a: Jynx|0 fnt\n|faint|p2a: Jynx\n|faint|p1a: Dimension\n|\n|t:|1771708370\n|switch|p1a: Epilogue|Tauros|100/100\n|switch|p2a: Gengar|Gengar|100/100\n|turn|12\n|\n|t:|1771708376\n|switch|p2a: Exeggutor|Exeggutor|100/100\n|move|p1a: Epilogue|Earthquake|p2a: Exeggutor\n|-resisted|p2a: Exeggutor\n|-damage|p2a: Exeggutor|90/100\n|\n|upkeep\n|turn|13\n|\n|t:|1771708379\n|move|p1a: Epilogue|Blizzard|p2a: Exeggutor\n|-supereffective|p2a: Exeggutor\n|-damage|p2a: Exeggutor|56/100\n|move|p2a: Exeggutor|Stun Spore|p1a: Epilogue\n|-status|p1a: Epilogue|par\n|\n|upkeep\n|turn|14\n|\n|t:|1771708393\n|move|p2a: Exeggutor|Psychic|p1a: Epilogue\n|-damage|p1a: Epilogue|55/100 par\n|move|p1a: Epilogue|Body Slam|p2a: Exeggutor\n|-damage|p2a: Exeggutor|26/100\n|\n|upkeep\n|turn|15\n|\n|t:|1771708402\n|move|p2a: Exeggutor|Stun Spore|p1a: Epilogue\n|-fail|p1a: Epilogue|par\n|move|p1a: Epilogue|Body Slam|p2a: Exeggutor\n|-damage|p2a: Exeggutor|0 fnt\n|faint|p2a: Exeggutor\n|\n|t:|1771708407\n|switch|p2a: Tauros|Tauros|100/100\n|turn|16\n|\n|t:|1771708410\n|move|p2a: Tauros|Body Slam|p1a: Epilogue\n|-damage|p1a: Epilogue|24/100 par\n|move|p1a: Epilogue|Hyper Beam|p2a: Tauros\n|-damage|p2a: Tauros|50/100\n|-mustrecharge|p1a: Epilogue\n|\n|upkeep\n|turn|17\n|\n|t:|1771708414\n|move|p2a: Tauros|Body Slam|p1a: Epilogue\n|-damage|p1a: Epilogue|0 fnt\n|faint|p1a: Epilogue\n|\n|t:|1771708421\n|switch|p1a: Nautilus|Starmie|100/100\n|turn|18\n|\n|t:|1771708430\n|move|p1a: Nautilus|Surf|p2a: Tauros\n|-crit|p2a: Tauros\n|-damage|p2a: Tauros|0 fnt\n|faint|p2a: Tauros\n|\n|t:|1771708432\n|switch|p2a: Alakazam|Alakazam|86/100 par\n|turn|19\n|\n|t:|1771708434\n|move|p1a: Nautilus|Surf|p2a: Alakazam\n|-crit|p2a: Alakazam\n|-damage|p2a: Alakazam|31/100 par\n|move|p2a: Alakazam|Thunder Wave|p1a: Nautilus\n|-status|p1a: Nautilus|par\n|\n|upkeep\n|turn|20\n|\n|t:|1771708437\n|move|p2a: Alakazam|Recover|p2a: Alakazam\n|-heal|p2a: Alakazam|81/100 par\n|move|p1a: Nautilus|Surf|p2a: Alakazam\n|-damage|p2a: Alakazam|53/100 par\n|\n|upkeep\n|turn|21\n|\n|t:|1771708440\n|move|p2a: Alakazam|Recover|p2a: Alakazam\n|-heal|p2a: Alakazam|100/100 par\n|cant|p1a: Nautilus|par\n|\n|upkeep\n|turn|22\n|\n|t:|1771708443\n|move|p2a: Alakazam|Psychic|p1a: Nautilus\n|-resisted|p1a: Nautilus\n|-damage|p1a: Nautilus|79/100 par\n|move|p1a: Nautilus|Surf|p2a: Alakazam\n|-damage|p2a: Alakazam|72/100 par\n|\n|upkeep\n|turn|23\n|\n|t:|1771708448\n|cant|p2a: Alakazam|par\n|move|p1a: Nautilus|Surf|p2a: Alakazam\n|-damage|p2a: Alakazam|44/100 par\n|\n|upkeep\n|turn|24\n|\n|t:|1771708450\n|move|p2a: Alakazam|Recover|p2a: Alakazam\n|-heal|p2a: Alakazam|94/100 par\n|cant|p1a: Nautilus|par\n|\n|upkeep\n|turn|25\n|\n|t:|1771708453\n|move|p2a: Alakazam|Psychic|p1a: Nautilus\n|-crit|p1a: Nautilus\n|-resisted|p1a: Nautilus\n|-damage|p1a: Nautilus|42/100 par\n|move|p1a: Nautilus|Surf|p2a: Alakazam|[miss]\n|-miss|p1a: Nautilus\n|-hint|In Gen 1, moves with 100% accuracy can still miss 1/256 of the time.\n|\n|upkeep\n|turn|26\n|\n|t:|1771708461\n|move|p2a: Alakazam|Psychic|p1a: Nautilus\n|-crit|p1a: Nautilus\n|-resisted|p1a: Nautilus\n|-damage|p1a: Nautilus|4/100 par\n|move|p1a: Nautilus|Recover|p1a: Nautilus\n|-heal|p1a: Nautilus|54/100 par\n|\n|upkeep\n|turn|27\n|\n|t:|1771708463\n|move|p2a: Alakazam|Seismic Toss|p1a: Nautilus\n|-damage|p1a: Nautilus|23/100 par\n|move|p1a: Nautilus|Recover|p1a: Nautilus\n|-heal|p1a: Nautilus|73/100 par\n|\n|upkeep\n|turn|28\n|\n|t:|1771708465\n|cant|p2a: Alakazam|par\n|cant|p1a: Nautilus|par\n|\n|upkeep\n|turn|29\n|\n|t:|1771708467\n|move|p2a: Alakazam|Psychic|p1a: Nautilus\n|-crit|p1a: Nautilus\n|-resisted|p1a: Nautilus\n|-damage|p1a: Nautilus|33/100 par\n|-unboost|p1a: Nautilus|spa|1\n|-unboost|p1a: Nautilus|spd|1\n|move|p1a: Nautilus|Recover|p1a: Nautilus\n|-heal|p1a: Nautilus|83/100 par\n|\n|upkeep\n|turn|30\n|\n|t:|1771708471\n|switch|p1a: Carnivores|Alakazam|100/100 slp\n|move|p2a: Alakazam|Seismic Toss|p1a: Carnivores\n|-damage|p1a: Carnivores|69/100 slp\n|\n|upkeep\n|turn|31\n|\n|t:|1771708475\n|-curestatus|p1a: Carnivores|slp|[msg]\n|move|p2a: Alakazam|Seismic Toss|p1a: Carnivores\n|-damage|p1a: Carnivores|37/100\n|\n|upkeep\n|turn|32\n|inactive|Ct0wn has 270 seconds left.\n|\n|t:|1771708511\n|move|p1a: Carnivores|Recover|p1a: Carnivores\n|-heal|p1a: Carnivores|86/100\n|cant|p2a: Alakazam|par\n|\n|upkeep\n|turn|33\n|\n|t:|1771708515\n|switch|p1a: Nautilus|Starmie|83/100 par\n|move|p2a: Alakazam|Seismic Toss|p1a: Nautilus\n|-damage|p1a: Nautilus|52/100 par\n|\n|upkeep\n|turn|34\n|\n|t:|1771708519\n|switch|p2a: Gengar|Gengar|100/100\n|move|p1a: Nautilus|Recover|p1a: Nautilus\n|-heal|p1a: Nautilus|100/100 par\n|\n|upkeep\n|turn|35\n|\n|t:|1771708523\n|move|p2a: Gengar|Thunderbolt|p1a: Nautilus\n|-supereffective|p1a: Nautilus\n|-damage|p1a: Nautilus|43/100 par\n|move|p1a: Nautilus|Thunder Wave|p2a: Gengar\n|-status|p2a: Gengar|par\n|\n|upkeep\n|turn|36\n|\n|t:|1771708529\n|cant|p1a: Nautilus|par\n|move|p2a: Gengar|Thunderbolt|p1a: Nautilus\n|-supereffective|p1a: Nautilus\n|-damage|p1a: Nautilus|0 fnt\n|faint|p1a: Nautilus\n|\n|t:|1771708531\n|switch|p1a: Carnivores|Alakazam|86/100\n|turn|37\n|\n|t:|1771708541\n|switch|p2a: Alakazam|Alakazam|94/100 par\n|move|p1a: Carnivores|Seismic Toss|p2a: Alakazam\n|-damage|p2a: Alakazam|62/100 par\n|\n|upkeep\n|turn|38\n|\n|t:|1771708545\n|move|p1a: Carnivores|Seismic Toss|p2a: Alakazam\n|-damage|p2a: Alakazam|30/100 par\n|move|p2a: Alakazam|Recover|p2a: Alakazam\n|-heal|p2a: Alakazam|80/100 par\n|\n|upkeep\n|turn|39\n|\n|t:|1771708548\n|move|p1a: Carnivores|Seismic Toss|p2a: Alakazam\n|-damage|p2a: Alakazam|48/100 par\n|move|p2a: Alakazam|Thunder Wave|p1a: Carnivores\n|-status|p1a: Carnivores|par\n|\n|upkeep\n|turn|40\n|\n|t:|1771708552\n|move|p1a: Carnivores|Seismic Toss|p2a: Alakazam\n|-damage|p2a: Alakazam|16/100 par\n|move|p2a: Alakazam|Recover|p2a: Alakazam\n|-heal|p2a: Alakazam|66/100 par\n|\n|upkeep\n|turn|41\n|\n|t:|1771708556\n|move|p1a: Carnivores|Seismic Toss|p2a: Alakazam\n|-damage|p2a: Alakazam|34/100 par\n|cant|p2a: Alakazam|par\n|\n|upkeep\n|turn|42\n|\n|t:|1771708559\n|switch|p1a: Outlaw|Zapdos|100/100\n|move|p2a: Alakazam|Recover|p2a: Alakazam\n|-heal|p2a: Alakazam|84/100 par\n|\n|upkeep\n|turn|43\n|\n|t:|1771708563\n|move|p1a: Outlaw|Drill Peck|p2a: Alakazam\n|-damage|p2a: Alakazam|38/100 par\n|move|p2a: Alakazam|Thunder Wave|p1a: Outlaw\n|-status|p1a: Outlaw|par\n|\n|upkeep\n|turn|44\n|\n|t:|1771708582\n|cant|p2a: Alakazam|par\n|cant|p1a: Outlaw|par\n|\n|upkeep\n|turn|45\n|\n|t:|1771708588\n|switch|p2a: Gengar|Gengar|100/100 par\n|cant|p1a: Outlaw|par\n|\n|upkeep\n|turn|46\n|\n|t:|1771708594\n|switch|p1a: Carnivores|Alakazam|86/100 par\n|move|p2a: Gengar|Psychic|p1a: Carnivores\n|-resisted|p1a: Carnivores\n|-damage|p1a: Carnivores|76/100 par\n|\n|upkeep\n|turn|47\n|\n|t:|1771708604\n|move|p1a: Carnivores|Psychic|p2a: Gengar\n|-crit|p2a: Gengar\n|-supereffective|p2a: Gengar\n|-damage|p2a: Gengar|0 fnt\n|faint|p2a: Gengar\n|\n|t:|1771708613\n|switch|p2a: Alakazam|Alakazam|38/100 par\n|turn|48\n|\n|t:|1771708616\n|cant|p1a: Carnivores|par\n|move|p2a: Alakazam|Recover|p2a: Alakazam\n|-heal|p2a: Alakazam|87/100 par\n|\n|upkeep\n|turn|49\n|\n|t:|1771708619\n|move|p2a: Alakazam|Psychic|p1a: Carnivores\n|-crit|p1a: Carnivores\n|-resisted|p1a: Carnivores\n|-damage|p1a: Carnivores|44/100 par\n|move|p1a: Carnivores|Psychic|p2a: Alakazam\n|-resisted|p2a: Alakazam\n|-damage|p2a: Alakazam|69/100 par\n|-unboost|p2a: Alakazam|spa|1\n|-unboost|p2a: Alakazam|spd|1\n|\n|upkeep\n|turn|50\n|\n|t:|1771708621\n|move|p1a: Carnivores|Recover|p1a: Carnivores\n|-heal|p1a: Carnivores|94/100 par\n|move|p2a: Alakazam|Seismic Toss|p1a: Carnivores\n|-damage|p1a: Carnivores|62/100 par\n|\n|upkeep\n|turn|51\n|\n|t:|1771708623\n|move|p1a: Carnivores|Psychic|p2a: Alakazam\n|-crit|p2a: Alakazam\n|-resisted|p2a: Alakazam\n|-damage|p2a: Alakazam|35/100 par\n|move|p2a: Alakazam|Psychic|p1a: Carnivores\n|-resisted|p1a: Carnivores\n|-damage|p1a: Carnivores|51/100 par\n|\n|upkeep\n|turn|52\n|\n|t:|1771708630\n|move|p1a: Carnivores|Psychic|p2a: Alakazam\n|-resisted|p2a: Alakazam\n|-damage|p2a: Alakazam|8/100 par\n|-unboost|p2a: Alakazam|spa|1\n|-unboost|p2a: Alakazam|spd|1\n|move|p2a: Alakazam|Recover|p2a: Alakazam\n|-heal|p2a: Alakazam|58/100 par\n|\n|upkeep\n|turn|53\n|\n|t:|1771708631\n|move|p1a: Carnivores|Psychic|p2a: Alakazam\n|-resisted|p2a: Alakazam\n|-damage|p2a: Alakazam|25/100 par\n|cant|p2a: Alakazam|par\n|\n|upkeep\n|turn|54\n|\n|t:|1771708634\n|move|p1a: Carnivores|Psychic|p2a: Alakazam\n|-resisted|p2a: Alakazam\n|-damage|p2a: Alakazam|0 fnt\n|faint|p2a: Alakazam\n|\n|win|BeeOrSomething\n|c|☆BeeOrSomething|ggs\n|c|☆Ct0wn|Ggs\n|player|p1|\n|player|p2|\n","uploadtime":1771708634,"views":"962","formatid":"gen1ou","rating":null,"private":0,"password":null}