{"id":"smogtours-gen1ou-822896","format":"[Gen 1] OU","players":["WarumFelix","spies rby"],"log":"|inactive|Battle timer is ON: inactive players will automatically lose when time's up.\n|t:|1740935966\n|gametype|singles\n|player|p1|WarumFelix|lucas|\n|player|p2|spies rby|unknown|\n|teamsize|p1|6\n|teamsize|p2|6\n|gen|1\n|tier|[Gen 1] OU\n|rule|Desync Clause Mod: Desyncs changed to move failure.\n|rule|Sleep Clause Mod: Limit one foe put to sleep\n|rule|Freeze Clause Mod: Limit one foe frozen\n|rule|Species Clause: Limit one of each Pokémon\n|rule|OHKO Clause: OHKO moves are banned\n|rule|Evasion Moves Clause: Evasion moves are banned\n|rule|Endless Battle Clause: Forcing endless battles is banned\n|rule|HP Percentage Mod: HP is shown in percentages\n|\n|t:|1740935966\n|start\n|switch|p1a: Gengar|Gengar|100/100\n|switch|p2a: Starmie|Starmie|100/100\n|turn|1\n|c|☆WarumFelix|glhf\n|c|☆spies rby|glhf\n|\n|t:|1740935976\n|switch|p2a: Jynx|Jynx|100/100\n|switch|p1a: Chansey|Chansey|100/100\n|\n|upkeep\n|turn|2\n|\n|t:|1740935983\n|switch|p1a: Gengar|Gengar|100/100\n|move|p2a: Jynx|Lovely Kiss|p1a: Gengar\n|-status|p1a: Gengar|slp|[from] move: Lovely Kiss\n|\n|upkeep\n|turn|3\n|\n|t:|1740935992\n|switch|p1a: Chansey|Chansey|100/100\n|move|p2a: Jynx|Blizzard|p1a: Chansey\n|-damage|p1a: Chansey|82/100\n|\n|upkeep\n|turn|4\n|rated|Smogon Premier League\n|\n|t:|1740936007\n|switch|p2a: Chansey|Chansey|100/100\n|move|p1a: Chansey|Sing|p2a: Chansey\n|-status|p2a: Chansey|slp|[from] move: Sing\n|\n|upkeep\n|turn|5\n|inactive|WarumFelix has 270 seconds left.\n|\n|t:|1740936041\n|switch|p1a: Tauros|Tauros|100/100\n|switch|p2a: Starmie|Starmie|100/100\n|\n|upkeep\n|turn|6\n|inactive|WarumFelix has 270 seconds left.\n|\n|t:|1740936051\n|switch|p1a: Chansey|Chansey|82/100\n|move|p2a: Starmie|Thunder Wave|p1a: Chansey\n|-status|p1a: Chansey|par\n|\n|upkeep\n|turn|7\n|\n|t:|1740936059\n|switch|p2a: Chansey|Chansey|100/100 slp\n|switch|p1a: Snorlax|Snorlax|100/100\n|\n|upkeep\n|turn|8\n|\n|t:|1740936069\n|switch|p2a: Snorlax|Snorlax|100/100\n|move|p1a: Snorlax|Body Slam|p2a: Snorlax\n|-damage|p2a: Snorlax|74/100\n|\n|upkeep\n|turn|9\n|\n|t:|1740936074\n|move|p2a: Snorlax|Body Slam|p1a: Snorlax\n|-damage|p1a: Snorlax|76/100\n|move|p1a: Snorlax|Reflect|p1a: Snorlax\n|-start|p1a: Snorlax|Reflect\n|\n|upkeep\n|turn|10\n|\n|t:|1740936078\n|move|p2a: Snorlax|Reflect|p2a: Snorlax\n|-start|p2a: Snorlax|Reflect\n|move|p1a: Snorlax|Earthquake|p2a: Snorlax\n|-damage|p2a: Snorlax|64/100\n|\n|upkeep\n|turn|11\n|\n|t:|1740936092\n|move|p2a: Snorlax|Body Slam|p1a: Snorlax\n|-damage|p1a: Snorlax|62/100\n|move|p1a: Snorlax|Body Slam|p2a: Snorlax\n|-damage|p2a: Snorlax|51/100\n|\n|upkeep\n|turn|12\n|\n|t:|1740936099\n|move|p1a: Snorlax|Rest|p1a: Snorlax\n|-status|p1a: Snorlax|slp|[from] move: Rest\n|-heal|p1a: Snorlax|100/100 slp|[silent]\n|move|p2a: Snorlax|Rest|p2a: Snorlax\n|-status|p2a: Snorlax|slp|[from] move: Rest\n|-heal|p2a: Snorlax|100/100 slp|[silent]\n|\n|upkeep\n|turn|13\n|\n|t:|1740936100\n|cant|p2a: Snorlax|slp\n|cant|p1a: Snorlax|slp\n|\n|upkeep\n|turn|14\n|\n|t:|1740936102\n|-curestatus|p1a: Snorlax|slp|[msg]\n|-curestatus|p2a: Snorlax|slp|[msg]\n|\n|upkeep\n|turn|15\n|\n|t:|1740936104\n|move|p2a: Snorlax|Body Slam|p1a: Snorlax\n|-damage|p1a: Snorlax|87/100\n|move|p1a: Snorlax|Body Slam|p2a: Snorlax\n|-damage|p2a: Snorlax|87/100\n|\n|upkeep\n|turn|16\n|\n|t:|1740936108\n|move|p1a: Snorlax|Body Slam|p2a: Snorlax\n|-damage|p2a: Snorlax|73/100\n|move|p2a: Snorlax|Body Slam|p1a: Snorlax\n|-damage|p1a: Snorlax|74/100\n|\n|upkeep\n|turn|17\n|\n|t:|1740936111\n|move|p1a: Snorlax|Body Slam|p2a: Snorlax\n|-damage|p2a: Snorlax|60/100\n|move|p2a: Snorlax|Body Slam|p1a: Snorlax\n|-damage|p1a: Snorlax|62/100\n|\n|upkeep\n|turn|18\n|\n|t:|1740936115\n|move|p1a: Snorlax|Rest|p1a: Snorlax\n|-status|p1a: Snorlax|slp|[from] move: Rest\n|-heal|p1a: Snorlax|100/100 slp|[silent]\n|move|p2a: Snorlax|Rest|p2a: Snorlax\n|-status|p2a: Snorlax|slp|[from] move: Rest\n|-heal|p2a: Snorlax|100/100 slp|[silent]\n|\n|upkeep\n|turn|19\n|\n|t:|1740936116\n|cant|p2a: Snorlax|slp\n|cant|p1a: Snorlax|slp\n|\n|upkeep\n|turn|20\n|\n|t:|1740936118\n|-curestatus|p2a: Snorlax|slp|[msg]\n|-curestatus|p1a: Snorlax|slp|[msg]\n|\n|upkeep\n|turn|21\n|\n|t:|1740936121\n|move|p1a: Snorlax|Body Slam|p2a: Snorlax\n|-damage|p2a: Snorlax|88/100\n|move|p2a: Snorlax|Body Slam|p1a: Snorlax\n|-damage|p1a: Snorlax|88/100\n|\n|upkeep\n|turn|22\n|\n|t:|1740936125\n|move|p2a: Snorlax|Body Slam|p1a: Snorlax\n|-damage|p1a: Snorlax|74/100\n|move|p1a: Snorlax|Body Slam|p2a: Snorlax\n|-damage|p2a: Snorlax|75/100\n|\n|upkeep\n|turn|23\n|\n|t:|1740936130\n|move|p1a: Snorlax|Body Slam|p2a: Snorlax\n|-damage|p2a: Snorlax|62/100\n|move|p2a: Snorlax|Body Slam|p1a: Snorlax\n|-damage|p1a: Snorlax|62/100\n|\n|upkeep\n|turn|24\n|\n|t:|1740936140\n|move|p2a: Snorlax|Rest|p2a: Snorlax\n|-status|p2a: Snorlax|slp|[from] move: Rest\n|-heal|p2a: Snorlax|100/100 slp|[silent]\n|move|p1a: Snorlax|Rest|p1a: Snorlax\n|-status|p1a: Snorlax|slp|[from] move: Rest\n|-heal|p1a: Snorlax|100/100 slp|[silent]\n|\n|upkeep\n|turn|25\n|\n|t:|1740936143\n|cant|p1a: Snorlax|slp\n|cant|p2a: Snorlax|slp\n|\n|upkeep\n|turn|26\n|\n|t:|1740936144\n|-curestatus|p2a: Snorlax|slp|[msg]\n|-curestatus|p1a: Snorlax|slp|[msg]\n|\n|upkeep\n|turn|27\n|\n|t:|1740936146\n|move|p2a: Snorlax|Body Slam|p1a: Snorlax\n|-damage|p1a: Snorlax|88/100\n|move|p1a: Snorlax|Body Slam|p2a: Snorlax\n|-damage|p2a: Snorlax|87/100\n|\n|upkeep\n|turn|28\n|\n|t:|1740936148\n|move|p1a: Snorlax|Body Slam|p2a: Snorlax\n|-crit|p2a: Snorlax\n|-damage|p2a: Snorlax|34/100\n|move|p2a: Snorlax|Body Slam|p1a: Snorlax\n|-damage|p1a: Snorlax|73/100\n|\n|upkeep\n|turn|29\n|\n|t:|1740936174\n|switch|p1a: Exeggutor|Exeggutor|100/100\n|move|p2a: Snorlax|Body Slam|p1a: Exeggutor\n|-damage|p1a: Exeggutor|69/100\n|\n|upkeep\n|turn|30\n|inactive|WarumFelix has 270 seconds left.\n|\n|t:|1740936195\n|move|p1a: Exeggutor|Stun Spore|p2a: Snorlax\n|-status|p2a: Snorlax|par\n|move|p2a: Snorlax|Self-Destruct|p1a: Exeggutor\n|-damage|p1a: Exeggutor|0 fnt\n|faint|p1a: Exeggutor\n|faint|p2a: Snorlax\n|inactive|WarumFelix has 270 seconds left.\n|\n|t:|1740936217\n|switch|p1a: Starmie|Starmie|100/100\n|switch|p2a: Tauros|Tauros|100/100\n|turn|31\n|\n|t:|1740936231\n|switch|p2a: Starmie|Starmie|100/100\n|move|p1a: Starmie|Thunder Wave|p2a: Starmie\n|-status|p2a: Starmie|par\n|\n|upkeep\n|turn|32\n|\n|t:|1740936242\n|move|p1a: Starmie|Psychic|p2a: Starmie\n|-resisted|p2a: Starmie\n|-damage|p2a: Starmie|83/100 par\n|cant|p2a: Starmie|par\n|\n|upkeep\n|turn|33\n|\n|t:|1740936248\n|move|p1a: Starmie|Psychic|p2a: Starmie\n|-resisted|p2a: Starmie\n|-damage|p2a: Starmie|66/100 par\n|-unboost|p2a: Starmie|spa|1\n|-unboost|p2a: Starmie|spd|1\n|move|p2a: Starmie|Thunder Wave|p1a: Starmie\n|-status|p1a: Starmie|par\n|\n|upkeep\n|turn|34\n|\n|t:|1740936258\n|move|p1a: Starmie|Psychic|p2a: Starmie\n|-resisted|p2a: Starmie\n|-damage|p2a: Starmie|42/100 par\n|move|p2a: Starmie|Recover|p2a: Starmie\n|-heal|p2a: Starmie|92/100 par\n|\n|upkeep\n|turn|35\n|\n|t:|1740936274\n|switch|p2a: Chansey|Chansey|100/100 slp\n|move|p1a: Starmie|Psychic|p2a: Chansey\n|-damage|p2a: Chansey|85/100 slp\n|\n|upkeep\n|turn|36\n|\n|t:|1740936281\n|switch|p2a: Starmie|Starmie|92/100 par\n|move|p1a: Starmie|Psychic|p2a: Starmie\n|-resisted|p2a: Starmie\n|-damage|p2a: Starmie|76/100 par\n|\n|upkeep\n|turn|37\n|\n|t:|1740936285\n|switch|p1a: Chansey|Chansey|82/100 par\n|cant|p2a: Starmie|par\n|\n|upkeep\n|turn|38\n|\n|t:|1740936293\n|move|p2a: Starmie|Recover|p2a: Starmie\n|-heal|p2a: Starmie|100/100 par\n|cant|p1a: Chansey|par\n|\n|upkeep\n|turn|39\n|\n|t:|1740936307\n|move|p2a: Starmie|Blizzard|p1a: Chansey\n|-damage|p1a: Chansey|69/100 par\n|cant|p1a: Chansey|par\n|\n|upkeep\n|turn|40\n|inactive|WarumFelix has 270 seconds left.\n|\n|t:|1740936328\n|cant|p2a: Starmie|par\n|cant|p1a: Chansey|par\n|\n|upkeep\n|turn|41\n|\n|t:|1740936333\n|move|p2a: Starmie|Blizzard|p1a: Chansey\n|-damage|p1a: Chansey|56/100 par\n|cant|p1a: Chansey|par\n|\n|upkeep\n|turn|42\n|\n|t:|1740936340\n|move|p2a: Starmie|Thunderbolt|p1a: Chansey\n|-damage|p1a: Chansey|46/100 par\n|move|p1a: Chansey|Soft-Boiled|p1a: Chansey\n|-heal|p1a: Chansey|96/100 par\n|\n|upkeep\n|turn|43\n|\n|t:|1740936351\n|move|p2a: Starmie|Thunderbolt|p1a: Chansey\n|-damage|p1a: Chansey|86/100 par\n|move|p1a: Chansey|Soft-Boiled|p1a: Chansey\n|-heal|p1a: Chansey|100/100 par\n|\n|upkeep\n|turn|44\n|\n|t:|1740936356\n|move|p2a: Starmie|Thunderbolt|p1a: Chansey\n|-damage|p1a: Chansey|91/100 par\n|cant|p1a: Chansey|par\n|\n|upkeep\n|turn|45\n|\n|t:|1740936360\n|cant|p2a: Starmie|par\n|move|p1a: Chansey|Seismic Toss|p2a: Starmie\n|-damage|p2a: Starmie|70/100 par\n|\n|upkeep\n|turn|46\n|\n|t:|1740936363\n|move|p2a: Starmie|Recover|p2a: Starmie\n|-heal|p2a: Starmie|100/100 par\n|move|p1a: Chansey|Seismic Toss|p2a: Starmie\n|-damage|p2a: Starmie|70/100 par\n|\n|upkeep\n|turn|47\n|\n|t:|1740936365\n|move|p2a: Starmie|Recover|p2a: Starmie\n|-heal|p2a: Starmie|100/100 par\n|move|p1a: Chansey|Seismic Toss|p2a: Starmie\n|-damage|p2a: Starmie|70/100 par\n|\n|upkeep\n|turn|48\n|\n|t:|1740936367\n|cant|p2a: Starmie|par\n|move|p1a: Chansey|Seismic Toss|p2a: Starmie\n|-damage|p2a: Starmie|39/100 par\n|\n|upkeep\n|turn|49\n|\n|t:|1740936369\n|switch|p1a: Snorlax|Snorlax|73/100\n|cant|p2a: Starmie|par\n|\n|upkeep\n|turn|50\n|\n|t:|1740936377\n|switch|p2a: Tauros|Tauros|100/100\n|move|p1a: Snorlax|Body Slam|p2a: Tauros\n|-damage|p2a: Tauros|70/100\n|\n|upkeep\n|turn|51\n|\n|t:|1740936389\n|move|p2a: Tauros|Body Slam|p1a: Snorlax\n|-damage|p1a: Snorlax|47/100\n|move|p1a: Snorlax|Body Slam|p2a: Tauros\n|-damage|p2a: Tauros|39/100\n|\n|upkeep\n|turn|52\n|\n|t:|1740936404\n|switch|p1a: Gengar|Gengar|100/100 slp\n|move|p2a: Tauros|Body Slam|p1a: Gengar\n|-immune|p1a: Gengar\n|\n|upkeep\n|turn|53\n|\n|t:|1740936408\n|move|p2a: Tauros|Body Slam|p1a: Gengar\n|-immune|p1a: Gengar\n|cant|p1a: Gengar|slp\n|\n|upkeep\n|turn|54\n|\n|t:|1740936418\n|move|p2a: Tauros|Earthquake|p1a: Gengar\n|-supereffective|p1a: Gengar\n|-damage|p1a: Gengar|32/100 slp\n|cant|p1a: Gengar|slp\n|\n|upkeep\n|turn|55\n|\n|t:|1740936422\n|move|p2a: Tauros|Body Slam|p1a: Gengar\n|-immune|p1a: Gengar\n|cant|p1a: Gengar|slp\n|\n|upkeep\n|turn|56\n|\n|t:|1740936426\n|cant|p1a: Gengar|slp\n|move|p2a: Tauros|Earthquake|p1a: Gengar\n|-supereffective|p1a: Gengar\n|-damage|p1a: Gengar|0 fnt\n|faint|p1a: Gengar\n|\n|t:|1740936428\n|switch|p1a: Tauros|Tauros|100/100\n|turn|57\n|\n|t:|1740936454\n|switch|p2a: Chansey|Chansey|85/100 slp\n|move|p1a: Tauros|Hyper Beam|p2a: Chansey\n|-damage|p2a: Chansey|22/100 slp\n|-mustrecharge|p1a: Tauros\n|\n|upkeep\n|turn|58\n|\n|t:|1740936459\n|switch|p2a: Jynx|Jynx|100/100\n|cant|p1a: Tauros|recharge\n|\n|upkeep\n|turn|59\n|\n|t:|1740936479\n|switch|p1a: Starmie|Starmie|100/100 par\n|move|p2a: Jynx|Lovely Kiss|p1a: Starmie\n|-fail|p1a: Starmie\n|\n|upkeep\n|turn|60\n|\n|t:|1740936485\n|switch|p2a: Starmie|Starmie|39/100 par\n|move|p1a: Starmie|Psychic|p2a: Starmie\n|-resisted|p2a: Starmie\n|-damage|p2a: Starmie|22/100 par\n|\n|upkeep\n|turn|61\n|\n|t:|1740936503\n|switch|p1a: Snorlax|Snorlax|47/100\n|cant|p2a: Starmie|par\n|\n|upkeep\n|turn|62\n|inactive|WarumFelix has 270 seconds left.\n|\n|t:|1740936535\n|switch|p2a: Chansey|Chansey|22/100 slp\n|move|p1a: Snorlax|Earthquake|p2a: Chansey\n|-damage|p2a: Chansey|0 fnt\n|faint|p2a: Chansey\n|\n|t:|1740936548\n|switch|p2a: Tauros|Tauros|39/100\n|turn|63\n|inactive|WarumFelix has 270 seconds left.\n|\n|t:|1740936579\n|move|p2a: Tauros|Body Slam|p1a: Snorlax\n|-damage|p1a: Snorlax|23/100\n|move|p1a: Snorlax|Body Slam|p2a: Tauros\n|-damage|p2a: Tauros|8/100\n|\n|upkeep\n|turn|64\n|\n|t:|1740936585\n|move|p2a: Tauros|Body Slam|p1a: Snorlax\n|-damage|p1a: Snorlax|0 fnt\n|faint|p1a: Snorlax\n|\n|t:|1740936587\n|switch|p1a: Tauros|Tauros|100/100\n|turn|65\n|inactive|spies rby has 270 seconds left.\n|inactive|spies rby has 240 seconds left.\n|\n|t:|1740936655\n|move|p2a: Tauros|Hyper Beam|p1a: Tauros\n|-crit|p1a: Tauros\n|-damage|p1a: Tauros|0 fnt\n|faint|p1a: Tauros\n|inactive|WarumFelix has 270 seconds left.\n|inactive|WarumFelix has 240 seconds left.\n|\n|t:|1740936692\n|switch|p1a: Starmie|Starmie|100/100 par\n|turn|66\n|inactive|spies rby has 240 seconds left.\n|\n|t:|1740936705\n|move|p2a: Tauros|Hyper Beam|p1a: Starmie\n|-damage|p1a: Starmie|37/100 par\n|-mustrecharge|p2a: Tauros\n|move|p1a: Starmie|Recover|p1a: Starmie\n|-heal|p1a: Starmie|87/100 par\n|\n|upkeep\n|turn|67\n|\n|t:|1740936709\n|cant|p2a: Tauros|recharge\n|cant|p1a: Starmie|par\n|\n|upkeep\n|turn|68\n|\n|t:|1740936712\n|move|p2a: Tauros|Body Slam|p1a: Starmie\n|-damage|p1a: Starmie|51/100 par\n|move|p1a: Starmie|Recover|p1a: Starmie\n|-heal|p1a: Starmie|100/100 par\n|\n|upkeep\n|turn|69\n|inactive|WarumFelix has 270 seconds left.\n|\n|t:|1740936722\n|move|p2a: Tauros|Body Slam|p1a: Starmie\n|-damage|p1a: Starmie|64/100 par\n|cant|p1a: Starmie|par\n|\n|upkeep\n|turn|70\n|\n|t:|1740936730\n|move|p2a: Tauros|Body Slam|p1a: Starmie\n|-damage|p1a: Starmie|31/100 par\n|move|p1a: Starmie|Thunder Wave|p2a: Tauros\n|-status|p2a: Tauros|par\n|\n|upkeep\n|turn|71\n|\n|t:|1740936735\n|cant|p1a: Starmie|par\n|cant|p2a: Tauros|par\n|\n|upkeep\n|turn|72\n|\n|t:|1740936739\n|cant|p1a: Starmie|par\n|move|p2a: Tauros|Rest|p2a: Tauros\n|-status|p2a: Tauros|slp|[from] move: Rest\n|-heal|p2a: Tauros|100/100 slp|[silent]\n|\n|upkeep\n|turn|73\n|\n|t:|1740936743\n|move|p1a: Starmie|Recover|p1a: Starmie\n|-heal|p1a: Starmie|80/100 par\n|cant|p2a: Tauros|slp\n|\n|upkeep\n|turn|74\n|\n|t:|1740936745\n|move|p1a: Starmie|Psychic|p2a: Tauros\n|-damage|p2a: Tauros|60/100 slp\n|-curestatus|p2a: Tauros|slp|[msg]\n|\n|upkeep\n|turn|75\n|\n|t:|1740936753\n|move|p1a: Starmie|Blizzard|p2a: Tauros\n|-crit|p2a: Tauros\n|-damage|p2a: Tauros|0 fnt\n|faint|p2a: Tauros\n|\n|t:|1740936756\n|switch|p2a: Starmie|Starmie|22/100 par\n|turn|76\n|\n|t:|1740936760\n|move|p1a: Starmie|Psychic|p2a: Starmie\n|-crit|p2a: Starmie\n|-resisted|p2a: Starmie\n|-damage|p2a: Starmie|0 fnt\n|faint|p2a: Starmie\n|\n|t:|1740936784\n|switch|p2a: Rhydon|Rhydon|100/100\n|turn|77\n|\n|t:|1740936793\n|move|p2a: Rhydon|Earthquake|p1a: Starmie\n|-damage|p1a: Starmie|28/100 par\n|cant|p1a: Starmie|par\n|\n|upkeep\n|turn|78\n|\n|t:|1740936799\n|move|p2a: Rhydon|Earthquake|p1a: Starmie\n|-damage|p1a: Starmie|0 fnt\n|faint|p1a: Starmie\n|\n|t:|1740936800\n|switch|p1a: Chansey|Chansey|91/100 par\n|turn|79\n|\n|t:|1740936806\n|move|p2a: Rhydon|Earthquake|p1a: Chansey\n|-damage|p1a: Chansey|39/100 par\n|move|p1a: Chansey|Sing|p2a: Rhydon|[miss]\n|-miss|p1a: Chansey\n|\n|upkeep\n|turn|80\n|\n|t:|1740936811\n|move|p2a: Rhydon|Earthquake|p1a: Chansey\n|-damage|p1a: Chansey|0 fnt\n|faint|p1a: Chansey\n|\n|win|spies rby\n|c|☆WarumFelix|ggs\n|c|☆spies rby|ggs\n","uploadtime":1740936811,"views":"1481","formatid":"gen1ou","rating":null,"private":0,"password":null}