{"id":"smogtours-gen1ou-957972","format":"[Gen 1] OU","players":["WaspOrSomething","Deezcastforms"],"log":"|inactive|Battle timer is ON: inactive players will automatically lose when time's up.\n|t:|1784596293\n|gametype|singles\n|player|p1|WaspOrSomething|#beeorsomething|\n|player|p2|Deezcastforms|#adpl8|\n|gen|1\n|tier|[Gen 1] OU\n|rule|Desync Clause Mod: Desyncs resolve to link battle behavior from the acting player's perspective.\n|rule|HP Percentage Mod: HP is shown in percentages\n|rule|Endless Battle Clause: Forcing endless battles is banned\n|rule|Sleep Clause Mod: Limit one foe put to sleep\n|rule|Freeze Clause Mod: Limit one foe frozen\n|rule|Species Clause: Limit one of each Pokémon\n|rule|OHKO Clause: OHKO moves are banned\n|rule|Evasion Moves Clause: Evasion moves are banned\n|\n|t:|1784596293\n|teamsize|p1|6\n|teamsize|p2|6\n|start\n|switch|p1a: Patrick|Starmie|100/100\n|switch|p2a: Gengar|Gengar|100/100\n|turn|1\n|c|☆WaspOrSomething|glhf\n|c|☆Deezcastforms|hf\n|inactive|Deezcastforms has 270 seconds left.\n|\n|t:|1784596324\n|move|p1a: Patrick|Blizzard|p2a: Gengar\n|-damage|p2a: Gengar|77/100\n|move|p2a: Gengar|Hypnosis|p1a: Patrick\n|-status|p1a: Patrick|slp|[from] move: Hypnosis\n|\n|upkeep\n|turn|2\n|inactive|Deezcastforms has 270 seconds left.\n|\n|t:|1784596373\n|switch|p1a: Eggy|Exeggutor|100/100\n|move|p2a: Gengar|Explosion|p1a: Eggy\n|-damage|p1a: Eggy|46/100\n|faint|p2a: Gengar\n|\n|t:|1784596389\n|switch|p2a: Cloyster|Cloyster|100/100\n|turn|3\n|\n|t:|1784596395\n|switch|p1a: Patrick|Starmie|100/100 slp\n|move|p2a: Cloyster|Blizzard|p1a: Patrick\n|-resisted|p1a: Patrick\n|-damage|p1a: Patrick|79/100 slp\n|\n|upkeep\n|turn|4\n|inactive|WaspOrSomething has 270 seconds left.\n|\n|t:|1784596443\n|switch|p1a: Blob|Chansey|100/100\n|switch|p2a: Tauros|Tauros|100/100\n|\n|upkeep\n|turn|5\n|inactive|Deezcastforms has 240 seconds left.\n|inactive|Deezcastforms has 210 seconds left.\n|\n|t:|1784596515\n|switch|p2a: Exeggutor|Exeggutor|100/100\n|move|p1a: Blob|Sing|p2a: Exeggutor\n|-status|p2a: Exeggutor|slp|[from] move: Sing\n|\n|upkeep\n|turn|6\n|\n|t:|1784596528\n|-curestatus|p2a: Exeggutor|slp|[msg]\n|move|p1a: Blob|Seismic Toss|p2a: Exeggutor\n|-damage|p2a: Exeggutor|75/100\n|\n|upkeep\n|turn|7\n|\n|t:|1784596535\n|switch|p1a: Eggy|Exeggutor|46/100\n|move|p2a: Exeggutor|Stun Spore|p1a: Eggy\n|-status|p1a: Eggy|par\n|\n|upkeep\n|turn|8\n|inactive|Deezcastforms has 180 seconds left.\n|inactive|WaspOrSomething has 270 seconds left.\n|inactive|Deezcastforms has 150 seconds left.\n|inactive|Deezcastforms has 120 seconds left.\n|\n|t:|1784596642\n|move|p2a: Exeggutor|Psychic|p1a: Eggy\n|-resisted|p1a: Eggy\n|-damage|p1a: Eggy|33/100 par\n|move|p1a: Eggy|Sleep Powder|p2a: Exeggutor\n|-status|p2a: Exeggutor|slp|[from] move: Sleep Powder\n|\n|upkeep\n|turn|9\n|inactive|WaspOrSomething has 240 seconds left.\n|inactive|WaspOrSomething has 210 seconds left.\n|\n|t:|1784596711\n|-curestatus|p2a: Exeggutor|slp|[msg]\n|move|p1a: Eggy|Explosion|p2a: Exeggutor\n|-crit|p2a: Exeggutor\n|-damage|p2a: Exeggutor|0 fnt\n|faint|p2a: Exeggutor\n|faint|p1a: Eggy\n|inactive|Deezcastforms has 90 seconds left.\n|\n|t:|1784596736\n|switch|p2a: Chansey|Chansey|100/100\n|switch|p1a: Me On Weekends|Snorlax|100/100\n|turn|10\n|inactive|Deezcastforms has 90 seconds left.\n|\n|t:|1784596746\n|move|p2a: Chansey|Thunder Wave|p1a: Me On Weekends\n|-status|p1a: Me On Weekends|par\n|move|p1a: Me On Weekends|Body Slam|p2a: Chansey\n|-damage|p2a: Chansey|61/100\n|\n|upkeep\n|turn|11\n|inactive|Deezcastforms has 90 seconds left.\n|\n|t:|1784596755\n|switch|p1a: Blob|Chansey|100/100\n|move|p2a: Chansey|Soft-Boiled|p2a: Chansey\n|-heal|p2a: Chansey|100/100\n|\n|upkeep\n|turn|12\n|\n|t:|1784596759\n|move|p1a: Blob|Sing|p2a: Chansey\n|-status|p2a: Chansey|slp|[from] move: Sing\n|cant|p2a: Chansey|slp\n|\n|upkeep\n|turn|13\n|\n|t:|1784596768\n|cant|p2a: Chansey|slp\n|move|p1a: Blob|Seismic Toss|p2a: Chansey\n|-damage|p2a: Chansey|86/100 slp\n|\n|upkeep\n|turn|14\n|\n|t:|1784596772\n|switch|p1a: Raging Bull|Tauros|100/100\n|cant|p2a: Chansey|slp\n|\n|upkeep\n|turn|15\n|\n|t:|1784596775\n|switch|p2a: Cloyster|Cloyster|100/100\n|move|p1a: Raging Bull|Body Slam|p2a: Cloyster\n|-damage|p2a: Cloyster|80/100\n|\n|upkeep\n|turn|16\n|\n|t:|1784596783\n|move|p1a: Raging Bull|Body Slam|p2a: Cloyster\n|-crit|p2a: Cloyster\n|-damage|p2a: Cloyster|40/100\n|move|p2a: Cloyster|Blizzard|p1a: Raging Bull|[miss]\n|-miss|p2a: Cloyster\n|\n|upkeep\n|turn|17\n|inactive|WaspOrSomething has 240 seconds left.\n|inactive|Deezcastforms has 120 seconds left.\n|\n|t:|1784596806\n|move|p1a: Raging Bull|Body Slam|p2a: Cloyster\n|-damage|p2a: Cloyster|19/100\n|-status|p2a: Cloyster|par\n|move|p2a: Cloyster|Blizzard|p1a: Raging Bull\n|-damage|p1a: Raging Bull|54/100\n|\n|upkeep\n|turn|18\n|inactive|Deezcastforms has 120 seconds left.\n|\n|t:|1784596821\n|move|p1a: Raging Bull|Body Slam|p2a: Cloyster\n|-damage|p2a: Cloyster|0 fnt\n|faint|p2a: Cloyster\n|\n|t:|1784596825\n|switch|p2a: Tauros|Tauros|100/100\n|turn|19\n|\n|t:|1784596834\n|switch|p1a: Patrick|Starmie|79/100 slp\n|move|p2a: Tauros|Body Slam|p1a: Patrick\n|-damage|p1a: Patrick|46/100 slp\n|\n|upkeep\n|turn|20\n|\n|t:|1784596844\n|-curestatus|p1a: Patrick|slp|[msg]\n|move|p2a: Tauros|Hyper Beam|p1a: Patrick\n|-damage|p1a: Patrick|0 fnt\n|faint|p1a: Patrick\n|\n|t:|1784596852\n|switch|p1a: Do Not|Cloyster|100/100\n|turn|21\n|inactive|WaspOrSomething has 270 seconds left.\n|inactive|Deezcastforms has 120 seconds left.\n|\n|t:|1784596887\n|switch|p2a: Chansey|Chansey|86/100 slp\n|move|p1a: Do Not|Blizzard|p2a: Chansey\n|-damage|p2a: Chansey|69/100 slp\n|\n|upkeep\n|turn|22\n|inactive|WaspOrSomething has 270 seconds left.\n|\n|t:|1784596903\n|switch|p1a: Raging Bull|Tauros|54/100\n|switch|p2a: Tauros|Tauros|100/100\n|\n|upkeep\n|turn|23\n|inactive|WaspOrSomething has 270 seconds left.\n|inactive|WaspOrSomething has 240 seconds left.\n|\n|t:|1784596940\n|switch|p1a: Do Not|Cloyster|100/100\n|move|p2a: Tauros|Body Slam|p1a: Do Not\n|-damage|p1a: Do Not|78/100\n|\n|upkeep\n|turn|24\n|inactive|Deezcastforms has 120 seconds left.\n|\n|t:|1784596950\n|move|p2a: Tauros|Body Slam|p1a: Do Not\n|-damage|p1a: Do Not|57/100\n|move|p1a: Do Not|Blizzard|p2a: Tauros\n|-damage|p2a: Tauros|57/100\n|\n|upkeep\n|turn|25\n|inactive|Deezcastforms has 120 seconds left.\n|\n|t:|1784596956\n|switch|p2a: Rhydon|Rhydon|100/100\n|move|p1a: Do Not|Blizzard|p2a: Rhydon\n|-supereffective|p2a: Rhydon\n|-damage|p2a: Rhydon|8/100\n|\n|upkeep\n|turn|26\n|inactive|Deezcastforms has 120 seconds left.\n|\n|t:|1784596967\n|switch|p2a: Chansey|Chansey|69/100 slp\n|move|p1a: Do Not|Blizzard|p2a: Chansey\n|-damage|p2a: Chansey|52/100 slp\n|\n|upkeep\n|turn|27\n|inactive|WaspOrSomething has 270 seconds left.\n|\n|t:|1784596978\n|switch|p1a: Raging Bull|Tauros|54/100\n|cant|p2a: Chansey|slp\n|\n|upkeep\n|turn|28\n|inactive|WaspOrSomething has 270 seconds left.\n|\n|t:|1784596988\n|switch|p2a: Rhydon|Rhydon|8/100\n|move|p1a: Raging Bull|Hyper Beam|p2a: Rhydon\n|-resisted|p2a: Rhydon\n|-damage|p2a: Rhydon|0 fnt\n|faint|p2a: Rhydon\n|\n|t:|1784596991\n|switch|p2a: Tauros|Tauros|57/100\n|turn|29\n|\n|t:|1784596997\n|move|p2a: Tauros|Body Slam|p1a: Raging Bull\n|-damage|p1a: Raging Bull|23/100\n|move|p1a: Raging Bull|Body Slam|p2a: Tauros\n|-crit|p2a: Tauros\n|-damage|p2a: Tauros|4/100\n|\n|upkeep\n|turn|30\n|\n|t:|1784597005\n|move|p2a: Tauros|Body Slam|p1a: Raging Bull\n|-damage|p1a: Raging Bull|0 fnt\n|faint|p1a: Raging Bull\n|\n|t:|1784597009\n|switch|p1a: Me On Weekends|Snorlax|100/100 par\n|turn|31\n|\n|t:|1784597016\n|move|p2a: Tauros|Rest|p2a: Tauros\n|-status|p2a: Tauros|slp|[from] move: Rest\n|-heal|p2a: Tauros|100/100 slp|[silent]\n|move|p1a: Me On Weekends|Body Slam|p2a: Tauros\n|-damage|p2a: Tauros|68/100 slp\n|\n|upkeep\n|turn|32\n|\n|t:|1784597027\n|cant|p2a: Tauros|slp\n|move|p1a: Me On Weekends|Self-Destruct|p2a: Tauros\n|-damage|p2a: Tauros|0 fnt\n|faint|p2a: Tauros\n|faint|p1a: Me On Weekends\n|\n|t:|1784597033\n|switch|p2a: Chansey|Chansey|52/100 slp\n|switch|p1a: Do Not|Cloyster|57/100\n|turn|33\n|\n|t:|1784597041\n|move|p1a: Do Not|Blizzard|p2a: Chansey\n|-damage|p2a: Chansey|35/100 slp\n|-curestatus|p2a: Chansey|slp|[msg]\n|\n|upkeep\n|turn|34\n|\n|t:|1784597048\n|move|p1a: Do Not|Explosion|p2a: Chansey\n|-damage|p2a: Chansey|0 fnt\n|faint|p2a: Chansey\n|faint|p1a: Do Not\n|\n|win|WaspOrSomething\n|c|☆WaspOrSomething|jee jee\n","uploadtime":1784597048,"views":"70","formatid":"gen1ou","rating":null,"private":0,"password":null}