{"id":"smogtours-gen1ou-958605","format":"[Gen 1] OU","players":["1000papercranes","oakdeon"],"log":"|inactive|Battle timer is ON: inactive players will automatically lose when time's up.\n|t:|1784927071\n|gametype|singles\n|player|p1|1000papercranes|psychic-gen1rb|\n|player|p2|oakdeon|#adpl|\n|gen|1\n|tier|[Gen 1] OU\n|rule|Desync Clause Mod: Desyncs resolve to link battle behavior from the acting player's perspective.\n|rule|HP Percentage Mod: HP is shown in percentages\n|rule|Endless Battle Clause: Forcing endless battles is banned\n|rule|Sleep Clause Mod: Limit one foe put to sleep\n|rule|Freeze Clause Mod: Limit one foe frozen\n|rule|Species Clause: Limit one of each Pokémon\n|rule|OHKO Clause: OHKO moves are banned\n|rule|Evasion Moves Clause: Evasion moves are banned\n|\n|t:|1784927071\n|teamsize|p1|6\n|teamsize|p2|6\n|start\n|switch|p1a: Alakazam|Alakazam|100/100\n|switch|p2a: Alakazam|Alakazam|100/100\n|turn|1\n|c|☆oakdeon|hf\n|c|☆1000papercranes|GL HF\n|inactive|oakdeon has 270 seconds left.\n|c|☆oakdeon|U2 bro\n|inactive|1000papercranes has 270 seconds left.\n|\n|t:|1784927109\n|switch|p2a: Exeggutor|Exeggutor|100/100\n|switch|p1a: Exeggutor|Exeggutor|100/100\n|\n|upkeep\n|turn|2\n|\n|t:|1784927113\n|move|p1a: Exeggutor|Sleep Powder|p2a: Exeggutor\n|-status|p2a: Exeggutor|slp|[from] move: Sleep Powder\n|cant|p2a: Exeggutor|slp\n|\n|upkeep\n|turn|3\n|\n|t:|1784927118\n|switch|p1a: Tauros|Tauros|100/100\n|cant|p2a: Exeggutor|slp\n|\n|upkeep\n|turn|4\n|\n|t:|1784927135\n|move|p1a: Tauros|Body Slam|p2a: Exeggutor\n|-damage|p2a: Exeggutor|71/100 slp\n|-curestatus|p2a: Exeggutor|slp|[msg]\n|\n|upkeep\n|turn|5\n|\n|t:|1784927139\n|switch|p1a: Jynx|Jynx|100/100\n|move|p2a: Exeggutor|Sleep Powder|p1a: Jynx\n|-status|p1a: Jynx|slp|[from] move: Sleep Powder\n|\n|upkeep\n|turn|6\n|\n|t:|1784927153\n|cant|p1a: Jynx|slp\n|move|p2a: Exeggutor|Psychic|p1a: Jynx\n|-resisted|p1a: Jynx\n|-damage|p1a: Jynx|82/100 slp\n|-unboost|p1a: Jynx|spa|1\n|-unboost|p1a: Jynx|spd|1\n|\n|upkeep\n|turn|7\n|\n|t:|1784927157\n|switch|p1a: Exeggutor|Exeggutor|100/100\n|move|p2a: Exeggutor|Psychic|p1a: Exeggutor\n|-resisted|p1a: Exeggutor\n|-damage|p1a: Exeggutor|87/100\n|\n|upkeep\n|turn|8\n|inactive|oakdeon has 270 seconds left.\n|\n|t:|1784927191\n|move|p1a: Exeggutor|Sleep Powder|p2a: Exeggutor\n|-status|p2a: Exeggutor|slp|[from] move: Sleep Powder\n|cant|p2a: Exeggutor|slp\n|\n|upkeep\n|turn|9\n|\n|t:|1784927199\n|switch|p2a: Chansey|Chansey|100/100\n|move|p1a: Exeggutor|Psychic|p2a: Chansey\n|-damage|p2a: Chansey|84/100\n|\n|upkeep\n|turn|10\n|\n|t:|1784927209\n|move|p1a: Exeggutor|Stun Spore|p2a: Chansey|[miss]\n|-miss|p1a: Exeggutor\n|move|p2a: Chansey|Thunder Wave|p1a: Exeggutor\n|-status|p1a: Exeggutor|par\n|\n|upkeep\n|turn|11\n|inactive|oakdeon has 270 seconds left.\n|\n|t:|1784927226\n|move|p2a: Chansey|Reflect|p2a: Chansey\n|-start|p2a: Chansey|Reflect\n|move|p1a: Exeggutor|Stun Spore|p2a: Chansey\n|-status|p2a: Chansey|par\n|\n|upkeep\n|turn|12\n|\n|t:|1784927230\n|move|p1a: Exeggutor|Psychic|p2a: Chansey\n|-damage|p2a: Chansey|67/100 par\n|-unboost|p2a: Chansey|spa|1\n|-unboost|p2a: Chansey|spd|1\n|move|p2a: Chansey|Soft-Boiled|p2a: Chansey\n|-heal|p2a: Chansey|100/100 par\n|\n|upkeep\n|turn|13\n|\n|t:|1784927234\n|move|p1a: Exeggutor|Psychic|p2a: Chansey\n|-damage|p2a: Chansey|75/100 par\n|cant|p2a: Chansey|par\n|\n|upkeep\n|turn|14\n|\n|t:|1784927256\n|move|p1a: Exeggutor|Psychic|p2a: Chansey\n|-damage|p2a: Chansey|49/100 par\n|move|p2a: Chansey|Soft-Boiled|p2a: Chansey\n|-heal|p2a: Chansey|99/100 par\n|\n|upkeep\n|turn|15\n|\n|t:|1784927266\n|move|p1a: Exeggutor|Psychic|p2a: Chansey\n|-damage|p2a: Chansey|72/100 par\n|-unboost|p2a: Chansey|spa|1\n|-unboost|p2a: Chansey|spd|1\n|move|p2a: Chansey|Seismic Toss|p1a: Exeggutor\n|-damage|p1a: Exeggutor|62/100 par\n|\n|upkeep\n|turn|16\n|\n|t:|1784927289\n|cant|p1a: Exeggutor|par\n|move|p2a: Chansey|Soft-Boiled|p2a: Chansey\n|-heal|p2a: Chansey|100/100 par\n|\n|upkeep\n|turn|17\n|\n|t:|1784927293\n|move|p1a: Exeggutor|Psychic|p2a: Chansey\n|-damage|p2a: Chansey|65/100 par\n|move|p2a: Chansey|Seismic Toss|p1a: Exeggutor\n|-damage|p1a: Exeggutor|36/100 par\n|\n|upkeep\n|turn|18\n|\n|t:|1784927310\n|switch|p2a: Exeggutor|Exeggutor|71/100 slp\n|move|p1a: Exeggutor|Psychic|p2a: Exeggutor\n|-resisted|p2a: Exeggutor\n|-damage|p2a: Exeggutor|57/100 slp\n|-unboost|p2a: Exeggutor|spa|1\n|-unboost|p2a: Exeggutor|spd|1\n|\n|upkeep\n|turn|19\n|\n|t:|1784927317\n|switch|p2a: Starmie|Starmie|100/100\n|switch|p1a: Snorlax|Snorlax|100/100\n|\n|upkeep\n|turn|20\n|\n|t:|1784927323\n|switch|p1a: Exeggutor|Exeggutor|36/100 par\n|move|p2a: Starmie|Thunder Wave|p1a: Exeggutor\n|-fail|p1a: Exeggutor|par\n|\n|upkeep\n|turn|21\n|\n|t:|1784927330\n|switch|p2a: Chansey|Chansey|65/100 par\n|switch|p1a: Starmie|Starmie|100/100\n|\n|upkeep\n|turn|22\n|\n|t:|1784927337\n|switch|p1a: Snorlax|Snorlax|100/100\n|move|p2a: Chansey|Reflect|p2a: Chansey\n|-start|p2a: Chansey|Reflect\n|\n|upkeep\n|turn|23\n|\n|t:|1784927341\n|switch|p1a: Exeggutor|Exeggutor|36/100 par\n|move|p2a: Chansey|Thunder Wave|p1a: Exeggutor\n|-fail|p1a: Exeggutor|par\n|\n|upkeep\n|turn|24\n|\n|t:|1784927345\n|move|p1a: Exeggutor|Explosion|p2a: Chansey\n|-damage|p2a: Chansey|18/100 par\n|faint|p1a: Exeggutor\n|\n|t:|1784927350\n|switch|p1a: Snorlax|Snorlax|100/100\n|turn|25\n|\n|t:|1784927364\n|move|p1a: Snorlax|Body Slam|p2a: Chansey\n|-damage|p2a: Chansey|0 fnt\n|faint|p2a: Chansey\n|\n|t:|1784927371\n|switch|p2a: Snorlax|Snorlax|100/100\n|turn|26\n|\n|t:|1784927374\n|move|p2a: Snorlax|Reflect|p2a: Snorlax\n|-start|p2a: Snorlax|Reflect\n|move|p1a: Snorlax|Counter|p2a: Snorlax\n|-fail|p1a: Snorlax\n|\n|upkeep\n|turn|27\n|\n|t:|1784927377\n|move|p2a: Snorlax|Ice Beam|p1a: Snorlax\n|-damage|p1a: Snorlax|86/100\n|move|p1a: Snorlax|Body Slam|p2a: Snorlax\n|-damage|p2a: Snorlax|86/100\n|\n|upkeep\n|turn|28\n|\n|t:|1784927381\n|move|p1a: Snorlax|Body Slam|p2a: Snorlax\n|-damage|p2a: Snorlax|72/100\n|move|p2a: Snorlax|Ice Beam|p1a: Snorlax\n|-damage|p1a: Snorlax|73/100\n|\n|upkeep\n|turn|29\n|\n|t:|1784927387\n|switch|p1a: Starmie|Starmie|100/100\n|move|p2a: Snorlax|Ice Beam|p1a: Starmie\n|-resisted|p1a: Starmie\n|-damage|p1a: Starmie|92/100\n|\n|upkeep\n|turn|30\n|\n|t:|1784927412\n|move|p1a: Starmie|Thunder Wave|p2a: Snorlax\n|-status|p2a: Snorlax|par\n|move|p2a: Snorlax|Body Slam|p1a: Starmie\n|-damage|p1a: Starmie|53/100\n|\n|upkeep\n|turn|31\n|\n|t:|1784927419\n|move|p1a: Starmie|Blizzard|p2a: Snorlax\n|-damage|p2a: Snorlax|48/100 par\n|move|p2a: Snorlax|Body Slam|p1a: Starmie\n|-damage|p1a: Starmie|15/100\n|\n|upkeep\n|turn|32\n|\n|t:|1784927426\n|move|p1a: Starmie|Recover|p1a: Starmie\n|-heal|p1a: Starmie|65/100\n|move|p2a: Snorlax|Body Slam|p1a: Starmie\n|-damage|p1a: Starmie|27/100\n|-status|p1a: Starmie|par\n|\n|upkeep\n|turn|33\n|\n|t:|1784927431\n|move|p1a: Starmie|Recover|p1a: Starmie\n|-heal|p1a: Starmie|76/100 par\n|cant|p2a: Snorlax|par\n|\n|upkeep\n|turn|34\n|\n|t:|1784927436\n|cant|p1a: Starmie|par\n|move|p2a: Snorlax|Rest|p2a: Snorlax\n|-status|p2a: Snorlax|slp|[from] move: Rest\n|-heal|p2a: Snorlax|100/100 slp|[silent]\n|\n|upkeep\n|turn|35\n|\n|t:|1784927438\n|move|p1a: Starmie|Blizzard|p2a: Snorlax\n|-damage|p2a: Snorlax|77/100 slp\n|cant|p2a: Snorlax|slp\n|\n|upkeep\n|turn|36\n|\n|t:|1784927442\n|cant|p1a: Starmie|par\n|-curestatus|p2a: Snorlax|slp|[msg]\n|\n|upkeep\n|turn|37\n|\n|t:|1784927446\n|move|p1a: Starmie|Thunder Wave|p2a: Snorlax\n|-status|p2a: Snorlax|par\n|move|p2a: Snorlax|Body Slam|p1a: Starmie\n|-damage|p1a: Starmie|37/100 par\n|\n|upkeep\n|turn|38\n|\n|t:|1784927448\n|move|p1a: Starmie|Recover|p1a: Starmie\n|-heal|p1a: Starmie|87/100 par\n|move|p2a: Snorlax|Body Slam|p1a: Starmie\n|-damage|p1a: Starmie|51/100 par\n|\n|upkeep\n|turn|39\n|\n|t:|1784927450\n|cant|p1a: Starmie|par\n|cant|p2a: Snorlax|par\n|\n|upkeep\n|turn|40\n|\n|t:|1784927451\n|move|p1a: Starmie|Recover|p1a: Starmie\n|-heal|p1a: Starmie|100/100 par\n|cant|p2a: Snorlax|par\n|\n|upkeep\n|turn|41\n|\n|t:|1784927453\n|cant|p1a: Starmie|par\n|move|p2a: Snorlax|Body Slam|p1a: Starmie\n|-damage|p1a: Starmie|63/100 par\n|\n|upkeep\n|turn|42\n|\n|t:|1784927455\n|cant|p1a: Starmie|par\n|cant|p2a: Snorlax|par\n|\n|upkeep\n|turn|43\n|\n|t:|1784927457\n|move|p1a: Starmie|Recover|p1a: Starmie\n|-heal|p1a: Starmie|100/100 par\n|move|p2a: Snorlax|Body Slam|p1a: Starmie\n|-damage|p1a: Starmie|63/100 par\n|\n|upkeep\n|turn|44\n|\n|t:|1784927462\n|cant|p1a: Starmie|par\n|move|p2a: Snorlax|Body Slam|p1a: Starmie\n|-damage|p1a: Starmie|26/100 par\n|\n|upkeep\n|turn|45\n|\n|t:|1784927463\n|cant|p1a: Starmie|par\n|cant|p2a: Snorlax|par\n|\n|upkeep\n|turn|46\n|\n|t:|1784927466\n|cant|p1a: Starmie|par\n|move|p2a: Snorlax|Body Slam|p1a: Starmie\n|-damage|p1a: Starmie|0 fnt\n|faint|p1a: Starmie\n|\n|t:|1784927470\n|switch|p1a: Alakazam|Alakazam|100/100\n|turn|47\n|inactive|oakdeon has 270 seconds left.\n|inactive|oakdeon has 240 seconds left.\n|\n|t:|1784927556\n|move|p1a: Alakazam|Psychic|p2a: Snorlax\n|-damage|p2a: Snorlax|45/100 par\n|move|p2a: Snorlax|Body Slam|p1a: Alakazam\n|-damage|p1a: Alakazam|46/100\n|-status|p1a: Alakazam|par\n|\n|upkeep\n|turn|48\n|\n|t:|1784927562\n|move|p1a: Alakazam|Psychic|p2a: Snorlax\n|-crit|p2a: Snorlax\n|-damage|p2a: Snorlax|0 fnt\n|faint|p2a: Snorlax\n|\n|t:|1784927565\n|switch|p2a: Tauros|Tauros|100/100\n|turn|49\n|\n|t:|1784927568\n|switch|p1a: Jynx|Jynx|82/100 slp\n|move|p2a: Tauros|Body Slam|p1a: Jynx\n|-damage|p1a: Jynx|33/100 slp\n|\n|upkeep\n|turn|50\n|inactive|oakdeon has 240 seconds left.\n|\n|t:|1784927583\n|move|p2a: Tauros|Earthquake|p1a: Jynx\n|-damage|p1a: Jynx|0 fnt\n|faint|p1a: Jynx\n|\n|t:|1784927585\n|switch|p1a: Tauros|Tauros|100/100\n|turn|51\n|inactive|oakdeon has 240 seconds left.\n|\n|t:|1784927617\n|move|p2a: Tauros|Body Slam|p1a: Tauros\n|-damage|p1a: Tauros|72/100\n|move|p1a: Tauros|Body Slam|p2a: Tauros\n|-crit|p2a: Tauros\n|-damage|p2a: Tauros|48/100\n|\n|upkeep\n|turn|52\n|\n|t:|1784927631\n|move|p2a: Tauros|Body Slam|p1a: Tauros\n|-damage|p1a: Tauros|45/100\n|move|p1a: Tauros|Hyper Beam|p2a: Tauros\n|-damage|p2a: Tauros|0 fnt\n|faint|p2a: Tauros\n|\n|t:|1784927638\n|switch|p2a: Alakazam|Alakazam|100/100\n|turn|53\n|\n|t:|1784927660\n|move|p2a: Alakazam|Psychic|p1a: Tauros\n|-damage|p1a: Tauros|0 fnt\n|faint|p1a: Tauros\n|\n|t:|1784927662\n|switch|p1a: Alakazam|Alakazam|46/100 par\n|turn|54\n|\n|t:|1784927671\n|move|p2a: Alakazam|Psychic|p1a: Alakazam\n|-crit|p1a: Alakazam\n|-resisted|p1a: Alakazam\n|-damage|p1a: Alakazam|11/100 par\n|move|p1a: Alakazam|Recover|p1a: Alakazam\n|-heal|p1a: Alakazam|61/100 par\n|\n|upkeep\n|turn|55\n|\n|t:|1784927675\n|move|p2a: Alakazam|Psychic|p1a: Alakazam\n|-resisted|p1a: Alakazam\n|-damage|p1a: Alakazam|44/100 par\n|move|p1a: Alakazam|Recover|p1a: Alakazam\n|-heal|p1a: Alakazam|93/100 par\n|\n|upkeep\n|turn|56\n|\n|t:|1784927678\n|move|p2a: Alakazam|Psychic|p1a: Alakazam\n|-resisted|p1a: Alakazam\n|-damage|p1a: Alakazam|77/100 par\n|move|p1a: Alakazam|Thunder Wave|p2a: Alakazam\n|-status|p2a: Alakazam|par\n|\n|upkeep\n|turn|57\n|\n|t:|1784927681\n|move|p1a: Alakazam|Seismic Toss|p2a: Alakazam\n|-damage|p2a: Alakazam|69/100 par\n|move|p2a: Alakazam|Seismic Toss|p1a: Alakazam\n|-damage|p1a: Alakazam|45/100 par\n|\n|upkeep\n|turn|58\n|\n|t:|1784927685\n|move|p2a: Alakazam|Psychic|p1a: Alakazam\n|-resisted|p1a: Alakazam\n|-damage|p1a: Alakazam|27/100 par\n|cant|p1a: Alakazam|par\n|\n|upkeep\n|turn|59\n|\n|t:|1784927688\n|move|p1a: Alakazam|Recover|p1a: Alakazam\n|-heal|p1a: Alakazam|77/100 par\n|move|p2a: Alakazam|Seismic Toss|p1a: Alakazam\n|-damage|p1a: Alakazam|45/100 par\n|\n|upkeep\n|turn|60\n|\n|t:|1784927690\n|move|p2a: Alakazam|Seismic Toss|p1a: Alakazam\n|-damage|p1a: Alakazam|13/100 par\n|move|p1a: Alakazam|Recover|p1a: Alakazam\n|-heal|p1a: Alakazam|63/100 par\n|\n|upkeep\n|turn|61\n|\n|t:|1784927693\n|move|p1a: Alakazam|Recover|p1a: Alakazam\n|-heal|p1a: Alakazam|100/100 par\n|cant|p2a: Alakazam|par\n|\n|upkeep\n|turn|62\n|\n|t:|1784927698\n|move|p1a: Alakazam|Psychic|p2a: Alakazam\n|-crit|p2a: Alakazam\n|-resisted|p2a: Alakazam\n|-damage|p2a: Alakazam|36/100 par\n|-unboost|p2a: Alakazam|spa|1\n|-unboost|p2a: Alakazam|spd|1\n|move|p2a: Alakazam|Recover|p2a: Alakazam\n|-heal|p2a: Alakazam|86/100 par\n|\n|upkeep\n|turn|63\n|\n|t:|1784927703\n|switch|p2a: Exeggutor|Exeggutor|57/100 slp\n|move|p1a: Alakazam|Seismic Toss|p2a: Exeggutor\n|-damage|p2a: Exeggutor|32/100 slp\n|\n|upkeep\n|turn|64\n|\n|t:|1784927706\n|cant|p2a: Exeggutor|slp\n|move|p1a: Alakazam|Seismic Toss|p2a: Exeggutor\n|-damage|p2a: Exeggutor|6/100 slp\n|\n|upkeep\n|turn|65\n|\n|t:|1784927707\n|cant|p2a: Exeggutor|slp\n|move|p1a: Alakazam|Seismic Toss|p2a: Exeggutor\n|-damage|p2a: Exeggutor|0 fnt\n|faint|p2a: Exeggutor\n|\n|t:|1784927710\n|switch|p2a: Alakazam|Alakazam|86/100 par\n|turn|66\n|\n|t:|1784927714\n|cant|p2a: Alakazam|par\n|move|p1a: Alakazam|Seismic Toss|p2a: Alakazam\n|-damage|p2a: Alakazam|54/100 par\n|\n|upkeep\n|turn|67\n|\n|t:|1784927733\n|move|p2a: Alakazam|Thunder Wave|p1a: Alakazam\n|-fail|p1a: Alakazam|par\n|move|p1a: Alakazam|Seismic Toss|p2a: Alakazam\n|-damage|p2a: Alakazam|22/100 par\n|\n|upkeep\n|turn|68\n|\n|t:|1784927746\n|move|p2a: Alakazam|Thunder Wave|p1a: Alakazam\n|-fail|p1a: Alakazam|par\n|move|p1a: Alakazam|Seismic Toss|p2a: Alakazam\n|-damage|p2a: Alakazam|0 fnt\n|faint|p2a: Alakazam\n|\n|t:|1784927748\n|switch|p2a: Starmie|Starmie|100/100\n|turn|69\n|\n|t:|1784927756\n|move|p2a: Starmie|Surf|p1a: Alakazam\n|-damage|p1a: Alakazam|72/100 par\n|move|p1a: Alakazam|Thunder Wave|p2a: Starmie\n|-status|p2a: Starmie|par\n|\n|upkeep\n|turn|70\n|\n|t:|1784927779\n|move|p1a: Alakazam|Seismic Toss|p2a: Starmie\n|-damage|p2a: Starmie|70/100 par\n|cant|p2a: Starmie|par\n|\n|upkeep\n|turn|71\n|\n|t:|1784927782\n|move|p1a: Alakazam|Seismic Toss|p2a: Starmie\n|-damage|p2a: Starmie|39/100 par\n|move|p2a: Starmie|Surf|p1a: Alakazam\n|-damage|p1a: Alakazam|44/100 par\n|\n|upkeep\n|turn|72\n|\n|t:|1784927784\n|switch|p1a: Snorlax|Snorlax|73/100\n|move|p2a: Starmie|Recover|p2a: Starmie\n|-heal|p2a: Starmie|88/100 par\n|\n|upkeep\n|turn|73\n|\n|t:|1784927787\n|move|p1a: Snorlax|Self-Destruct|p2a: Starmie\n|-damage|p2a: Starmie|0 fnt\n|faint|p2a: Starmie\n|faint|p1a: Snorlax\n|\n|win|1000papercranes\n|c|☆1000papercranes|Gg\n|c|☆oakdeon|gg\n|player|p2|\n|player|p1|\n","uploadtime":1784927787,"views":"62","formatid":"gen1ou","rating":null,"private":0,"password":null}