{"id":"smogtours-gen1ou-817393","format":"[Gen 1] OU","players":["nicole7735","Kaz"],"log":"|inactive|Battle timer is ON: inactive players will automatically lose when time's up.\n|t:|1738445184\n|gametype|singles\n|player|p1|nicole7735|#splxvisharks2|\n|player|p2|Kaz|#splxviclassiest2|\n|teamsize|p1|6\n|teamsize|p2|6\n|gen|1\n|tier|[Gen 1] OU\n|rule|Desync Clause Mod: Desyncs changed to move failure.\n|rule|Sleep Clause Mod: Limit one foe put to sleep\n|rule|Freeze Clause Mod: Limit one foe frozen\n|rule|Species Clause: Limit one of each Pokémon\n|rule|OHKO Clause: OHKO moves are banned\n|rule|Evasion Moves Clause: Evasion moves are banned\n|rule|Endless Battle Clause: Forcing endless battles is banned\n|rule|HP Percentage Mod: HP is shown in percentages\n|\n|t:|1738445184\n|start\n|switch|p1a: Jynx|Jynx|100/100\n|switch|p2a: Starmie|Starmie|100/100\n|turn|1\n|c|☆nicole7735|hf\n|c|☆Kaz|gl gf\n|\n|t:|1738445201\n|switch|p1a: Chansey|Chansey|100/100\n|move|p2a: Starmie|Thunder Wave|p1a: Chansey\n|-status|p1a: Chansey|par\n|\n|upkeep\n|turn|2\n|\n|t:|1738445208\n|switch|p1a: Jynx|Jynx|100/100\n|move|p2a: Starmie|Psychic|p1a: Jynx\n|-resisted|p1a: Jynx\n|-damage|p1a: Jynx|85/100\n|-unboost|p1a: Jynx|spa|1\n|-unboost|p1a: Jynx|spd|1\n|\n|upkeep\n|turn|3\n|\n|t:|1738445212\n|move|p2a: Starmie|Thunder Wave|p1a: Jynx\n|-status|p1a: Jynx|par\n|move|p1a: Jynx|Lovely Kiss|p2a: Starmie\n|-status|p2a: Starmie|slp|[from] move: Lovely Kiss\n|\n|upkeep\n|turn|4\n|inactive|Kaz has 270 seconds left.\n|\n|t:|1738445254\n|switch|p2a: Tauros|Tauros|100/100\n|switch|p1a: Tauros|Tauros|100/100\n|\n|upkeep\n|turn|5\n|\n|t:|1738445261\n|move|p1a: Tauros|Body Slam|p2a: Tauros\n|-damage|p2a: Tauros|72/100\n|move|p2a: Tauros|Body Slam|p1a: Tauros\n|-damage|p1a: Tauros|70/100\n|\n|upkeep\n|turn|6\n|rated|Smogon Premier League\n|\n|t:|1738445269\n|move|p2a: Tauros|Blizzard|p1a: Tauros\n|-crit|p1a: Tauros\n|-damage|p1a: Tauros|22/100\n|move|p1a: Tauros|Body Slam|p2a: Tauros\n|-damage|p2a: Tauros|43/100\n|\n|upkeep\n|turn|7\n|inactive|Kaz has 270 seconds left.\n|inactive|nicole7735 has 270 seconds left.\n|\n|t:|1738445309\n|move|p1a: Tauros|Hyper Beam|p2a: Tauros\n|-damage|p2a: Tauros|0 fnt\n|faint|p2a: Tauros\n|\n|t:|1738445315\n|switch|p2a: Alakazam|Alakazam|100/100\n|turn|8\n|inactive|nicole7735 has 270 seconds left.\n|\n|t:|1738445329\n|switch|p1a: Chansey|Chansey|100/100 par\n|move|p2a: Alakazam|Psychic|p1a: Chansey\n|-damage|p1a: Chansey|83/100 par\n|-unboost|p1a: Chansey|spa|1\n|-unboost|p1a: Chansey|spd|1\n|\n|upkeep\n|turn|9\n|\n|t:|1738445335\n|switch|p2a: Rhydon|Rhydon|100/100\n|move|p1a: Chansey|Thunder Wave|p2a: Rhydon\n|-immune|p2a: Rhydon\n|\n|upkeep\n|turn|10\n|\n|t:|1738445340\n|switch|p1a: Starmie|Starmie|100/100\n|move|p2a: Rhydon|Body Slam|p1a: Starmie\n|-damage|p1a: Starmie|74/100\n|\n|upkeep\n|turn|11\n|\n|t:|1738445353\n|move|p1a: Starmie|Thunder Wave|p2a: Rhydon\n|-immune|p2a: Rhydon\n|move|p2a: Rhydon|Body Slam|p1a: Starmie\n|-damage|p1a: Starmie|46/100\n|\n|upkeep\n|turn|12\n|\n|t:|1738445365\n|move|p1a: Starmie|Recover|p1a: Starmie\n|-heal|p1a: Starmie|96/100\n|move|p2a: Rhydon|Body Slam|p1a: Starmie\n|-damage|p1a: Starmie|66/100\n|\n|upkeep\n|turn|13\n|\n|t:|1738445371\n|switch|p2a: Alakazam|Alakazam|100/100\n|move|p1a: Starmie|Thunder Wave|p2a: Alakazam\n|-status|p2a: Alakazam|par\n|\n|upkeep\n|turn|14\n|\n|t:|1738445388\n|switch|p1a: Chansey|Chansey|83/100 par\n|move|p2a: Alakazam|Psychic|p1a: Chansey\n|-damage|p1a: Chansey|66/100 par\n|-unboost|p1a: Chansey|spa|1\n|-unboost|p1a: Chansey|spd|1\n|\n|upkeep\n|turn|15\n|\n|t:|1738445397\n|move|p2a: Alakazam|Psychic|p1a: Chansey\n|-crit|p1a: Chansey\n|-damage|p1a: Chansey|31/100 par\n|-unboost|p1a: Chansey|spa|1\n|-unboost|p1a: Chansey|spd|1\n|move|p1a: Chansey|Ice Beam|p2a: Alakazam\n|-damage|p2a: Alakazam|90/100 par\n|\n|upkeep\n|turn|16\n|\n|t:|1738445412\n|switch|p1a: Snorlax|Snorlax|100/100\n|cant|p2a: Alakazam|par\n|\n|upkeep\n|turn|17\n|\n|t:|1738445418\n|switch|p2a: Rhydon|Rhydon|100/100\n|move|p1a: Snorlax|Body Slam|p2a: Rhydon\n|-resisted|p2a: Rhydon\n|-damage|p2a: Rhydon|89/100\n|\n|upkeep\n|turn|18\n|\n|t:|1738445427\n|move|p2a: Rhydon|Earthquake|p1a: Snorlax\n|-damage|p1a: Snorlax|68/100\n|move|p1a: Snorlax|Reflect|p1a: Snorlax\n|-start|p1a: Snorlax|Reflect\n|\n|upkeep\n|turn|19\n|\n|t:|1738445431\n|move|p2a: Rhydon|Substitute|p2a: Rhydon\n|-start|p2a: Rhydon|Substitute\n|-damage|p2a: Rhydon|64/100\n|move|p1a: Snorlax|Body Slam|p2a: Rhydon\n|-resisted|p2a: Rhydon\n|-activate|p2a: Rhydon|Substitute|[damage]\n|\n|upkeep\n|turn|20\n|\n|t:|1738445433\n|move|p2a: Rhydon|Earthquake|p1a: Snorlax\n|-crit|p1a: Snorlax\n|-damage|p1a: Snorlax|0 fnt\n|faint|p1a: Snorlax\n|\n|t:|1738445444\n|switch|p1a: Starmie|Starmie|66/100\n|turn|21\n|\n|t:|1738445458\n|move|p1a: Starmie|Psychic|p2a: Rhydon\n|-end|p2a: Rhydon|Substitute\n|move|p2a: Rhydon|Body Slam|p1a: Starmie\n|-damage|p1a: Starmie|40/100\n|-status|p1a: Starmie|par\n|\n|upkeep\n|turn|22\n|\n|t:|1738445488\n|switch|p1a: Jynx|Jynx|85/100 par\n|move|p2a: Rhydon|Earthquake|p1a: Jynx\n|-damage|p1a: Jynx|4/100 par\n|\n|upkeep\n|turn|23\n|\n|t:|1738445517\n|move|p2a: Rhydon|Earthquake|p1a: Jynx\n|-damage|p1a: Jynx|0 fnt\n|faint|p1a: Jynx\n|\n|t:|1738445520\n|switch|p1a: Tauros|Tauros|22/100\n|turn|24\n|\n|t:|1738445540\n|move|p1a: Tauros|Blizzard|p2a: Rhydon\n|-supereffective|p2a: Rhydon\n|-damage|p2a: Rhydon|6/100\n|move|p2a: Rhydon|Earthquake|p1a: Tauros\n|-damage|p1a: Tauros|0 fnt\n|faint|p1a: Tauros\n|\n|t:|1738445549\n|switch|p1a: Zapdos|Zapdos|100/100\n|turn|25\n|\n|t:|1738445566\n|switch|p2a: Starmie|Starmie|100/100 slp\n|move|p1a: Zapdos|Drill Peck|p2a: Starmie\n|-damage|p2a: Starmie|70/100 slp\n|\n|upkeep\n|turn|26\n|\n|t:|1738445573\n|-curestatus|p2a: Starmie|slp|[msg]\n|move|p1a: Zapdos|Thunderbolt|p2a: Starmie\n|-supereffective|p2a: Starmie\n|-damage|p2a: Starmie|0 fnt\n|faint|p2a: Starmie\n|\n|t:|1738445575\n|switch|p2a: Alakazam|Alakazam|90/100 par\n|turn|27\n|inactive|nicole7735 has 270 seconds left.\n|\n|t:|1738445610\n|switch|p1a: Chansey|Chansey|31/100 par\n|move|p2a: Alakazam|Thunder Wave|p1a: Chansey\n|-fail|p1a: Chansey|par\n|\n|upkeep\n|turn|28\n|\n|t:|1738445615\n|move|p2a: Alakazam|Psychic|p1a: Chansey\n|-damage|p1a: Chansey|13/100 par\n|move|p1a: Chansey|Soft-Boiled|p1a: Chansey\n|-heal|p1a: Chansey|63/100 par\n|\n|upkeep\n|turn|29\n|\n|t:|1738445618\n|move|p2a: Alakazam|Psychic|p1a: Chansey|[miss]\n|-miss|p2a: Alakazam\n|-hint|In Gen 1, moves with 100% accuracy can still miss 1/256 of the time.\n|move|p1a: Chansey|Soft-Boiled|p1a: Chansey\n|-heal|p1a: Chansey|100/100 par\n|\n|upkeep\n|turn|30\n|\n|t:|1738445623\n|move|p2a: Alakazam|Psychic|p1a: Chansey\n|-crit|p1a: Chansey\n|-damage|p1a: Chansey|65/100 par\n|move|p1a: Chansey|Seismic Toss|p2a: Alakazam\n|-damage|p2a: Alakazam|58/100 par\n|\n|upkeep\n|turn|31\n|\n|t:|1738445626\n|move|p2a: Alakazam|Recover|p2a: Alakazam\n|-heal|p2a: Alakazam|100/100 par\n|cant|p1a: Chansey|par\n|\n|upkeep\n|turn|32\n|\n|t:|1738445639\n|cant|p2a: Alakazam|par\n|move|p1a: Chansey|Soft-Boiled|p1a: Chansey\n|-heal|p1a: Chansey|100/100 par\n|\n|upkeep\n|turn|33\n|\n|t:|1738445642\n|cant|p2a: Alakazam|par\n|move|p1a: Chansey|Seismic Toss|p2a: Alakazam\n|-damage|p2a: Alakazam|69/100 par\n|\n|upkeep\n|turn|34\n|\n|t:|1738445644\n|move|p2a: Alakazam|Recover|p2a: Alakazam\n|-heal|p2a: Alakazam|100/100 par\n|move|p1a: Chansey|Seismic Toss|p2a: Alakazam\n|-damage|p2a: Alakazam|69/100 par\n|\n|upkeep\n|turn|35\n|\n|t:|1738445646\n|move|p2a: Alakazam|Recover|p2a: Alakazam\n|-heal|p2a: Alakazam|100/100 par\n|move|p1a: Chansey|Seismic Toss|p2a: Alakazam\n|-damage|p2a: Alakazam|69/100 par\n|\n|upkeep\n|turn|36\n|\n|t:|1738445648\n|move|p2a: Alakazam|Recover|p2a: Alakazam\n|-heal|p2a: Alakazam|100/100 par\n|move|p1a: Chansey|Seismic Toss|p2a: Alakazam\n|-damage|p2a: Alakazam|69/100 par\n|\n|upkeep\n|turn|37\n|\n|t:|1738445650\n|move|p2a: Alakazam|Recover|p2a: Alakazam\n|-heal|p2a: Alakazam|100/100 par\n|cant|p1a: Chansey|par\n|\n|upkeep\n|turn|38\n|\n|t:|1738445652\n|move|p2a: Alakazam|Psychic|p1a: Chansey\n|-damage|p1a: Chansey|82/100 par\n|-unboost|p1a: Chansey|spa|1\n|-unboost|p1a: Chansey|spd|1\n|move|p1a: Chansey|Seismic Toss|p2a: Alakazam\n|-damage|p2a: Alakazam|69/100 par\n|\n|upkeep\n|turn|39\n|\n|t:|1738445657\n|cant|p2a: Alakazam|par\n|cant|p1a: Chansey|par\n|\n|upkeep\n|turn|40\n|\n|t:|1738445660\n|move|p2a: Alakazam|Recover|p2a: Alakazam\n|-heal|p2a: Alakazam|100/100 par\n|move|p1a: Chansey|Seismic Toss|p2a: Alakazam\n|-damage|p2a: Alakazam|69/100 par\n|\n|upkeep\n|turn|41\n|\n|t:|1738445662\n|cant|p2a: Alakazam|par\n|move|p1a: Chansey|Seismic Toss|p2a: Alakazam\n|-damage|p2a: Alakazam|37/100 par\n|\n|upkeep\n|turn|42\n|inactive|nicole7735 has 270 seconds left.\n|inactive|nicole7735 has 240 seconds left.\n|\n|t:|1738445726\n|switch|p1a: Starmie|Starmie|40/100 par\n|move|p2a: Alakazam|Recover|p2a: Alakazam\n|-heal|p2a: Alakazam|86/100 par\n|\n|upkeep\n|turn|43\n|\n|t:|1738445731\n|move|p2a: Alakazam|Seismic Toss|p1a: Starmie\n|-damage|p1a: Starmie|9/100 par\n|move|p1a: Starmie|Recover|p1a: Starmie\n|-heal|p1a: Starmie|59/100 par\n|\n|upkeep\n|turn|44\n|\n|t:|1738445739\n|move|p2a: Alakazam|Seismic Toss|p1a: Starmie\n|-damage|p1a: Starmie|28/100 par\n|move|p1a: Starmie|Recover|p1a: Starmie\n|-heal|p1a: Starmie|78/100 par\n|\n|upkeep\n|turn|45\n|\n|t:|1738445747\n|move|p2a: Alakazam|Seismic Toss|p1a: Starmie\n|-damage|p1a: Starmie|47/100 par\n|move|p1a: Starmie|Recover|p1a: Starmie\n|-heal|p1a: Starmie|96/100 par\n|\n|upkeep\n|turn|46\n|\n|t:|1738445760\n|move|p2a: Alakazam|Seismic Toss|p1a: Starmie\n|-damage|p1a: Starmie|66/100 par\n|move|p1a: Starmie|Psychic|p2a: Alakazam\n|-resisted|p2a: Alakazam\n|-damage|p2a: Alakazam|74/100 par\n|-unboost|p2a: Alakazam|spa|1\n|-unboost|p2a: Alakazam|spd|1\n|\n|upkeep\n|turn|47\n|\n|t:|1738445770\n|move|p1a: Starmie|Blizzard|p2a: Alakazam\n|-crit|p2a: Alakazam\n|-damage|p2a: Alakazam|23/100 par\n|move|p2a: Alakazam|Recover|p2a: Alakazam\n|-heal|p2a: Alakazam|73/100 par\n|\n|upkeep\n|turn|48\n|inactive|nicole7735 has 270 seconds left.\n|\n|t:|1738445786\n|move|p1a: Starmie|Recover|p1a: Starmie\n|-heal|p1a: Starmie|100/100 par\n|cant|p2a: Alakazam|par\n|\n|upkeep\n|turn|49\n|\n|t:|1738445790\n|cant|p1a: Starmie|par\n|move|p2a: Alakazam|Recover|p2a: Alakazam\n|-heal|p2a: Alakazam|100/100 par\n|\n|upkeep\n|turn|50\n|\n|t:|1738445793\n|move|p1a: Starmie|Psychic|p2a: Alakazam\n|-resisted|p2a: Alakazam\n|-damage|p2a: Alakazam|78/100 par\n|cant|p2a: Alakazam|par\n|\n|upkeep\n|turn|51\n|\n|t:|1738445814\n|move|p1a: Starmie|Blizzard|p2a: Alakazam\n|-damage|p2a: Alakazam|42/100 par\n|cant|p2a: Alakazam|par\n|\n|upkeep\n|turn|52\n|\n|t:|1738445822\n|cant|p1a: Starmie|par\n|move|p2a: Alakazam|Recover|p2a: Alakazam\n|-heal|p2a: Alakazam|92/100 par\n|\n|upkeep\n|turn|53\n|\n|t:|1738445833\n|move|p1a: Starmie|Psychic|p2a: Alakazam\n|-resisted|p2a: Alakazam\n|-damage|p2a: Alakazam|70/100 par\n|move|p2a: Alakazam|Recover|p2a: Alakazam\n|-heal|p2a: Alakazam|100/100 par\n|\n|upkeep\n|turn|54\n|\n|t:|1738445855\n|move|p1a: Starmie|Psychic|p2a: Alakazam\n|-resisted|p2a: Alakazam\n|-damage|p2a: Alakazam|78/100 par\n|move|p2a: Alakazam|Seismic Toss|p1a: Starmie\n|-damage|p1a: Starmie|70/100 par\n|\n|upkeep\n|turn|55\n|\n|t:|1738445860\n|move|p1a: Starmie|Recover|p1a: Starmie\n|-heal|p1a: Starmie|100/100 par\n|move|p2a: Alakazam|Recover|p2a: Alakazam\n|-heal|p2a: Alakazam|100/100 par\n|\n|upkeep\n|turn|56\n|\n|t:|1738445876\n|switch|p1a: Chansey|Chansey|82/100 par\n|move|p2a: Alakazam|Seismic Toss|p1a: Chansey\n|-damage|p1a: Chansey|67/100 par\n|\n|upkeep\n|turn|57\n|\n|t:|1738445884\n|move|p1a: Chansey|Seismic Toss|p2a: Alakazam\n|-damage|p2a: Alakazam|69/100 par\n|move|p2a: Alakazam|Psychic|p1a: Chansey\n|-damage|p1a: Chansey|56/100 par\n|\n|upkeep\n|turn|58\n|\n|t:|1738445891\n|move|p1a: Chansey|Seismic Toss|p2a: Alakazam\n|-damage|p2a: Alakazam|37/100 par\n|move|p2a: Alakazam|Recover|p2a: Alakazam\n|-heal|p2a: Alakazam|86/100 par\n|\n|upkeep\n|turn|59\n|inactive|Kaz has 270 seconds left.\n|\n|t:|1738445932\n|switch|p2a: Slowbro|Slowbro|100/100\n|move|p1a: Chansey|Seismic Toss|p2a: Slowbro\n|-damage|p2a: Slowbro|75/100\n|\n|upkeep\n|turn|60\n|inactive|nicole7735 has 270 seconds left.\n|inactive|nicole7735 has 240 seconds left.\n|inactive|nicole7735 has 210 seconds left.\n|inactive|nicole7735 has 180 seconds left.\n|\n|t:|1738446056\n|switch|p1a: Zapdos|Zapdos|100/100\n|move|p2a: Slowbro|Amnesia|p2a: Slowbro\n|-boost|p2a: Slowbro|spa|2\n|-boost|p2a: Slowbro|spd|2\n|\n|upkeep\n|turn|61\n|inactive|Kaz has 240 seconds left.\n|\n|t:|1738446087\n|move|p1a: Zapdos|Thunderbolt|p2a: Slowbro\n|-supereffective|p2a: Slowbro\n|-damage|p2a: Slowbro|39/100\n|-status|p2a: Slowbro|par\n|cant|p2a: Slowbro|par\n|\n|upkeep\n|turn|62\n|\n|t:|1738446098\n|move|p1a: Zapdos|Thunderbolt|p2a: Slowbro\n|-supereffective|p2a: Slowbro\n|-damage|p2a: Slowbro|0 fnt\n|faint|p2a: Slowbro\n|\n|t:|1738446101\n|switch|p2a: Exeggutor|Exeggutor|100/100\n|turn|63\n|\n|t:|1738446113\n|switch|p1a: Starmie|Starmie|100/100 par\n|move|p2a: Exeggutor|Psychic|p1a: Starmie\n|-resisted|p1a: Starmie\n|-damage|p1a: Starmie|82/100 par\n|\n|upkeep\n|turn|64\n|\n|t:|1738446120\n|switch|p2a: Alakazam|Alakazam|86/100 par\n|cant|p1a: Starmie|par\n|\n|upkeep\n|turn|65\n|\n|t:|1738446128\n|move|p2a: Alakazam|Seismic Toss|p1a: Starmie\n|-damage|p1a: Starmie|51/100 par\n|move|p1a: Starmie|Recover|p1a: Starmie\n|-heal|p1a: Starmie|100/100 par\n|\n|upkeep\n|turn|66\n|inactive|nicole7735 has 180 seconds left.\n|inactive|nicole7735 has 150 seconds left.\n|\n|t:|1738446203\n|move|p2a: Alakazam|Seismic Toss|p1a: Starmie\n|-damage|p1a: Starmie|70/100 par\n|move|p1a: Starmie|Psychic|p2a: Alakazam\n|-resisted|p2a: Alakazam\n|-damage|p2a: Alakazam|74/100 par\n|-unboost|p2a: Alakazam|spa|1\n|-unboost|p2a: Alakazam|spd|1\n|\n|upkeep\n|turn|67\n|\n|t:|1738446211\n|cant|p1a: Starmie|par\n|cant|p2a: Alakazam|par\n|\n|upkeep\n|turn|68\n|\n|t:|1738446214\n|cant|p1a: Starmie|par\n|move|p2a: Alakazam|Recover|p2a: Alakazam\n|-heal|p2a: Alakazam|100/100 par\n|\n|upkeep\n|turn|69\n|\n|t:|1738446218\n|cant|p1a: Starmie|par\n|move|p2a: Alakazam|Seismic Toss|p1a: Starmie\n|-damage|p1a: Starmie|39/100 par\n|\n|upkeep\n|turn|70\n|\n|t:|1738446226\n|switch|p2a: Exeggutor|Exeggutor|100/100\n|move|p1a: Starmie|Blizzard|p2a: Exeggutor\n|-crit|p2a: Exeggutor\n|-supereffective|p2a: Exeggutor\n|-damage|p2a: Exeggutor|22/100\n|\n|upkeep\n|turn|71\n|\n|t:|1738446251\n|move|p2a: Exeggutor|Psychic|p1a: Starmie\n|-resisted|p1a: Starmie\n|-damage|p1a: Starmie|19/100 par\n|move|p1a: Starmie|Blizzard|p2a: Exeggutor\n|-supereffective|p2a: Exeggutor\n|-damage|p2a: Exeggutor|0 fnt\n|faint|p2a: Exeggutor\n|\n|t:|1738446254\n|switch|p2a: Alakazam|Alakazam|100/100 par\n|turn|72\n|inactive|nicole7735 has 150 seconds left.\n|inactive|Kaz has 270 seconds left.\n|inactive|nicole7735 has 120 seconds left.\n|\n|t:|1738446332\n|switch|p1a: Chansey|Chansey|56/100 par\n|move|p2a: Alakazam|Psychic|p1a: Chansey\n|-damage|p1a: Chansey|39/100 par\n|\n|upkeep\n|turn|73\n|\n|t:|1738446341\n|move|p2a: Alakazam|Psychic|p1a: Chansey\n|-damage|p1a: Chansey|20/100 par\n|move|p1a: Chansey|Seismic Toss|p2a: Alakazam\n|-damage|p2a: Alakazam|69/100 par\n|\n|upkeep\n|turn|74\n|\n|t:|1738446364\n|move|p2a: Alakazam|Psychic|p1a: Chansey\n|-damage|p1a: Chansey|3/100 par\n|move|p1a: Chansey|Soft-Boiled|p1a: Chansey\n|-heal|p1a: Chansey|53/100 par\n|\n|upkeep\n|turn|75\n|\n|t:|1738446368\n|move|p2a: Alakazam|Psychic|p1a: Chansey\n|-damage|p1a: Chansey|35/100 par\n|move|p1a: Chansey|Seismic Toss|p2a: Alakazam\n|-damage|p2a: Alakazam|37/100 par\n|\n|upkeep\n|turn|76\n|\n|t:|1738446374\n|move|p2a: Alakazam|Recover|p2a: Alakazam\n|-heal|p2a: Alakazam|86/100 par\n|move|p1a: Chansey|Soft-Boiled|p1a: Chansey\n|-heal|p1a: Chansey|85/100 par\n|\n|upkeep\n|turn|77\n|\n|t:|1738446378\n|move|p2a: Alakazam|Thunder Wave|p1a: Chansey\n|-fail|p1a: Chansey|par\n|cant|p1a: Chansey|par\n|\n|upkeep\n|turn|78\n|\n|t:|1738446387\n|move|p2a: Alakazam|Thunder Wave|p1a: Chansey\n|-fail|p1a: Chansey|par\n|move|p1a: Chansey|Seismic Toss|p2a: Alakazam\n|-damage|p2a: Alakazam|54/100 par\n|\n|upkeep\n|turn|79\n|\n|t:|1738446389\n|move|p2a: Alakazam|Recover|p2a: Alakazam\n|-heal|p2a: Alakazam|100/100 par\n|move|p1a: Chansey|Seismic Toss|p2a: Alakazam\n|-damage|p2a: Alakazam|69/100 par\n|\n|upkeep\n|turn|80\n|\n|t:|1738446390\n|cant|p2a: Alakazam|par\n|move|p1a: Chansey|Seismic Toss|p2a: Alakazam\n|-damage|p2a: Alakazam|37/100 par\n|\n|upkeep\n|turn|81\n|\n|t:|1738446392\n|move|p2a: Alakazam|Recover|p2a: Alakazam\n|-heal|p2a: Alakazam|86/100 par\n|move|p1a: Chansey|Seismic Toss|p2a: Alakazam\n|-damage|p2a: Alakazam|54/100 par\n|\n|upkeep\n|turn|82\n|\n|t:|1738446394\n|move|p2a: Alakazam|Recover|p2a: Alakazam\n|-heal|p2a: Alakazam|100/100 par\n|move|p1a: Chansey|Seismic Toss|p2a: Alakazam\n|-damage|p2a: Alakazam|69/100 par\n|\n|upkeep\n|turn|83\n|\n|t:|1738446396\n|move|p2a: Alakazam|Recover|p2a: Alakazam\n|-heal|p2a: Alakazam|100/100 par\n|move|p1a: Chansey|Seismic Toss|p2a: Alakazam\n|-damage|p2a: Alakazam|69/100 par\n|\n|upkeep\n|turn|84\n|\n|t:|1738446398\n|move|p2a: Alakazam|Recover|p2a: Alakazam\n|-heal|p2a: Alakazam|100/100 par\n|cant|p1a: Chansey|par\n|\n|upkeep\n|turn|85\n|\n|t:|1738446406\n|move|p2a: Alakazam|Seismic Toss|p1a: Chansey\n|-damage|p1a: Chansey|71/100 par\n|cant|p1a: Chansey|par\n|\n|upkeep\n|turn|86\n|\n|t:|1738446409\n|move|p2a: Alakazam|Thunder Wave|p1a: Chansey\n|-fail|p1a: Chansey|par\n|move|p1a: Chansey|Soft-Boiled|p1a: Chansey\n|-heal|p1a: Chansey|100/100 par\n|\n|upkeep\n|turn|87\n|\n|t:|1738446411\n|move|p2a: Alakazam|Seismic Toss|p1a: Chansey\n|-damage|p1a: Chansey|86/100 par\n|move|p1a: Chansey|Ice Beam|p2a: Alakazam\n|-damage|p2a: Alakazam|82/100 par\n|\n|upkeep\n|turn|88\n|\n|t:|1738446415\n|cant|p2a: Alakazam|par\n|move|p1a: Chansey|Ice Beam|p2a: Alakazam\n|-damage|p2a: Alakazam|61/100 par\n|\n|upkeep\n|turn|89\n|\n|t:|1738446417\n|cant|p2a: Alakazam|par\n|cant|p1a: Chansey|par\n|\n|upkeep\n|turn|90\n|\n|t:|1738446419\n|move|p2a: Alakazam|Recover|p2a: Alakazam\n|-heal|p2a: Alakazam|100/100 par\n|cant|p1a: Chansey|par\n|\n|upkeep\n|turn|91\n|\n|t:|1738446421\n|move|p2a: Alakazam|Thunder Wave|p1a: Chansey\n|-fail|p1a: Chansey|par\n|cant|p1a: Chansey|par\n|\n|upkeep\n|turn|92\n|\n|t:|1738446424\n|cant|p2a: Alakazam|par\n|cant|p1a: Chansey|par\n|\n|upkeep\n|turn|93\n|\n|t:|1738446427\n|move|p2a: Alakazam|Thunder Wave|p1a: Chansey\n|-fail|p1a: Chansey|par\n|move|p1a: Chansey|Thunder Wave|p2a: Alakazam\n|-fail|p2a: Alakazam|par\n|\n|upkeep\n|turn|94\n|\n|t:|1738446439\n|move|p2a: Alakazam|Thunder Wave|p1a: Chansey\n|-fail|p1a: Chansey|par\n|cant|p1a: Chansey|par\n|\n|upkeep\n|turn|95\n|\n|t:|1738446442\n|cant|p2a: Alakazam|par\n|move|p1a: Chansey|Thunder Wave|p2a: Alakazam\n|-fail|p2a: Alakazam|par\n|\n|upkeep\n|turn|96\n|\n|t:|1738446448\n|move|p2a: Alakazam|Thunder Wave|p1a: Chansey\n|-fail|p1a: Chansey|par\n|move|p1a: Chansey|Ice Beam|p2a: Alakazam\n|-damage|p2a: Alakazam|82/100 par\n|\n|upkeep\n|turn|97\n|\n|t:|1738446451\n|move|p2a: Alakazam|Thunder Wave|p1a: Chansey\n|-fail|p1a: Chansey|par\n|move|p1a: Chansey|Thunder Wave|p2a: Alakazam\n|-fail|p2a: Alakazam|par\n|\n|upkeep\n|turn|98\n|\n|t:|1738446458\n|move|p2a: Alakazam|Thunder Wave|p1a: Chansey\n|-fail|p1a: Chansey|par\n|move|p1a: Chansey|Ice Beam|p2a: Alakazam\n|-crit|p2a: Alakazam\n|-damage|p2a: Alakazam|45/100 par\n|\n|upkeep\n|turn|99\n|\n|t:|1738446462\n|cant|p2a: Alakazam|par\n|move|p1a: Chansey|Seismic Toss|p2a: Alakazam\n|-damage|p2a: Alakazam|13/100 par\n|\n|upkeep\n|turn|100\n|\n|t:|1738446476\n|move|p2a: Alakazam|Recover|p2a: Alakazam\n|-heal|p2a: Alakazam|63/100 par\n|move|p1a: Chansey|Seismic Toss|p2a: Alakazam\n|-damage|p2a: Alakazam|31/100 par\n|\n|upkeep\n|turn|101\n|\n|t:|1738446481\n|move|p2a: Alakazam|Recover|p2a: Alakazam\n|-heal|p2a: Alakazam|81/100 par\n|cant|p1a: Chansey|par\n|\n|upkeep\n|turn|102\n|\n|t:|1738446490\n|move|p2a: Alakazam|Thunder Wave|p1a: Chansey\n|-fail|p1a: Chansey|par\n|cant|p1a: Chansey|par\n|\n|upkeep\n|turn|103\n|\n|t:|1738446495\n|move|p2a: Alakazam|Thunder Wave|p1a: Chansey\n|-fail|p1a: Chansey|par\n|move|p1a: Chansey|Seismic Toss|p2a: Alakazam\n|-damage|p2a: Alakazam|49/100 par\n|\n|upkeep\n|turn|104\n|\n|t:|1738446499\n|cant|p2a: Alakazam|par\n|move|p1a: Chansey|Ice Beam|p2a: Alakazam\n|-damage|p2a: Alakazam|29/100 par\n|\n|upkeep\n|turn|105\n|\n|t:|1738446502\n|move|p2a: Alakazam|Recover|p2a: Alakazam\n|-heal|p2a: Alakazam|79/100 par\n|cant|p1a: Chansey|par\n|\n|upkeep\n|turn|106\n|\n|t:|1738446513\n|cant|p2a: Alakazam|par\n|move|p1a: Chansey|Seismic Toss|p2a: Alakazam\n|-damage|p2a: Alakazam|47/100 par\n|\n|upkeep\n|turn|107\n|\n|t:|1738446516\n|move|p2a: Alakazam|Recover|p2a: Alakazam\n|-heal|p2a: Alakazam|97/100 par\n|move|p1a: Chansey|Seismic Toss|p2a: Alakazam\n|-damage|p2a: Alakazam|65/100 par\n|\n|upkeep\n|turn|108\n|\n|t:|1738446521\n|move|p2a: Alakazam|Thunder Wave|p1a: Chansey\n|-fail|p1a: Chansey|par\n|move|p1a: Chansey|Ice Beam|p2a: Alakazam\n|-crit|p2a: Alakazam\n|-damage|p2a: Alakazam|28/100 par\n|\n|upkeep\n|turn|109\n|\n|t:|1738446523\n|move|p2a: Alakazam|Recover|p2a: Alakazam\n|-heal|p2a: Alakazam|78/100 par\n|move|p1a: Chansey|Seismic Toss|p2a: Alakazam\n|-damage|p2a: Alakazam|46/100 par\n|\n|upkeep\n|turn|110\n|\n|t:|1738446529\n|move|p2a: Alakazam|Recover|p2a: Alakazam\n|-heal|p2a: Alakazam|96/100 par\n|move|p1a: Chansey|Seismic Toss|p2a: Alakazam\n|-damage|p2a: Alakazam|64/100 par\n|\n|upkeep\n|turn|111\n|\n|t:|1738446546\n|move|p2a: Alakazam|Recover|p2a: Alakazam\n|-heal|p2a: Alakazam|100/100 par\n|cant|p1a: Chansey|par\n|\n|upkeep\n|turn|112\n|\n|t:|1738446567\n|move|p2a: Alakazam|Psychic|p1a: Chansey\n|-damage|p1a: Chansey|67/100 par\n|-unboost|p1a: Chansey|spa|1\n|-unboost|p1a: Chansey|spd|1\n|move|p1a: Chansey|Thunder Wave|p2a: Alakazam\n|-fail|p2a: Alakazam|par\n|\n|upkeep\n|turn|113\n|\n|t:|1738446574\n|move|p2a: Alakazam|Thunder Wave|p1a: Chansey\n|-fail|p1a: Chansey|par\n|move|p1a: Chansey|Soft-Boiled|p1a: Chansey\n|-heal|p1a: Chansey|100/100 par\n|\n|upkeep\n|turn|114\n|\n|t:|1738446590\n|move|p2a: Alakazam|Thunder Wave|p1a: Chansey\n|-fail|p1a: Chansey|par\n|cant|p1a: Chansey|par\n|\n|upkeep\n|turn|115\n|\n|t:|1738446596\n|move|p2a: Alakazam|Thunder Wave|p1a: Chansey\n|-fail|p1a: Chansey|par\n|cant|p1a: Chansey|par\n|\n|upkeep\n|turn|116\n|\n|t:|1738446599\n|cant|p2a: Alakazam|par\n|move|p1a: Chansey|Seismic Toss|p2a: Alakazam\n|-damage|p2a: Alakazam|69/100 par\n|\n|upkeep\n|turn|117\n|\n|t:|1738446608\n|cant|p2a: Alakazam|par\n|move|p1a: Chansey|Thunder Wave|p2a: Alakazam\n|-fail|p2a: Alakazam|par\n|\n|upkeep\n|turn|118\n|\n|t:|1738446611\n|cant|p2a: Alakazam|par\n|move|p1a: Chansey|Thunder Wave|p2a: Alakazam\n|-fail|p2a: Alakazam|par\n|\n|upkeep\n|turn|119\n|\n|t:|1738446613\n|cant|p2a: Alakazam|par\n|move|p1a: Chansey|Thunder Wave|p2a: Alakazam\n|-fail|p2a: Alakazam|par\n|\n|upkeep\n|turn|120\n|\n|t:|1738446618\n|move|p2a: Alakazam|Seismic Toss|p1a: Chansey\n|-damage|p1a: Chansey|86/100 par\n|move|p1a: Chansey|Thunder Wave|p2a: Alakazam\n|-fail|p2a: Alakazam|par\n|\n|upkeep\n|turn|121\n|\n|t:|1738446637\n|move|p2a: Alakazam|Thunder Wave|p1a: Chansey\n|-fail|p1a: Chansey|par\n|move|p1a: Chansey|Thunder Wave|p2a: Alakazam\n|-fail|p2a: Alakazam|par\n|\n|upkeep\n|turn|122\n|\n|t:|1738446644\n|move|p2a: Alakazam|Thunder Wave|p1a: Chansey\n|-fail|p1a: Chansey|par\n|cant|p1a: Chansey|par\n|\n|upkeep\n|turn|123\n|inactive|Kaz has 270 seconds left.\n|\n|t:|1738446674\n|move|p2a: Alakazam|Seismic Toss|p1a: Chansey\n|-damage|p1a: Chansey|72/100 par\n|cant|p1a: Chansey|par\n|\n|upkeep\n|turn|124\n|\n|t:|1738446678\n|cant|p2a: Alakazam|par\n|move|p1a: Chansey|Soft-Boiled|p1a: Chansey\n|-heal|p1a: Chansey|100/100 par\n|\n|upkeep\n|turn|125\n|\n|t:|1738446688\n|move|p2a: Alakazam|Seismic Toss|p1a: Chansey\n|-damage|p1a: Chansey|86/100 par\n|move|p1a: Chansey|Thunder Wave|p2a: Alakazam\n|-fail|p2a: Alakazam|par\n|\n|upkeep\n|turn|126\n|\n|t:|1738446709\n|move|p2a: Alakazam|Seismic Toss|p1a: Chansey\n|-damage|p1a: Chansey|72/100 par\n|move|p1a: Chansey|Seismic Toss|p2a: Alakazam\n|-damage|p2a: Alakazam|37/100 par\n|\n|upkeep\n|turn|127\n|\n|t:|1738446718\n|move|p2a: Alakazam|Recover|p2a: Alakazam\n|-heal|p2a: Alakazam|86/100 par\n|cant|p1a: Chansey|par\n|\n|upkeep\n|turn|128\n|\n|t:|1738446723\n|move|p2a: Alakazam|Thunder Wave|p1a: Chansey\n|-fail|p1a: Chansey|par\n|move|p1a: Chansey|Seismic Toss|p2a: Alakazam\n|-damage|p2a: Alakazam|54/100 par\n|\n|upkeep\n|turn|129\n|\n|t:|1738446737\n|move|p2a: Alakazam|Recover|p2a: Alakazam\n|-heal|p2a: Alakazam|100/100 par\n|move|p1a: Chansey|Seismic Toss|p2a: Alakazam\n|-damage|p2a: Alakazam|69/100 par\n|\n|upkeep\n|turn|130\n|\n|t:|1738446747\n|move|p2a: Alakazam|Psychic|p1a: Chansey\n|-damage|p1a: Chansey|42/100 par\n|move|p1a: Chansey|Soft-Boiled|p1a: Chansey\n|-heal|p1a: Chansey|92/100 par\n|\n|upkeep\n|turn|131\n|\n|t:|1738446752\n|move|p2a: Alakazam|Thunder Wave|p1a: Chansey\n|-fail|p1a: Chansey|par\n|move|p1a: Chansey|Seismic Toss|p2a: Alakazam\n|-damage|p2a: Alakazam|37/100 par\n|\n|upkeep\n|turn|132\n|\n|t:|1738446763\n|switch|p1a: Starmie|Starmie|19/100 par\n|move|p2a: Alakazam|Recover|p2a: Alakazam\n|-heal|p2a: Alakazam|86/100 par\n|\n|upkeep\n|turn|133\n|\n|t:|1738446772\n|switch|p1a: Chansey|Chansey|92/100 par\n|move|p2a: Alakazam|Seismic Toss|p1a: Chansey\n|-damage|p1a: Chansey|78/100 par\n|\n|upkeep\n|turn|134\n|\n|t:|1738446783\n|move|p2a: Alakazam|Psychic|p1a: Chansey\n|-crit|p1a: Chansey\n|-damage|p1a: Chansey|45/100 par\n|cant|p1a: Chansey|par\n|\n|upkeep\n|turn|135\n|inactive|Kaz has 270 seconds left.\n|\n|t:|1738446815\n|move|p2a: Alakazam|Thunder Wave|p1a: Chansey\n|-fail|p1a: Chansey|par\n|move|p1a: Chansey|Seismic Toss|p2a: Alakazam\n|-damage|p2a: Alakazam|54/100 par\n|\n|upkeep\n|turn|136\n|\n|t:|1738446820\n|switch|p2a: Rhydon|Rhydon|6/100\n|move|p1a: Chansey|Soft-Boiled|p1a: Chansey\n|-heal|p1a: Chansey|95/100 par\n|\n|upkeep\n|turn|137\n|\n|t:|1738446823\n|move|p2a: Rhydon|Rest|p2a: Rhydon\n|-status|p2a: Rhydon|slp|[from] move: Rest\n|-heal|p2a: Rhydon|100/100 slp|[silent]\n|move|p1a: Chansey|Ice Beam|p2a: Rhydon\n|-supereffective|p2a: Rhydon\n|-damage|p2a: Rhydon|40/100 slp\n|\n|upkeep\n|turn|138\n|\n|t:|1738446825\n|switch|p2a: Alakazam|Alakazam|54/100 par\n|move|p1a: Chansey|Ice Beam|p2a: Alakazam\n|-damage|p2a: Alakazam|35/100 par\n|\n|upkeep\n|turn|139\n|inactive|nicole7735 has 270 seconds left.\n|inactive|nicole7735 has 240 seconds left.\n|\n|t:|1738446886\n|switch|p1a: Zapdos|Zapdos|100/100\n|move|p2a: Alakazam|Recover|p2a: Alakazam\n|-heal|p2a: Alakazam|85/100 par\n|\n|upkeep\n|turn|140\n|inactive|nicole7735 has 240 seconds left.\n|\n|t:|1738446896\n|move|p1a: Zapdos|Drill Peck|p2a: Alakazam\n|-damage|p2a: Alakazam|39/100 par\n|move|p2a: Alakazam|Thunder Wave|p1a: Zapdos\n|-status|p1a: Zapdos|par\n|\n|upkeep\n|turn|141\n|\n|t:|1738446914\n|move|p2a: Alakazam|Psychic|p1a: Zapdos\n|-damage|p1a: Zapdos|70/100 par\n|move|p1a: Zapdos|Drill Peck|p2a: Alakazam\n|-damage|p2a: Alakazam|0 fnt\n|faint|p2a: Alakazam\n|\n|t:|1738446916\n|switch|p2a: Rhydon|Rhydon|40/100 slp\n|turn|142\n|inactive|nicole7735 has 240 seconds left.\n|\n|t:|1738446950\n|switch|p1a: Chansey|Chansey|95/100 par\n|cant|p2a: Rhydon|slp\n|\n|upkeep\n|turn|143\n|\n|t:|1738446952\n|-curestatus|p2a: Rhydon|slp|[msg]\n|move|p1a: Chansey|Ice Beam|p2a: Rhydon\n|-supereffective|p2a: Rhydon\n|-damage|p2a: Rhydon|0 fnt\n|faint|p2a: Rhydon\n|\n|win|nicole7735\n|c|☆Kaz|gg\n|c|☆nicole7735|ggs\n|player|p2|\n","uploadtime":1738446952,"views":"1963","formatid":"gen1ou","rating":null,"private":0,"password":null}