{"id":"smogtours-gen1ou-900660","format":"[Gen 1] OU","players":["nicole7735","Isza"],"log":"|inactive|Battle timer is ON: inactive players will automatically lose when time's up.\n|t:|1768780922\n|gametype|singles\n|player|p1|nicole7735|#splxviiscooters|\n|player|p2|Isza|shadowtriad|\n|gen|1\n|tier|[Gen 1] OU\n|rule|Desync Clause Mod: Desyncs changed to move failure.\n|rule|Sleep Clause Mod: Limit one foe put to sleep\n|rule|Freeze Clause Mod: Limit one foe frozen\n|rule|Species Clause: Limit one of each Pokémon\n|rule|OHKO Clause: OHKO moves are banned\n|rule|Evasion Moves Clause: Evasion moves are banned\n|rule|Endless Battle Clause: Forcing endless battles is banned\n|rule|HP Percentage Mod: HP is shown in percentages\n|\n|t:|1768780922\n|teamsize|p1|6\n|teamsize|p2|6\n|start\n|switch|p1a: Jolteon|Jolteon|100/100\n|switch|p2a: Jynx|Jynx|100/100\n|turn|1\n|c|☆nicole7735|hf\n|c|☆Isza|hf\n|inactive|nicole7735 has 270 seconds left.\n|inactive|Isza has 270 seconds left.\n|\n|t:|1768780971\n|move|p1a: Jolteon|Thunder Wave|p2a: Jynx\n|-status|p2a: Jynx|par\n|move|p2a: Jynx|Lovely Kiss|p1a: Jolteon\n|-status|p1a: Jolteon|slp|[from] move: Lovely Kiss\n|\n|upkeep\n|turn|2\n|\n|t:|1768780987\n|switch|p1a: Chansey|Chansey|100/100\n|move|p2a: Jynx|Blizzard|p1a: Chansey\n|-damage|p1a: Chansey|81/100\n|\n|upkeep\n|turn|3\n|\n|t:|1768780997\n|move|p1a: Chansey|Seismic Toss|p2a: Jynx\n|-damage|p2a: Jynx|70/100 par\n|cant|p2a: Jynx|par\n|\n|upkeep\n|turn|4\n|\n|t:|1768781008\n|move|p1a: Chansey|Seismic Toss|p2a: Jynx\n|-damage|p2a: Jynx|40/100 par\n|move|p2a: Jynx|Rest|p2a: Jynx\n|-status|p2a: Jynx|slp|[from] move: Rest\n|-heal|p2a: Jynx|100/100 slp|[silent]\n|\n|upkeep\n|turn|5\n|rated|Smogon Premier League\n|rated|Smogon Premier League\n|\n|t:|1768781027\n|move|p1a: Chansey|Seismic Toss|p2a: Jynx\n|-damage|p2a: Jynx|70/100 slp\n|cant|p2a: Jynx|slp\n|\n|upkeep\n|turn|6\n|\n|t:|1768781029\n|switch|p2a: Chansey|Chansey|100/100\n|move|p1a: Chansey|Seismic Toss|p2a: Chansey\n|-damage|p2a: Chansey|86/100\n|\n|upkeep\n|turn|7\n|\n|t:|1768781033\n|switch|p2a: Jynx|Jynx|70/100 slp\n|move|p1a: Chansey|Sing|p2a: Jynx|[miss]\n|-miss|p1a: Chansey\n|\n|upkeep\n|turn|8\n|\n|t:|1768781037\n|-curestatus|p2a: Jynx|slp|[msg]\n|move|p1a: Chansey|Seismic Toss|p2a: Jynx\n|-damage|p2a: Jynx|40/100\n|\n|upkeep\n|turn|9\n|\n|t:|1768781045\n|move|p2a: Jynx|Rest|p2a: Jynx\n|-status|p2a: Jynx|slp|[from] move: Rest\n|-heal|p2a: Jynx|100/100 slp|[silent]\n|move|p1a: Chansey|Thunder Wave|p2a: Jynx\n|-fail|p2a: Jynx\n|\n|upkeep\n|turn|10\n|\n|t:|1768781051\n|cant|p2a: Jynx|slp\n|move|p1a: Chansey|Seismic Toss|p2a: Jynx\n|-damage|p2a: Jynx|70/100 slp\n|\n|upkeep\n|turn|11\n|\n|t:|1768781054\n|switch|p2a: Chansey|Chansey|86/100\n|move|p1a: Chansey|Seismic Toss|p2a: Chansey\n|-damage|p2a: Chansey|72/100\n|\n|upkeep\n|turn|12\n|\n|t:|1768781059\n|move|p1a: Chansey|Sing|p2a: Chansey|[miss]\n|-miss|p1a: Chansey\n|move|p2a: Chansey|Thunder Wave|p1a: Chansey\n|-status|p1a: Chansey|par\n|\n|upkeep\n|turn|13\n|\n|t:|1768781069\n|switch|p2a: Jynx|Jynx|70/100 slp\n|move|p1a: Chansey|Seismic Toss|p2a: Jynx\n|-damage|p2a: Jynx|40/100 slp\n|\n|upkeep\n|turn|14\n|\n|t:|1768781073\n|-curestatus|p2a: Jynx|slp|[msg]\n|move|p1a: Chansey|Seismic Toss|p2a: Jynx\n|-damage|p2a: Jynx|10/100\n|\n|upkeep\n|turn|15\n|\n|t:|1768781076\n|switch|p1a: Tauros|Tauros|100/100\n|move|p2a: Jynx|Rest|p2a: Jynx\n|-status|p2a: Jynx|slp|[from] move: Rest\n|-heal|p2a: Jynx|100/100 slp|[silent]\n|\n|upkeep\n|turn|16\n|\n|t:|1768781079\n|switch|p2a: Cloyster|Cloyster|100/100\n|move|p1a: Tauros|Body Slam|p2a: Cloyster\n|-damage|p2a: Cloyster|80/100\n|-status|p2a: Cloyster|par\n|\n|upkeep\n|turn|17\n|\n|t:|1768781108\n|switch|p1a: Starmie|Starmie|100/100\n|move|p2a: Cloyster|Blizzard|p1a: Starmie|[miss]\n|-miss|p2a: Cloyster\n|\n|upkeep\n|turn|18\n|\n|t:|1768781119\n|switch|p1a: Chansey|Chansey|81/100 par\n|switch|p2a: Chansey|Chansey|72/100\n|\n|upkeep\n|turn|19\n|inactive|nicole7735 has 270 seconds left.\n|inactive|Isza has 270 seconds left.\n|\n|t:|1768781166\n|switch|p2a: Jynx|Jynx|100/100 slp\n|move|p1a: Chansey|Seismic Toss|p2a: Jynx\n|-damage|p2a: Jynx|70/100 slp\n|\n|upkeep\n|turn|20\n|\n|t:|1768781188\n|cant|p2a: Jynx|slp\n|move|p1a: Chansey|Seismic Toss|p2a: Jynx\n|-damage|p2a: Jynx|40/100 slp\n|\n|upkeep\n|turn|21\n|\n|t:|1768781194\n|switch|p1a: Tauros|Tauros|100/100\n|-curestatus|p2a: Jynx|slp|[msg]\n|\n|upkeep\n|turn|22\n|\n|t:|1768781200\n|switch|p2a: Cloyster|Cloyster|80/100 par\n|move|p1a: Tauros|Body Slam|p2a: Cloyster\n|-damage|p2a: Cloyster|60/100 par\n|\n|upkeep\n|turn|23\n|inactive|Isza has 270 seconds left.\n|inactive|nicole7735 has 270 seconds left.\n|\n|t:|1768781221\n|switch|p1a: Starmie|Starmie|100/100\n|cant|p2a: Cloyster|par\n|\n|upkeep\n|turn|24\n|inactive|nicole7735 has 270 seconds left.\n|\n|t:|1768781233\n|switch|p1a: Chansey|Chansey|81/100 par\n|switch|p2a: Chansey|Chansey|72/100\n|\n|upkeep\n|turn|25\n|inactive|nicole7735 has 270 seconds left.\n|\n|t:|1768781252\n|move|p2a: Chansey|Seismic Toss|p1a: Chansey\n|-damage|p1a: Chansey|67/100 par\n|move|p1a: Chansey|Seismic Toss|p2a: Chansey\n|-damage|p2a: Chansey|58/100\n|\n|upkeep\n|turn|26\n|\n|t:|1768781257\n|move|p2a: Chansey|Soft-Boiled|p2a: Chansey\n|-heal|p2a: Chansey|100/100\n|cant|p1a: Chansey|par\n|\n|upkeep\n|turn|27\n|\n|t:|1768781261\n|switch|p2a: Snorlax|Snorlax|100/100\n|move|p1a: Chansey|Soft-Boiled|p1a: Chansey\n|-heal|p1a: Chansey|100/100 par\n|\n|upkeep\n|turn|28\n|inactive|nicole7735 has 270 seconds left.\n|\n|t:|1768781283\n|switch|p1a: Snorlax|Snorlax|100/100\n|move|p2a: Snorlax|Body Slam|p1a: Snorlax\n|-damage|p1a: Snorlax|75/100\n|\n|upkeep\n|turn|29\n|\n|t:|1768781308\n|move|p1a: Snorlax|Reflect|p1a: Snorlax\n|-start|p1a: Snorlax|Reflect\n|move|p2a: Snorlax|Body Slam|p1a: Snorlax\n|-damage|p1a: Snorlax|61/100\n|\n|upkeep\n|turn|30\n|inactive|Isza has 270 seconds left.\n|\n|t:|1768781353\n|switch|p2a: Cloyster|Cloyster|60/100 par\n|move|p1a: Snorlax|Body Slam|p2a: Cloyster\n|-damage|p2a: Cloyster|36/100 par\n|\n|upkeep\n|turn|31\n|inactive|nicole7735 has 270 seconds left.\n|\n|t:|1768781380\n|move|p1a: Snorlax|Body Slam|p2a: Cloyster\n|-damage|p2a: Cloyster|12/100 par\n|move|p2a: Cloyster|Rest|p2a: Cloyster\n|-status|p2a: Cloyster|slp|[from] move: Rest\n|-heal|p2a: Cloyster|100/100 slp|[silent]\n|\n|upkeep\n|turn|32\n|inactive|nicole7735 has 270 seconds left.\n|\n|t:|1768781396\n|switch|p1a: Exeggutor|Exeggutor|100/100\n|cant|p2a: Cloyster|slp\n|\n|upkeep\n|turn|33\n|inactive|nicole7735 has 270 seconds left.\n|inactive|Isza has 240 seconds left.\n|\n|t:|1768781435\n|move|p1a: Exeggutor|Sleep Powder|p2a: Cloyster\n|-fail|p2a: Cloyster|slp\n|-curestatus|p2a: Cloyster|slp|[msg]\n|\n|upkeep\n|turn|34\n|\n|t:|1768781439\n|switch|p1a: Tauros|Tauros|100/100\n|switch|p2a: Jynx|Jynx|40/100\n|\n|upkeep\n|turn|35\n|inactive|Isza has 240 seconds left.\n|\n|t:|1768781448\n|switch|p2a: Cloyster|Cloyster|100/100\n|move|p1a: Tauros|Body Slam|p2a: Cloyster\n|-damage|p2a: Cloyster|78/100\n|\n|upkeep\n|turn|36\n|\n|t:|1768781455\n|switch|p1a: Starmie|Starmie|100/100\n|move|p2a: Cloyster|Blizzard|p1a: Starmie\n|-resisted|p1a: Starmie\n|-damage|p1a: Starmie|83/100\n|\n|upkeep\n|turn|37\n|\n|t:|1768781464\n|switch|p1a: Chansey|Chansey|100/100 par\n|switch|p2a: Chansey|Chansey|100/100\n|\n|upkeep\n|turn|38\n|\n|t:|1768781468\n|switch|p2a: Jynx|Jynx|40/100\n|move|p1a: Chansey|Sing|p2a: Jynx\n|-status|p2a: Jynx|slp|[from] move: Sing\n|\n|upkeep\n|turn|39\n|inactive|Isza has 240 seconds left.\n|\n|t:|1768781516\n|switch|p2a: Chansey|Chansey|100/100\n|move|p1a: Chansey|Thunder Wave|p2a: Chansey\n|-status|p2a: Chansey|par\n|\n|upkeep\n|turn|40\n|\n|t:|1768781522\n|move|p1a: Chansey|Thunder Wave|p2a: Chansey\n|-fail|p2a: Chansey|par\n|move|p2a: Chansey|Seismic Toss|p1a: Chansey\n|-damage|p1a: Chansey|86/100 par\n|\n|upkeep\n|turn|41\n|\n|t:|1768781528\n|move|p2a: Chansey|Seismic Toss|p1a: Chansey\n|-damage|p1a: Chansey|72/100 par\n|cant|p1a: Chansey|par\n|\n|upkeep\n|turn|42\n|inactive|Isza has 240 seconds left.\n|\n|t:|1768781539\n|move|p2a: Chansey|Seismic Toss|p1a: Chansey\n|-damage|p1a: Chansey|58/100 par\n|move|p1a: Chansey|Soft-Boiled|p1a: Chansey\n|-heal|p1a: Chansey|100/100 par\n|\n|upkeep\n|turn|43\n|inactive|Isza has 240 seconds left.\n|\n|t:|1768781547\n|move|p1a: Chansey|Seismic Toss|p2a: Chansey\n|-damage|p2a: Chansey|86/100 par\n|cant|p2a: Chansey|par\n|\n|upkeep\n|turn|44\n|\n|t:|1768781551\n|cant|p2a: Chansey|par\n|move|p1a: Chansey|Seismic Toss|p2a: Chansey\n|-damage|p2a: Chansey|72/100 par\n|\n|upkeep\n|turn|45\n|\n|t:|1768781556\n|move|p2a: Chansey|Seismic Toss|p1a: Chansey\n|-damage|p1a: Chansey|86/100 par\n|move|p1a: Chansey|Seismic Toss|p2a: Chansey\n|-damage|p2a: Chansey|58/100 par\n|\n|upkeep\n|turn|46\n|\n|t:|1768781560\n|cant|p2a: Chansey|par\n|cant|p1a: Chansey|par\n|\n|upkeep\n|turn|47\n|\n|t:|1768781563\n|switch|p1a: Snorlax|Snorlax|61/100\n|move|p2a: Chansey|Soft-Boiled|p2a: Chansey\n|-heal|p2a: Chansey|100/100 par\n|\n|upkeep\n|turn|48\n|\n|t:|1768781583\n|switch|p2a: Cloyster|Cloyster|78/100\n|move|p1a: Snorlax|Reflect|p1a: Snorlax\n|-start|p1a: Snorlax|Reflect\n|\n|upkeep\n|turn|49\n|\n|t:|1768781594\n|switch|p1a: Chansey|Chansey|86/100 par\n|move|p2a: Cloyster|Clamp|p1a: Chansey\n|-damage|p1a: Chansey|81/100 par\n|\n|upkeep\n|turn|50\n|\n|t:|1768781603\n|switch|p1a: Starmie|Starmie|83/100\n|move|p2a: Cloyster|Clamp|p1a: Starmie\n|-resisted|p1a: Starmie\n|-damage|p1a: Starmie|76/100\n|\n|upkeep\n|turn|51\n|\n|t:|1768781609\n|cant|p1a: Starmie|partiallytrapped\n|move|p2a: Cloyster|Clamp|p1a: Starmie|[from] Clamp\n|-damage|p1a: Starmie|70/100\n|\n|upkeep\n|turn|52\n|\n|t:|1768781616\n|switch|p2a: Chansey|Chansey|100/100 par\n|move|p1a: Starmie|Recover|p1a: Starmie\n|-heal|p1a: Starmie|100/100\n|\n|upkeep\n|turn|53\n|\n|t:|1768781627\n|switch|p1a: Chansey|Chansey|81/100 par\n|move|p2a: Chansey|Seismic Toss|p1a: Chansey\n|-damage|p1a: Chansey|67/100 par\n|\n|upkeep\n|turn|54\n|\n|t:|1768781632\n|switch|p2a: Snorlax|Snorlax|100/100\n|cant|p1a: Chansey|par\n|\n|upkeep\n|turn|55\n|\n|t:|1768781642\n|move|p2a: Snorlax|Body Slam|p1a: Chansey\n|-damage|p1a: Chansey|28/100 par\n|move|p1a: Chansey|Thunder Wave|p2a: Snorlax\n|-status|p2a: Snorlax|par\n|\n|upkeep\n|turn|56\n|\n|t:|1768781649\n|switch|p1a: Snorlax|Snorlax|61/100\n|move|p2a: Snorlax|Hyper Beam|p1a: Snorlax\n|-damage|p1a: Snorlax|12/100\n|-mustrecharge|p2a: Snorlax\n|\n|upkeep\n|turn|57\n|inactive|nicole7735 has 270 seconds left.\n|\n|t:|1768781702\n|move|p1a: Snorlax|Self-Destruct|p2a: Snorlax\n|-damage|p2a: Snorlax|23/100 par\n|faint|p1a: Snorlax\n|\n|t:|1768781709\n|switch|p1a: Tauros|Tauros|100/100\n|turn|58\n|\n|t:|1768781712\n|move|p1a: Tauros|Body Slam|p2a: Snorlax\n|-damage|p2a: Snorlax|0 fnt\n|faint|p2a: Snorlax\n|\n|t:|1768781738\n|switch|p2a: Tauros|Tauros|100/100\n|turn|59\n|\n|t:|1768781742\n|move|p2a: Tauros|Body Slam|p1a: Tauros\n|-crit|p1a: Tauros\n|-damage|p1a: Tauros|46/100\n|move|p1a: Tauros|Body Slam|p2a: Tauros\n|-damage|p2a: Tauros|71/100\n|\n|upkeep\n|turn|60\n|inactive|nicole7735 has 270 seconds left.\n|inactive|Isza has 270 seconds left.\n|\n|t:|1768781794\n|switch|p1a: Starmie|Starmie|100/100\n|move|p2a: Tauros|Body Slam|p1a: Starmie\n|-damage|p1a: Starmie|65/100\n|\n|upkeep\n|turn|61\n|inactive|nicole7735 has 240 seconds left.\n|inactive|Isza has 240 seconds left.\n|inactive|nicole7735 has 210 seconds left.\n|inactive|nicole7735 has 180 seconds left.\n|inactive|Isza has 210 seconds left.\n|\n|t:|1768781903\n|switch|p2a: Chansey|Chansey|100/100 par\n|move|p1a: Starmie|Thunder Wave|p2a: Chansey\n|-fail|p2a: Chansey|par\n|\n|upkeep\n|turn|62\n|inactive|Isza has 180 seconds left.\n|inactive|nicole7735 has 150 seconds left.\n|\n|t:|1768781943\n|switch|p1a: Chansey|Chansey|28/100 par\n|move|p2a: Chansey|Thunder Wave|p1a: Chansey\n|-fail|p1a: Chansey|par\n|\n|upkeep\n|turn|63\n|\n|t:|1768781950\n|switch|p2a: Cloyster|Cloyster|78/100\n|move|p1a: Chansey|Soft-Boiled|p1a: Chansey\n|-heal|p1a: Chansey|78/100 par\n|\n|upkeep\n|turn|64\n|inactive|Isza has 180 seconds left.\n|inactive|nicole7735 has 120 seconds left.\n|\n|t:|1768781990\n|move|p2a: Cloyster|Clamp|p1a: Chansey\n|-damage|p1a: Chansey|72/100 par\n|cant|p1a: Chansey|partiallytrapped\n|\n|upkeep\n|turn|65\n|\n|t:|1768781996\n|switch|p1a: Starmie|Starmie|65/100\n|move|p2a: Cloyster|Clamp|p1a: Starmie|[miss]\n|-miss|p2a: Cloyster\n|\n|upkeep\n|turn|66\n|inactive|Isza has 180 seconds left.\n|inactive|nicole7735 has 120 seconds left.\n|\n|t:|1768782030\n|switch|p2a: Chansey|Chansey|100/100 par\n|move|p1a: Starmie|Recover|p1a: Starmie\n|-heal|p1a: Starmie|100/100\n|\n|upkeep\n|turn|67\n|inactive|Isza has 180 seconds left.\n|\n|t:|1768782035\n|switch|p1a: Chansey|Chansey|72/100 par\n|cant|p2a: Chansey|par\n|\n|upkeep\n|turn|68\n|inactive|nicole7735 has 120 seconds left.\n|\n|t:|1768782047\n|move|p1a: Chansey|Soft-Boiled|p1a: Chansey\n|-heal|p1a: Chansey|100/100 par\n|move|p2a: Chansey|Seismic Toss|p1a: Chansey\n|-damage|p1a: Chansey|86/100 par\n|\n|upkeep\n|turn|69\n|\n|t:|1768782051\n|move|p2a: Chansey|Seismic Toss|p1a: Chansey\n|-damage|p1a: Chansey|72/100 par\n|cant|p1a: Chansey|par\n|\n|upkeep\n|turn|70\n|\n|t:|1768782056\n|switch|p2a: Cloyster|Cloyster|78/100\n|move|p1a: Chansey|Thunder Wave|p2a: Cloyster\n|-status|p2a: Cloyster|par\n|\n|upkeep\n|turn|71\n|inactive|nicole7735 has 120 seconds left.\n|\n|t:|1768782094\n|switch|p1a: Starmie|Starmie|100/100\n|move|p2a: Cloyster|Clamp|p1a: Starmie|[miss]\n|-miss|p2a: Cloyster\n|\n|upkeep\n|turn|72\n|inactive|Isza has 210 seconds left.\n|\n|t:|1768782111\n|switch|p2a: Chansey|Chansey|100/100 par\n|move|p1a: Starmie|Psychic|p2a: Chansey\n|-damage|p2a: Chansey|86/100 par\n|-unboost|p2a: Chansey|spa|1\n|-unboost|p2a: Chansey|spd|1\n|\n|upkeep\n|turn|73\n|\n|t:|1768782116\n|switch|p1a: Chansey|Chansey|72/100 par\n|move|p2a: Chansey|Thunder Wave|p1a: Chansey\n|-fail|p1a: Chansey|par\n|\n|upkeep\n|turn|74\n|inactive|nicole7735 has 120 seconds left.\n|\n|t:|1768782122\n|switch|p2a: Cloyster|Cloyster|78/100 par\n|move|p1a: Chansey|Seismic Toss|p2a: Cloyster\n|-damage|p2a: Cloyster|45/100 par\n|\n|upkeep\n|turn|75\n|inactive|nicole7735 has 120 seconds left.\n|\n|t:|1768782141\n|switch|p1a: Starmie|Starmie|100/100\n|move|p2a: Cloyster|Blizzard|p1a: Starmie\n|-resisted|p1a: Starmie\n|-damage|p1a: Starmie|81/100\n|\n|upkeep\n|turn|76\n|inactive|Isza has 240 seconds left.\n|\n|t:|1768782148\n|switch|p2a: Chansey|Chansey|86/100 par\n|move|p1a: Starmie|Recover|p1a: Starmie\n|-heal|p1a: Starmie|100/100\n|\n|upkeep\n|turn|77\n|\n|t:|1768782155\n|switch|p1a: Chansey|Chansey|72/100 par\n|cant|p2a: Chansey|par\n|\n|upkeep\n|turn|78\n|\n|t:|1768782159\n|switch|p2a: Cloyster|Cloyster|45/100 par\n|move|p1a: Chansey|Seismic Toss|p2a: Cloyster\n|-damage|p2a: Cloyster|12/100 par\n|\n|upkeep\n|turn|79\n|inactive|nicole7735 has 150 seconds left.\n|\n|t:|1768782178\n|switch|p1a: Exeggutor|Exeggutor|100/100\n|move|p2a: Cloyster|Rest|p2a: Cloyster\n|-status|p2a: Cloyster|slp|[from] move: Rest\n|-heal|p2a: Cloyster|100/100 slp|[silent]\n|\n|upkeep\n|turn|80\n|inactive|Isza has 270 seconds left.\n|\n|t:|1768782184\n|switch|p2a: Chansey|Chansey|86/100 par\n|move|p1a: Exeggutor|Psychic|p2a: Chansey\n|-damage|p2a: Chansey|67/100 par\n|\n|upkeep\n|turn|81\n|\n|t:|1768782188\n|move|p1a: Exeggutor|Psychic|p2a: Chansey\n|-damage|p2a: Chansey|50/100 par\n|move|p2a: Chansey|Soft-Boiled|p2a: Chansey\n|-heal|p2a: Chansey|99/100 par\n|\n|upkeep\n|turn|82\n|\n|t:|1768782190\n|switch|p1a: Chansey|Chansey|72/100 par\n|cant|p2a: Chansey|par\n|\n|upkeep\n|turn|83\n|\n|t:|1768782194\n|switch|p2a: Cloyster|Cloyster|100/100 slp\n|move|p1a: Chansey|Seismic Toss|p2a: Cloyster\n|-damage|p2a: Cloyster|67/100 slp\n|\n|upkeep\n|turn|84\n|inactive|nicole7735 has 180 seconds left.\n|\n|t:|1768782216\n|switch|p1a: Starmie|Starmie|100/100\n|cant|p2a: Cloyster|slp\n|\n|upkeep\n|turn|85\n|\n|t:|1768782221\n|switch|p2a: Chansey|Chansey|99/100 par\n|move|p1a: Starmie|Psychic|p2a: Chansey\n|-crit|p2a: Chansey\n|-damage|p2a: Chansey|72/100 par\n|-unboost|p2a: Chansey|spa|1\n|-unboost|p2a: Chansey|spd|1\n|\n|upkeep\n|turn|86\n|\n|t:|1768782238\n|switch|p1a: Chansey|Chansey|72/100 par\n|move|p2a: Chansey|Thunder Wave|p1a: Chansey\n|-fail|p1a: Chansey|par\n|\n|upkeep\n|turn|87\n|\n|t:|1768782247\n|switch|p2a: Cloyster|Cloyster|67/100 slp\n|move|p1a: Chansey|Soft-Boiled|p1a: Chansey\n|-heal|p1a: Chansey|100/100 par\n|\n|upkeep\n|turn|88\n|\n|t:|1768782251\n|-curestatus|p2a: Cloyster|slp|[msg]\n|move|p1a: Chansey|Thunder Wave|p2a: Cloyster\n|-status|p2a: Cloyster|par\n|\n|upkeep\n|turn|89\n|inactive|nicole7735 has 210 seconds left.\n|\n|t:|1768782258\n|cant|p2a: Cloyster|par\n|move|p1a: Chansey|Seismic Toss|p2a: Cloyster\n|-damage|p2a: Cloyster|34/100 par\n|\n|upkeep\n|turn|90\n|inactive|nicole7735 has 210 seconds left.\n|\n|t:|1768782279\n|switch|p1a: Starmie|Starmie|100/100\n|move|p2a: Cloyster|Rest|p2a: Cloyster\n|-status|p2a: Cloyster|slp|[from] move: Rest\n|-heal|p2a: Cloyster|100/100 slp|[silent]\n|\n|upkeep\n|turn|91\n|inactive|nicole7735 has 180 seconds left.\n|inactive|nicole7735 has 150 seconds left.\n|\n|t:|1768782371\n|switch|p2a: Chansey|Chansey|72/100 par\n|move|p1a: Starmie|Psychic|p2a: Chansey\n|-crit|p2a: Chansey\n|-damage|p2a: Chansey|43/100 par\n|-unboost|p2a: Chansey|spa|1\n|-unboost|p2a: Chansey|spd|1\n|\n|upkeep\n|turn|92\n|inactive|nicole7735 has 120 seconds left.\n|inactive|Isza has 270 seconds left.\n|inactive|nicole7735 has 90 seconds left.\n|\n|t:|1768782437\n|switch|p1a: Exeggutor|Exeggutor|100/100\n|cant|p2a: Chansey|par\n|\n|upkeep\n|turn|93\n|inactive|Isza has 270 seconds left.\n|\n|t:|1768782452\n|switch|p2a: Alakazam|Alakazam|100/100\n|move|p1a: Exeggutor|Psychic|p2a: Alakazam\n|-resisted|p2a: Alakazam\n|-damage|p2a: Alakazam|86/100\n|\n|upkeep\n|turn|94\n|inactive|Isza has 270 seconds left.\n|\n|t:|1768782464\n|switch|p1a: Chansey|Chansey|100/100 par\n|move|p2a: Alakazam|Thunder Wave|p1a: Chansey\n|-fail|p1a: Chansey|par\n|\n|upkeep\n|turn|95\n|\n|t:|1768782466\n|switch|p2a: Chansey|Chansey|43/100 par\n|switch|p1a: Tauros|Tauros|46/100\n|\n|upkeep\n|turn|96\n|\n|t:|1768782476\n|move|p1a: Tauros|Body Slam|p2a: Chansey\n|-damage|p2a: Chansey|7/100 par\n|move|p2a: Chansey|Thunder Wave|p1a: Tauros\n|-status|p1a: Tauros|par\n|\n|upkeep\n|turn|97\n|\n|t:|1768782491\n|switch|p2a: Cloyster|Cloyster|100/100 slp\n|move|p1a: Tauros|Body Slam|p2a: Cloyster\n|-damage|p2a: Cloyster|78/100 slp\n|\n|upkeep\n|turn|98\n|\n|t:|1768782501\n|switch|p1a: Starmie|Starmie|100/100\n|cant|p2a: Cloyster|slp\n|\n|upkeep\n|turn|99\n|\n|t:|1768782511\n|switch|p2a: Jynx|Jynx|40/100 slp\n|move|p1a: Starmie|Thunder Wave|p2a: Jynx\n|-fail|p2a: Jynx\n|\n|upkeep\n|turn|100\n|\n|t:|1768782517\n|move|p1a: Starmie|Psychic|p2a: Jynx\n|-resisted|p2a: Jynx\n|-damage|p2a: Jynx|25/100 slp\n|cant|p2a: Jynx|slp\n|\n|upkeep\n|turn|101\n|\n|t:|1768782520\n|switch|p2a: Alakazam|Alakazam|86/100\n|move|p1a: Starmie|Psychic|p2a: Alakazam\n|-resisted|p2a: Alakazam\n|-damage|p2a: Alakazam|72/100\n|\n|upkeep\n|turn|102\n|\n|t:|1768782533\n|switch|p1a: Chansey|Chansey|100/100 par\n|move|p2a: Alakazam|Thunder Wave|p1a: Chansey\n|-fail|p1a: Chansey|par\n|\n|upkeep\n|turn|103\n|\n|t:|1768782537\n|move|p2a: Alakazam|Psychic|p1a: Chansey\n|-damage|p1a: Chansey|84/100 par\n|move|p1a: Chansey|Seismic Toss|p2a: Alakazam\n|-damage|p2a: Alakazam|40/100\n|\n|upkeep\n|turn|104\n|\n|t:|1768782541\n|move|p2a: Alakazam|Recover|p2a: Alakazam\n|-heal|p2a: Alakazam|90/100\n|move|p1a: Chansey|Thunder Wave|p2a: Alakazam\n|-status|p2a: Alakazam|par\n|\n|upkeep\n|turn|105\n|\n|t:|1768782544\n|move|p2a: Alakazam|Psychic|p1a: Chansey\n|-damage|p1a: Chansey|65/100 par\n|-unboost|p1a: Chansey|spa|1\n|-unboost|p1a: Chansey|spd|1\n|move|p1a: Chansey|Seismic Toss|p2a: Alakazam\n|-damage|p2a: Alakazam|58/100 par\n|\n|upkeep\n|turn|106\n|\n|t:|1768782554\n|move|p2a: Alakazam|Recover|p2a: Alakazam\n|-heal|p2a: Alakazam|100/100 par\n|move|p1a: Chansey|Seismic Toss|p2a: Alakazam\n|-damage|p2a: Alakazam|69/100 par\n|\n|upkeep\n|turn|107\n|\n|t:|1768782559\n|move|p2a: Alakazam|Psychic|p1a: Chansey\n|-damage|p1a: Chansey|37/100 par\n|move|p1a: Chansey|Seismic Toss|p2a: Alakazam\n|-damage|p2a: Alakazam|37/100 par\n|\n|upkeep\n|turn|108\n|\n|t:|1768782566\n|cant|p2a: Alakazam|par\n|move|p1a: Chansey|Soft-Boiled|p1a: Chansey\n|-heal|p1a: Chansey|87/100 par\n|\n|upkeep\n|turn|109\n|inactive|nicole7735 has 180 seconds left.\n|\n|t:|1768782572\n|cant|p2a: Alakazam|par\n|move|p1a: Chansey|Seismic Toss|p2a: Alakazam\n|-damage|p2a: Alakazam|5/100 par\n|\n|upkeep\n|turn|110\n|inactive|nicole7735 has 180 seconds left.\n|\n|t:|1768782604\n|switch|p1a: Exeggutor|Exeggutor|100/100\n|cant|p2a: Alakazam|par\n|\n|upkeep\n|turn|111\n|\n|t:|1768782613\n|switch|p2a: Jynx|Jynx|25/100 slp\n|move|p1a: Exeggutor|Psychic|p2a: Jynx\n|-resisted|p2a: Jynx\n|-damage|p2a: Jynx|6/100 slp\n|\n|upkeep\n|turn|112\n|\n|t:|1768782618\n|cant|p2a: Jynx|slp\n|move|p1a: Exeggutor|Psychic|p2a: Jynx\n|-resisted|p2a: Jynx\n|-damage|p2a: Jynx|0 fnt\n|faint|p2a: Jynx\n|\n|t:|1768782621\n|switch|p2a: Tauros|Tauros|71/100\n|turn|113\n|\n|t:|1768782625\n|move|p2a: Tauros|Body Slam|p1a: Exeggutor\n|-damage|p1a: Exeggutor|72/100\n|move|p1a: Exeggutor|Psychic|p2a: Tauros\n|-damage|p2a: Tauros|29/100\n|-unboost|p2a: Tauros|spa|1\n|-unboost|p2a: Tauros|spd|1\n|\n|upkeep\n|turn|114\n|\n|t:|1768782630\n|move|p2a: Tauros|Body Slam|p1a: Exeggutor\n|-crit|p1a: Exeggutor\n|-damage|p1a: Exeggutor|16/100\n|move|p1a: Exeggutor|Explosion|p2a: Tauros\n|-damage|p2a: Tauros|0 fnt\n|faint|p2a: Tauros\n|faint|p1a: Exeggutor\n|\n|t:|1768782643\n|switch|p2a: Cloyster|Cloyster|78/100 slp\n|switch|p1a: Starmie|Starmie|100/100\n|turn|115\n|\n|t:|1768782649\n|move|p1a: Starmie|Thunderbolt|p2a: Cloyster\n|-crit|p2a: Cloyster\n|-supereffective|p2a: Cloyster\n|-damage|p2a: Cloyster|0 fnt\n|faint|p2a: Cloyster\n|\n|t:|1768782656\n|switch|p2a: Chansey|Chansey|7/100 par\n|turn|116\n|\n|t:|1768782659\n|move|p1a: Starmie|Psychic|p2a: Chansey\n|-damage|p2a: Chansey|0 fnt\n|faint|p2a: Chansey\n|\n|t:|1768782661\n|switch|p2a: Alakazam|Alakazam|5/100 par\n|turn|117\n|\n|t:|1768782663\n|move|p1a: Starmie|Psychic|p2a: Alakazam\n|-crit|p2a: Alakazam\n|-resisted|p2a: Alakazam\n|-damage|p2a: Alakazam|0 fnt\n|faint|p2a: Alakazam\n|\n|win|nicole7735\n|c|☆Isza|gg\n|c|☆nicole7735|gg\n","uploadtime":1768782663,"views":"1196","formatid":"gen1ou","rating":null,"private":0,"password":null}