{"id":"smogtours-gen1ou-945475","format":"[Gen 1] OU","players":["Kristyl ★","fiishing"],"log":"|inactive|Battle timer is ON: inactive players will automatically lose when time's up.\n|badge|p2|silver|gen9ou|30-9\n|uhtml|medal-msg|<div class=\"broadcast-blue\">Curious what those medals under the avatar are? PS now has Ladder Seasons! For more information, check out the <a href=\"https://www.smogon.com/forums/threads/3740067/\">thread on Smogon.</a></div>\n|t:|1781216342\n|gametype|singles\n|player|p1|Kristyl ★|dawn|\n|player|p2|fiishing|miku-water|\n|gen|1\n|tier|[Gen 1] OU\n|rule|Desync Clause Mod: Desyncs changed to move failure.\n|rule|HP Percentage Mod: HP is shown in percentages\n|rule|Endless Battle Clause: Forcing endless battles is banned\n|rule|Sleep Clause Mod: Limit one foe put to sleep\n|rule|Freeze Clause Mod: Limit one foe frozen\n|rule|Species Clause: Limit one of each Pokémon\n|rule|OHKO Clause: OHKO moves are banned\n|rule|Evasion Moves Clause: Evasion moves are banned\n|\n|t:|1781216342\n|teamsize|p1|6\n|teamsize|p2|6\n|start\n|switch|p1a: Jynx|Jynx|100/100\n|switch|p2a: Gengar|Gengar|100/100\n|turn|1\n|c|☆fiishing|glhf\n|\n|t:|1781216349\n|move|p2a: Gengar|Hypnosis|p1a: Jynx\n|-status|p1a: Jynx|slp|[from] move: Hypnosis\n|cant|p1a: Jynx|slp\n|\n|upkeep\n|turn|2\n|c|☆Kristyl ★|u2\n|\n|t:|1781216355\n|move|p2a: Gengar|Thunderbolt|p1a: Jynx\n|-damage|p1a: Jynx|73/100 slp\n|cant|p1a: Jynx|slp\n|\n|upkeep\n|turn|3\n|\n|t:|1781216361\n|switch|p1a: Chansey|Chansey|100/100\n|move|p2a: Gengar|Psychic|p1a: Chansey\n|-damage|p1a: Chansey|89/100\n|-unboost|p1a: Chansey|spa|1\n|-unboost|p1a: Chansey|spd|1\n|\n|upkeep\n|turn|4\n|\n|t:|1781216368\n|move|p2a: Gengar|Thunderbolt|p1a: Chansey\n|-damage|p1a: Chansey|71/100\n|move|p1a: Chansey|Soft-Boiled|p1a: Chansey\n|-heal|p1a: Chansey|100/100\n|\n|upkeep\n|turn|5\n|\n|t:|1781216373\n|move|p2a: Gengar|Thunderbolt|p1a: Chansey\n|-crit|p1a: Chansey\n|-damage|p1a: Chansey|78/100\n|move|p1a: Chansey|Thunder Wave|p2a: Gengar\n|-status|p2a: Gengar|par\n|\n|upkeep\n|turn|6\n|\n|t:|1781216380\n|move|p1a: Chansey|Soft-Boiled|p1a: Chansey\n|-heal|p1a: Chansey|100/100\n|move|p2a: Gengar|Psychic|p1a: Chansey\n|-damage|p1a: Chansey|82/100\n|-unboost|p1a: Chansey|spa|1\n|-unboost|p1a: Chansey|spd|1\n|\n|upkeep\n|turn|7\n|\n|t:|1781216384\n|move|p1a: Chansey|Soft-Boiled|p1a: Chansey\n|-heal|p1a: Chansey|100/100\n|cant|p2a: Gengar|par\n|\n|upkeep\n|turn|8\n|\n|t:|1781216386\n|switch|p1a: Jynx|Jynx|73/100 slp\n|move|p2a: Gengar|Thunderbolt|p1a: Jynx\n|-crit|p1a: Jynx\n|-damage|p1a: Jynx|21/100 slp\n|\n|upkeep\n|turn|9\n|\n|t:|1781216390\n|switch|p1a: Chansey|Chansey|100/100\n|cant|p2a: Gengar|par\n|\n|upkeep\n|turn|10\n|\n|t:|1781216398\n|move|p1a: Chansey|Seismic Toss|p2a: Gengar\n|-damage|p2a: Gengar|70/100 par\n|move|p2a: Gengar|Thunderbolt|p1a: Chansey\n|-damage|p1a: Chansey|89/100\n|-status|p1a: Chansey|par\n|\n|upkeep\n|turn|11\n|\n|t:|1781216403\n|move|p2a: Gengar|Explosion|p1a: Chansey\n|-damage|p1a: Chansey|6/100 par\n|faint|p2a: Gengar\n|\n|t:|1781216409\n|switch|p2a: Tauros|Tauros|100/100\n|turn|12\n|\n|t:|1781216417\n|move|p2a: Tauros|Body Slam|p1a: Chansey\n|-damage|p1a: Chansey|0 fnt\n|faint|p1a: Chansey\n|\n|t:|1781216422\n|switch|p1a: Exeggutor|Exeggutor|100/100\n|turn|13\n|\n|t:|1781216430\n|switch|p2a: Chansey|Chansey|100/100\n|move|p1a: Exeggutor|Sleep Powder|p2a: Chansey\n|-status|p2a: Chansey|slp|[from] move: Sleep Powder\n|\n|upkeep\n|turn|14\n|\n|t:|1781216434\n|switch|p1a: Snorlax|Snorlax|100/100\n|switch|p2a: Exeggutor|Exeggutor|100/100\n|\n|upkeep\n|turn|15\n|\n|t:|1781216440\n|switch|p1a: Exeggutor|Exeggutor|100/100\n|move|p2a: Exeggutor|Stun Spore|p1a: Exeggutor\n|-status|p1a: Exeggutor|par\n|\n|upkeep\n|turn|16\n|\n|t:|1781216445\n|move|p2a: Exeggutor|Psychic|p1a: Exeggutor\n|-resisted|p1a: Exeggutor\n|-damage|p1a: Exeggutor|88/100 par\n|cant|p1a: Exeggutor|par\n|\n|upkeep\n|turn|17\n|\n|t:|1781216450\n|move|p2a: Exeggutor|Psychic|p1a: Exeggutor\n|-resisted|p1a: Exeggutor\n|-damage|p1a: Exeggutor|75/100 par\n|move|p1a: Exeggutor|Stun Spore|p2a: Exeggutor\n|-status|p2a: Exeggutor|par\n|\n|upkeep\n|turn|18\n|\n|t:|1781216454\n|move|p2a: Exeggutor|Psychic|p1a: Exeggutor\n|-resisted|p1a: Exeggutor\n|-damage|p1a: Exeggutor|62/100 par\n|move|p1a: Exeggutor|Psychic|p2a: Exeggutor\n|-resisted|p2a: Exeggutor\n|-damage|p2a: Exeggutor|86/100 par\n|\n|upkeep\n|turn|19\n|\n|t:|1781216463\n|move|p1a: Exeggutor|Explosion|p2a: Exeggutor\n|-damage|p2a: Exeggutor|7/100 par\n|faint|p1a: Exeggutor\n|\n|t:|1781216466\n|switch|p1a: Snorlax|Snorlax|100/100\n|turn|20\n|\n|t:|1781216471\n|move|p1a: Snorlax|Body Slam|p2a: Exeggutor\n|-damage|p2a: Exeggutor|0 fnt\n|faint|p2a: Exeggutor\n|\n|t:|1781216474\n|switch|p2a: Snorlax|Snorlax|100/100\n|turn|21\n|\n|t:|1781216477\n|move|p1a: Snorlax|Reflect|p1a: Snorlax\n|-start|p1a: Snorlax|Reflect\n|move|p2a: Snorlax|Body Slam|p1a: Snorlax\n|-damage|p1a: Snorlax|87/100\n|\n|upkeep\n|turn|22\n|\n|t:|1781216482\n|move|p1a: Snorlax|Body Slam|p2a: Snorlax\n|-damage|p2a: Snorlax|75/100\n|move|p2a: Snorlax|Reflect|p2a: Snorlax\n|-start|p2a: Snorlax|Reflect\n|\n|upkeep\n|turn|23\n|\n|t:|1781216495\n|move|p1a: Snorlax|Body Slam|p2a: Snorlax\n|-damage|p2a: Snorlax|60/100\n|move|p2a: Snorlax|Body Slam|p1a: Snorlax\n|-damage|p1a: Snorlax|74/100\n|\n|upkeep\n|turn|24\n|\n|t:|1781216522\n|move|p1a: Snorlax|Body Slam|p2a: Snorlax\n|-damage|p2a: Snorlax|48/100\n|move|p2a: Snorlax|Body Slam|p1a: Snorlax\n|-damage|p1a: Snorlax|61/100\n|\n|upkeep\n|turn|25\n|\n|t:|1781216527\n|move|p2a: Snorlax|Rest|p2a: Snorlax\n|-status|p2a: Snorlax|slp|[from] move: Rest\n|-heal|p2a: Snorlax|100/100 slp|[silent]\n|move|p1a: Snorlax|Body Slam|p2a: Snorlax\n|-damage|p2a: Snorlax|87/100 slp\n|\n|upkeep\n|turn|26\n|\n|t:|1781216530\n|cant|p2a: Snorlax|slp\n|move|p1a: Snorlax|Rest|p1a: Snorlax\n|-status|p1a: Snorlax|slp|[from] move: Rest\n|-heal|p1a: Snorlax|100/100 slp|[silent]\n|\n|upkeep\n|turn|27\n|\n|t:|1781216531\n|-curestatus|p2a: Snorlax|slp|[msg]\n|cant|p1a: Snorlax|slp\n|\n|upkeep\n|turn|28\n|\n|t:|1781216533\n|-curestatus|p1a: Snorlax|slp|[msg]\n|move|p2a: Snorlax|Body Slam|p1a: Snorlax\n|-damage|p1a: Snorlax|87/100\n|\n|upkeep\n|turn|29\n|\n|t:|1781216540\n|move|p1a: Snorlax|Body Slam|p2a: Snorlax\n|-crit|p2a: Snorlax\n|-damage|p2a: Snorlax|32/100\n|move|p2a: Snorlax|Body Slam|p1a: Snorlax\n|-damage|p1a: Snorlax|74/100\n|\n|upkeep\n|turn|30\n|\n|t:|1781216545\n|switch|p1a: Starmie|Starmie|100/100\n|move|p2a: Snorlax|Rest|p2a: Snorlax\n|-status|p2a: Snorlax|slp|[from] move: Rest\n|-heal|p2a: Snorlax|100/100 slp|[silent]\n|\n|upkeep\n|turn|31\n|\n|t:|1781216569\n|move|p1a: Starmie|Psychic|p2a: Snorlax\n|-crit|p2a: Snorlax\n|-damage|p2a: Snorlax|46/100 slp\n|cant|p2a: Snorlax|slp\n|\n|upkeep\n|turn|32\n|\n|t:|1781216572\n|switch|p2a: Chansey|Chansey|100/100 slp\n|move|p1a: Starmie|Psychic|p2a: Chansey\n|-damage|p2a: Chansey|86/100 slp\n|\n|upkeep\n|turn|33\n|\n|t:|1781216576\n|switch|p1a: Snorlax|Snorlax|74/100\n|cant|p2a: Chansey|slp\n|\n|upkeep\n|turn|34\n|\n|t:|1781216579\n|switch|p2a: Snorlax|Snorlax|46/100 slp\n|move|p1a: Snorlax|Body Slam|p2a: Snorlax\n|-damage|p2a: Snorlax|20/100 slp\n|\n|upkeep\n|turn|35\n|\n|t:|1781216583\n|-curestatus|p2a: Snorlax|slp|[msg]\n|move|p1a: Snorlax|Body Slam|p2a: Snorlax\n|-damage|p2a: Snorlax|0 fnt\n|faint|p2a: Snorlax\n|\n|t:|1781216586\n|switch|p2a: Tauros|Tauros|100/100\n|turn|36\n|\n|t:|1781216597\n|switch|p1a: Jynx|Jynx|21/100 slp\n|move|p2a: Tauros|Body Slam|p1a: Jynx\n|-damage|p1a: Jynx|0 fnt\n|faint|p1a: Jynx\n|\n|t:|1781216598\n|switch|p1a: Starmie|Starmie|100/100\n|turn|37\n|\n|t:|1781216602\n|switch|p2a: Chansey|Chansey|86/100 slp\n|move|p1a: Starmie|Thunder Wave|p2a: Chansey\n|-fail|p2a: Chansey\n|\n|upkeep\n|turn|38\n|\n|t:|1781216607\n|switch|p1a: Snorlax|Snorlax|74/100\n|switch|p2a: Tauros|Tauros|100/100\n|\n|upkeep\n|turn|39\n|\n|t:|1781216613\n|move|p2a: Tauros|Body Slam|p1a: Snorlax\n|-damage|p1a: Snorlax|48/100\n|move|p1a: Snorlax|Self-Destruct|p2a: Tauros\n|-damage|p2a: Tauros|12/100\n|faint|p1a: Snorlax\n|\n|t:|1781216616\n|switch|p1a: Starmie|Starmie|100/100\n|turn|40\n|\n|t:|1781216628\n|switch|p2a: Chansey|Chansey|86/100 slp\n|move|p1a: Starmie|Psychic|p2a: Chansey\n|-damage|p2a: Chansey|71/100 slp\n|-unboost|p2a: Chansey|spa|1\n|-unboost|p2a: Chansey|spd|1\n|\n|upkeep\n|turn|41\n|\n|t:|1781216630\n|switch|p1a: Tauros|Tauros|100/100\n|cant|p2a: Chansey|slp\n|\n|upkeep\n|turn|42\n|\n|t:|1781216634\n|move|p1a: Tauros|Body Slam|p2a: Chansey\n|-damage|p2a: Chansey|29/100 slp\n|cant|p2a: Chansey|slp\n|\n|upkeep\n|turn|43\n|\n|t:|1781216640\n|move|p1a: Tauros|Body Slam|p2a: Chansey\n|-damage|p2a: Chansey|0 fnt\n|faint|p2a: Chansey\n|\n|t:|1781216642\n|switch|p2a: Zapdos|Zapdos|100/100\n|turn|44\n|\n|t:|1781216647\n|move|p1a: Tauros|Body Slam|p2a: Zapdos\n|-damage|p2a: Zapdos|72/100\n|move|p2a: Zapdos|Thunder Wave|p1a: Tauros\n|-status|p1a: Tauros|par\n|\n|upkeep\n|turn|45\n|inactive|fiishing has 270 seconds left.\n|\n|t:|1781216679\n|move|p2a: Zapdos|Thunderbolt|p1a: Tauros\n|-crit|p1a: Tauros\n|-damage|p1a: Tauros|3/100 par\n|move|p1a: Tauros|Body Slam|p2a: Zapdos\n|-crit|p2a: Zapdos\n|-damage|p2a: Zapdos|18/100\n|\n|upkeep\n|turn|46\n|\n|t:|1781216689\n|move|p2a: Zapdos|Agility|p2a: Zapdos\n|-boost|p2a: Zapdos|spe|2\n|cant|p1a: Tauros|par\n|\n|upkeep\n|turn|47\n|\n|t:|1781216692\n|move|p2a: Zapdos|Thunderbolt|p1a: Tauros\n|-crit|p1a: Tauros\n|-damage|p1a: Tauros|0 fnt\n|faint|p1a: Tauros\n|\n|t:|1781216693\n|switch|p1a: Starmie|Starmie|100/100\n|turn|48\n|inactive|fiishing has 270 seconds left.\n|\n|t:|1781216725\n|move|p2a: Zapdos|Thunder Wave|p1a: Starmie\n|-status|p1a: Starmie|par\n|move|p1a: Starmie|Psychic|p2a: Zapdos\n|-crit|p2a: Zapdos\n|-damage|p2a: Zapdos|0 fnt\n|faint|p2a: Zapdos\n|\n|t:|1781216727\n|switch|p2a: Tauros|Tauros|12/100\n|turn|49\n|\n|t:|1781216732\n|move|p2a: Tauros|Body Slam|p1a: Starmie\n|-crit|p1a: Starmie\n|-damage|p1a: Starmie|39/100 par\n|move|p1a: Starmie|Psychic|p2a: Tauros\n|-crit|p2a: Tauros\n|-damage|p2a: Tauros|0 fnt\n|faint|p2a: Tauros\n|\n|win|Kristyl ★\n","uploadtime":1781216732,"views":"80","formatid":"gen1ou","rating":null,"private":0,"password":null}