{"id":"smogtours-gen1ou-919056","format":"[Gen 1] OU","players":["BeeOrSomething","Girls See Ghosts"],"log":"|inactive|Battle timer is ON: inactive players will automatically lose when time's up.\n|t:|1774114411\n|gametype|singles\n|player|p1|BeeOrSomething|#beeorsomething|\n|player|p2|Girls See Ghosts|#splxviisharks|\n|gen|1\n|tier|[Gen 1] OU\n|rule|Desync Clause Mod: Desyncs changed to move failure.\n|rule|HP Percentage Mod: HP is shown in percentages\n|rule|Endless Battle Clause: Forcing endless battles is banned\n|rule|Sleep Clause Mod: Limit one foe put to sleep\n|rule|Freeze Clause Mod: Limit one foe frozen\n|rule|Species Clause: Limit one of each Pokémon\n|rule|OHKO Clause: OHKO moves are banned\n|rule|Evasion Moves Clause: Evasion moves are banned\n|\n|t:|1774114411\n|teamsize|p1|6\n|teamsize|p2|6\n|start\n|switch|p1a: Konnichiwagwan|Gengar|100/100\n|switch|p2a: Starmie|Starmie|100/100\n|turn|1\n|c|☆BeeOrSomething|glhf\n|c|☆Girls See Ghosts|glhf\n|rated|Smogon Premier League\n|inactive|BeeOrSomething has 270 seconds left.\n|inactive|Girls See Ghosts has 270 seconds left.\n|\n|t:|1774114455\n|switch|p2a: Exeggutor|Exeggutor|100/100\n|switch|p1a: Moshimosheesh|Chansey|100/100\n|\n|upkeep\n|turn|2\n|\n|t:|1774114463\n|move|p2a: Exeggutor|Sleep Powder|p1a: Moshimosheesh\n|-status|p1a: Moshimosheesh|slp|[from] move: Sleep Powder\n|-curestatus|p1a: Moshimosheesh|slp|[msg]\n|\n|upkeep\n|turn|3\n|\n|t:|1774114467\n|switch|p1a: Konnichiwagwan|Gengar|100/100\n|move|p2a: Exeggutor|Sleep Powder|p1a: Konnichiwagwan\n|-status|p1a: Konnichiwagwan|slp|[from] move: Sleep Powder\n|\n|upkeep\n|turn|4\n|\n|t:|1774114477\n|switch|p1a: Minna-Slimes|Exeggutor|100/100\n|move|p2a: Exeggutor|Stun Spore|p1a: Minna-Slimes\n|-status|p1a: Minna-Slimes|par\n|\n|upkeep\n|turn|5\n|\n|t:|1774114491\n|move|p2a: Exeggutor|Psychic|p1a: Minna-Slimes\n|-resisted|p1a: Minna-Slimes\n|-damage|p1a: Minna-Slimes|88/100 par\n|cant|p1a: Minna-Slimes|par\n|\n|upkeep\n|turn|6\n|\n|t:|1774114498\n|move|p2a: Exeggutor|Psychic|p1a: Minna-Slimes\n|-resisted|p1a: Minna-Slimes\n|-damage|p1a: Minna-Slimes|75/100 par\n|cant|p1a: Minna-Slimes|par\n|\n|upkeep\n|turn|7\n|\n|t:|1774114502\n|move|p2a: Exeggutor|Psychic|p1a: Minna-Slimes\n|-resisted|p1a: Minna-Slimes\n|-damage|p1a: Minna-Slimes|62/100 par\n|-unboost|p1a: Minna-Slimes|spa|1\n|-unboost|p1a: Minna-Slimes|spd|1\n|cant|p1a: Minna-Slimes|par\n|\n|upkeep\n|turn|8\n|\n|t:|1774114509\n|move|p2a: Exeggutor|Psychic|p1a: Minna-Slimes\n|-crit|p1a: Minna-Slimes\n|-resisted|p1a: Minna-Slimes\n|-damage|p1a: Minna-Slimes|38/100 par\n|-unboost|p1a: Minna-Slimes|spa|1\n|-unboost|p1a: Minna-Slimes|spd|1\n|move|p1a: Minna-Slimes|Sleep Powder|p2a: Exeggutor\n|-status|p2a: Exeggutor|slp|[from] move: Sleep Powder\n|\n|upkeep\n|turn|9\n|\n|t:|1774114525\n|switch|p2a: Chansey|Chansey|100/100\n|switch|p1a: Moshimosheesh|Chansey|100/100\n|\n|upkeep\n|turn|10\n|\n|t:|1774114531\n|move|p2a: Chansey|Thunder Wave|p1a: Moshimosheesh\n|-status|p1a: Moshimosheesh|par\n|move|p1a: Moshimosheesh|Thunder Wave|p2a: Chansey\n|-status|p2a: Chansey|par\n|\n|upkeep\n|turn|11\n|\n|t:|1774114549\n|move|p1a: Moshimosheesh|Thunder Wave|p2a: Chansey\n|-fail|p2a: Chansey|par\n|cant|p2a: Chansey|par\n|\n|upkeep\n|turn|12\n|\n|t:|1774114553\n|move|p1a: Moshimosheesh|Ice Beam|p2a: Chansey\n|-damage|p2a: Chansey|89/100 par\n|cant|p2a: Chansey|par\n|\n|upkeep\n|turn|13\n|\n|t:|1774114557\n|move|p2a: Chansey|Ice Beam|p1a: Moshimosheesh\n|-damage|p1a: Moshimosheesh|90/100 par\n|cant|p1a: Moshimosheesh|par\n|\n|upkeep\n|turn|14\n|\n|t:|1774114561\n|move|p2a: Chansey|Thunder Wave|p1a: Moshimosheesh\n|-fail|p1a: Moshimosheesh|par\n|move|p1a: Moshimosheesh|Ice Beam|p2a: Chansey\n|-damage|p2a: Chansey|79/100 par\n|\n|upkeep\n|turn|15\n|\n|t:|1774114568\n|switch|p2a: Snorlax|Snorlax|100/100\n|switch|p1a: Croski-Kun|Snorlax|100/100\n|\n|upkeep\n|turn|16\n|\n|t:|1774114574\n|move|p1a: Croski-Kun|Reflect|p1a: Croski-Kun\n|-start|p1a: Croski-Kun|Reflect\n|move|p2a: Snorlax|Reflect|p2a: Snorlax\n|-start|p2a: Snorlax|Reflect\n|\n|upkeep\n|turn|17\n|\n|t:|1774114578\n|move|p1a: Croski-Kun|Ice Beam|p2a: Snorlax\n|-damage|p2a: Snorlax|87/100\n|move|p2a: Snorlax|Body Slam|p1a: Croski-Kun\n|-damage|p1a: Croski-Kun|87/100\n|\n|upkeep\n|turn|18\n|\n|t:|1774114587\n|move|p2a: Snorlax|Body Slam|p1a: Croski-Kun\n|-damage|p1a: Croski-Kun|73/100\n|move|p1a: Croski-Kun|Ice Beam|p2a: Snorlax\n|-damage|p2a: Snorlax|71/100\n|\n|upkeep\n|turn|19\n|\n|t:|1774114602\n|move|p2a: Snorlax|Body Slam|p1a: Croski-Kun\n|-crit|p1a: Croski-Kun\n|-damage|p1a: Croski-Kun|20/100\n|move|p1a: Croski-Kun|Ice Beam|p2a: Snorlax\n|-damage|p2a: Snorlax|57/100\n|\n|upkeep\n|turn|20\n|\n|t:|1774114612\n|switch|p2a: Starmie|Starmie|100/100\n|move|p1a: Croski-Kun|Rest|p1a: Croski-Kun\n|-status|p1a: Croski-Kun|slp|[from] move: Rest\n|-heal|p1a: Croski-Kun|100/100 slp|[silent]\n|\n|upkeep\n|turn|21\n|\n|t:|1774114618\n|switch|p1a: Moshimosheesh|Chansey|90/100 par\n|move|p2a: Starmie|Psychic|p1a: Moshimosheesh\n|-damage|p1a: Moshimosheesh|77/100 par\n|-unboost|p1a: Moshimosheesh|spa|1\n|-unboost|p1a: Moshimosheesh|spd|1\n|\n|upkeep\n|turn|22\n|\n|t:|1774114626\n|switch|p2a: Snorlax|Snorlax|57/100\n|move|p1a: Moshimosheesh|Thunder Wave|p2a: Snorlax\n|-status|p2a: Snorlax|par\n|\n|upkeep\n|turn|23\n|\n|t:|1774114636\n|switch|p1a: Konnichiwagwan|Gengar|100/100 slp\n|move|p2a: Snorlax|Body Slam|p1a: Konnichiwagwan\n|-immune|p1a: Konnichiwagwan\n|\n|upkeep\n|turn|24\n|inactive|BeeOrSomething has 270 seconds left.\n|\n|t:|1774114670\n|switch|p1a: Minna-Slimes|Exeggutor|38/100 par\n|switch|p2a: Tauros|Tauros|100/100\n|\n|upkeep\n|turn|25\n|\n|t:|1774114679\n|switch|p1a: Sumima Say Less|Starmie|100/100\n|move|p2a: Tauros|Hyper Beam|p1a: Sumima Say Less\n|-damage|p1a: Sumima Say Less|35/100\n|-mustrecharge|p2a: Tauros\n|\n|upkeep\n|turn|26\n|\n|t:|1774114682\n|move|p1a: Sumima Say Less|Thunder Wave|p2a: Tauros\n|-status|p2a: Tauros|par\n|cant|p2a: Tauros|recharge\n|\n|upkeep\n|turn|27\n|\n|t:|1774114689\n|move|p1a: Sumima Say Less|Recover|p1a: Sumima Say Less\n|-heal|p1a: Sumima Say Less|85/100\n|move|p2a: Tauros|Body Slam|p1a: Sumima Say Less\n|-damage|p1a: Sumima Say Less|53/100\n|-status|p1a: Sumima Say Less|par\n|\n|upkeep\n|turn|28\n|\n|t:|1774114704\n|switch|p2a: Chansey|Chansey|79/100 par\n|cant|p1a: Sumima Say Less|par\n|\n|upkeep\n|turn|29\n|\n|t:|1774114708\n|cant|p1a: Sumima Say Less|par\n|move|p2a: Chansey|Thunderbolt|p1a: Sumima Say Less\n|-supereffective|p1a: Sumima Say Less\n|-damage|p1a: Sumima Say Less|3/100 par\n|\n|upkeep\n|turn|30\n|\n|t:|1774114712\n|move|p1a: Sumima Say Less|Recover|p1a: Sumima Say Less\n|-heal|p1a: Sumima Say Less|53/100 par\n|move|p2a: Chansey|Thunderbolt|p1a: Sumima Say Less\n|-supereffective|p1a: Sumima Say Less\n|-damage|p1a: Sumima Say Less|5/100 par\n|\n|upkeep\n|turn|31\n|\n|t:|1774114717\n|cant|p1a: Sumima Say Less|par\n|move|p2a: Chansey|Thunderbolt|p1a: Sumima Say Less\n|-supereffective|p1a: Sumima Say Less\n|-damage|p1a: Sumima Say Less|0 fnt\n|faint|p1a: Sumima Say Less\n|\n|t:|1774114728\n|switch|p1a: Croski-Kun|Snorlax|100/100 slp\n|turn|32\n|\n|t:|1774114744\n|switch|p2a: Snorlax|Snorlax|57/100 par\n|cant|p1a: Croski-Kun|slp\n|\n|upkeep\n|turn|33\n|\n|t:|1774114750\n|switch|p1a: Konnichiwagwan|Gengar|100/100 slp\n|move|p2a: Snorlax|Reflect|p2a: Snorlax\n|-start|p2a: Snorlax|Reflect\n|\n|upkeep\n|turn|34\n|\n|t:|1774114755\n|switch|p1a: Minna-Slimes|Exeggutor|38/100 par\n|cant|p2a: Snorlax|par\n|\n|upkeep\n|turn|35\n|\n|t:|1774114762\n|move|p1a: Minna-Slimes|Psychic|p2a: Snorlax\n|-damage|p2a: Snorlax|27/100 par\n|-unboost|p2a: Snorlax|spa|1\n|-unboost|p2a: Snorlax|spd|1\n|move|p2a: Snorlax|Body Slam|p1a: Minna-Slimes\n|-damage|p1a: Minna-Slimes|7/100 par\n|\n|upkeep\n|turn|36\n|inactive|BeeOrSomething has 270 seconds left.\n|inactive|Girls See Ghosts has 270 seconds left.\n|inactive|BeeOrSomething has 240 seconds left.\n|\n|t:|1774114833\n|move|p1a: Minna-Slimes|Psychic|p2a: Snorlax\n|-damage|p2a: Snorlax|0 fnt\n|faint|p2a: Snorlax\n|\n|t:|1774114839\n|switch|p2a: Rhydon|Rhydon|100/100\n|turn|37\n|inactive|BeeOrSomething has 240 seconds left.\n|\n|t:|1774114853\n|switch|p1a: Konnichiwagwan|Gengar|100/100 slp\n|move|p2a: Rhydon|Earthquake|p1a: Konnichiwagwan\n|-supereffective|p1a: Konnichiwagwan\n|-damage|p1a: Konnichiwagwan|0 fnt\n|faint|p1a: Konnichiwagwan\n|\n|t:|1774114856\n|switch|p1a: On Kamisama|Tauros|100/100\n|turn|38\n|inactive|Girls See Ghosts has 270 seconds left.\n|\n|t:|1774114880\n|switch|p2a: Exeggutor|Exeggutor|100/100 slp\n|move|p1a: On Kamisama|Blizzard|p2a: Exeggutor\n|-crit|p2a: Exeggutor\n|-supereffective|p2a: Exeggutor\n|-damage|p2a: Exeggutor|42/100 slp\n|\n|upkeep\n|turn|39\n|\n|t:|1774114885\n|move|p1a: On Kamisama|Body Slam|p2a: Exeggutor\n|-damage|p2a: Exeggutor|16/100 slp\n|cant|p2a: Exeggutor|slp\n|\n|upkeep\n|turn|40\n|\n|t:|1774114888\n|move|p1a: On Kamisama|Body Slam|p2a: Exeggutor\n|-damage|p2a: Exeggutor|0 fnt\n|faint|p2a: Exeggutor\n|\n|t:|1774114890\n|switch|p2a: Starmie|Starmie|100/100\n|turn|41\n|inactive|BeeOrSomething has 270 seconds left.\n|inactive|Girls See Ghosts has 270 seconds left.\n|inactive|BeeOrSomething has 240 seconds left.\n|\n|t:|1774114945\n|switch|p1a: Moshimosheesh|Chansey|77/100 par\n|move|p2a: Starmie|Psychic|p1a: Moshimosheesh\n|-damage|p1a: Moshimosheesh|61/100 par\n|-unboost|p1a: Moshimosheesh|spa|1\n|-unboost|p1a: Moshimosheesh|spd|1\n|\n|upkeep\n|turn|42\n|inactive|BeeOrSomething has 240 seconds left.\n|\n|t:|1774114979\n|switch|p2a: Rhydon|Rhydon|100/100\n|move|p1a: Moshimosheesh|Ice Beam|p2a: Rhydon\n|-supereffective|p2a: Rhydon\n|-damage|p2a: Rhydon|61/100\n|\n|upkeep\n|turn|43\n|\n|t:|1774114985\n|switch|p1a: Minna-Slimes|Exeggutor|7/100 par\n|move|p2a: Rhydon|Earthquake|p1a: Minna-Slimes\n|-crit|p1a: Minna-Slimes\n|-resisted|p1a: Minna-Slimes\n|-damage|p1a: Minna-Slimes|0 fnt\n|faint|p1a: Minna-Slimes\n|\n|t:|1774114988\n|switch|p1a: On Kamisama|Tauros|100/100\n|turn|44\n|inactive|BeeOrSomething has 240 seconds left.\n|\n|t:|1774115009\n|switch|p2a: Starmie|Starmie|100/100\n|move|p1a: On Kamisama|Earthquake|p2a: Starmie\n|-crit|p2a: Starmie\n|-damage|p2a: Starmie|51/100\n|\n|upkeep\n|turn|45\n|\n|t:|1774115033\n|move|p2a: Starmie|Thunder Wave|p1a: On Kamisama\n|-status|p1a: On Kamisama|par\n|move|p1a: On Kamisama|Body Slam|p2a: Starmie\n|-damage|p2a: Starmie|15/100\n|\n|upkeep\n|turn|46\n|\n|t:|1774115040\n|move|p2a: Starmie|Recover|p2a: Starmie\n|-heal|p2a: Starmie|65/100\n|move|p1a: On Kamisama|Body Slam|p2a: Starmie\n|-damage|p2a: Starmie|34/100\n|\n|upkeep\n|turn|47\n|\n|t:|1774115047\n|move|p2a: Starmie|Recover|p2a: Starmie\n|-heal|p2a: Starmie|83/100\n|cant|p1a: On Kamisama|par\n|\n|upkeep\n|turn|48\n|inactive|BeeOrSomething has 240 seconds left.\n|inactive|Girls See Ghosts has 270 seconds left.\n|\n|t:|1774115065\n|switch|p1a: Moshimosheesh|Chansey|61/100 par\n|move|p2a: Starmie|Psychic|p1a: Moshimosheesh\n|-damage|p1a: Moshimosheesh|46/100 par\n|-unboost|p1a: Moshimosheesh|spa|1\n|-unboost|p1a: Moshimosheesh|spd|1\n|\n|upkeep\n|turn|49\n|inactive|Girls See Ghosts has 270 seconds left.\n|\n|t:|1774115080\n|switch|p2a: Rhydon|Rhydon|61/100\n|move|p1a: Moshimosheesh|Soft-Boiled|p1a: Moshimosheesh\n|-heal|p1a: Moshimosheesh|96/100 par\n|\n|upkeep\n|turn|50\n|inactive|BeeOrSomething has 240 seconds left.\n|\n|t:|1774115087\n|move|p2a: Rhydon|Earthquake|p1a: Moshimosheesh\n|-damage|p1a: Moshimosheesh|37/100 par\n|cant|p1a: Moshimosheesh|par\n|\n|upkeep\n|turn|51\n|\n|t:|1774115091\n|switch|p1a: On Kamisama|Tauros|100/100 par\n|move|p2a: Rhydon|Earthquake|p1a: On Kamisama\n|-damage|p1a: On Kamisama|59/100 par\n|\n|upkeep\n|turn|52\n|inactive|Girls See Ghosts has 270 seconds left.\n|inactive|Girls See Ghosts has 240 seconds left.\n|inactive|Girls See Ghosts has 210 seconds left.\n|inactive|Girls See Ghosts has 180 seconds left.\n|\n|t:|1774115232\n|move|p2a: Rhydon|Earthquake|p1a: On Kamisama\n|-damage|p1a: On Kamisama|20/100 par\n|move|p1a: On Kamisama|Blizzard|p2a: Rhydon\n|-crit|p2a: Rhydon\n|-supereffective|p2a: Rhydon\n|-damage|p2a: Rhydon|0 fnt\n|faint|p2a: Rhydon\n|inactive|Girls See Ghosts has 150 seconds left.\n|\n|t:|1774115247\n|switch|p2a: Starmie|Starmie|83/100\n|turn|53\n|\n|t:|1774115252\n|move|p2a: Starmie|Psychic|p1a: On Kamisama\n|-crit|p1a: On Kamisama\n|-damage|p1a: On Kamisama|0 fnt\n|faint|p1a: On Kamisama\n|\n|t:|1774115254\n|switch|p1a: Moshimosheesh|Chansey|37/100 par\n|turn|54\n|\n|t:|1774115259\n|switch|p2a: Tauros|Tauros|100/100 par\n|move|p1a: Moshimosheesh|Soft-Boiled|p1a: Moshimosheesh\n|-heal|p1a: Moshimosheesh|87/100 par\n|\n|upkeep\n|turn|55\n|\n|t:|1774115263\n|switch|p1a: Croski-Kun|Snorlax|100/100 slp\n|move|p2a: Tauros|Body Slam|p1a: Croski-Kun\n|-damage|p1a: Croski-Kun|78/100 slp\n|\n|upkeep\n|turn|56\n|inactive|Girls See Ghosts has 180 seconds left.\n|\n|t:|1774115274\n|switch|p2a: Starmie|Starmie|83/100\n|-curestatus|p1a: Croski-Kun|slp|[msg]\n|\n|upkeep\n|turn|57\n|inactive|Girls See Ghosts has 180 seconds left.\n|\n|t:|1774115282\n|switch|p1a: Moshimosheesh|Chansey|87/100 par\n|move|p2a: Starmie|Thunder Wave|p1a: Moshimosheesh\n|-fail|p1a: Moshimosheesh|par\n|\n|upkeep\n|turn|58\n|\n|t:|1774115287\n|switch|p2a: Chansey|Chansey|79/100 par\n|move|p1a: Moshimosheesh|Thunderbolt|p2a: Chansey\n|-damage|p2a: Chansey|68/100 par\n|\n|upkeep\n|turn|59\n|\n|t:|1774115291\n|switch|p1a: Croski-Kun|Snorlax|78/100\n|cant|p2a: Chansey|par\n|\n|upkeep\n|turn|60\n|\n|t:|1774115298\n|move|p1a: Croski-Kun|Body Slam|p2a: Chansey\n|-damage|p2a: Chansey|30/100 par\n|cant|p2a: Chansey|par\n|\n|upkeep\n|turn|61\n|\n|t:|1774115306\n|switch|p2a: Starmie|Starmie|83/100\n|move|p1a: Croski-Kun|Body Slam|p2a: Starmie\n|-damage|p2a: Starmie|47/100\n|\n|upkeep\n|turn|62\n|inactive|Girls See Ghosts has 210 seconds left.\n|\n|t:|1774115312\n|move|p2a: Starmie|Recover|p2a: Starmie\n|-heal|p2a: Starmie|97/100\n|move|p1a: Croski-Kun|Body Slam|p2a: Starmie\n|-damage|p2a: Starmie|63/100\n|\n|upkeep\n|turn|63\n|\n|t:|1774115330\n|switch|p1a: Moshimosheesh|Chansey|87/100 par\n|move|p2a: Starmie|Thunder Wave|p1a: Moshimosheesh\n|-fail|p1a: Moshimosheesh|par\n|\n|upkeep\n|turn|64\n|\n|t:|1774115343\n|switch|p2a: Tauros|Tauros|100/100 par\n|move|p1a: Moshimosheesh|Thunderbolt|p2a: Tauros\n|-damage|p2a: Tauros|74/100 par\n|\n|upkeep\n|turn|65\n|inactive|Girls See Ghosts has 210 seconds left.\n|inactive|Girls See Ghosts has 180 seconds left.\n|\n|t:|1774115400\n|switch|p1a: Croski-Kun|Snorlax|78/100\n|cant|p2a: Tauros|par\n|\n|upkeep\n|turn|66\n|\n|t:|1774115405\n|move|p1a: Croski-Kun|Body Slam|p2a: Tauros\n|-damage|p2a: Tauros|42/100 par\n|move|p2a: Tauros|Body Slam|p1a: Croski-Kun\n|-damage|p1a: Croski-Kun|53/100\n|\n|upkeep\n|turn|67\n|inactive|Girls See Ghosts has 180 seconds left.\n|\n|t:|1774115422\n|move|p1a: Croski-Kun|Body Slam|p2a: Tauros\n|-damage|p2a: Tauros|8/100 par\n|move|p2a: Tauros|Body Slam|p1a: Croski-Kun\n|-damage|p1a: Croski-Kun|30/100\n|\n|upkeep\n|turn|68\n|\n|t:|1774115430\n|switch|p2a: Chansey|Chansey|30/100 par\n|move|p1a: Croski-Kun|Body Slam|p2a: Chansey\n|-damage|p2a: Chansey|0 fnt\n|faint|p2a: Chansey\n|\n|t:|1774115433\n|switch|p2a: Starmie|Starmie|63/100\n|turn|69\n|inactive|BeeOrSomething has 270 seconds left.\n|inactive|Girls See Ghosts has 180 seconds left.\n|\n|t:|1774115481\n|move|p2a: Starmie|Psychic|p1a: Croski-Kun\n|-damage|p1a: Croski-Kun|1/100\n|move|p1a: Croski-Kun|Rest|p1a: Croski-Kun\n|-status|p1a: Croski-Kun|slp|[from] move: Rest\n|-heal|p1a: Croski-Kun|100/100 slp|[silent]\n|\n|upkeep\n|turn|70\n|inactive|Girls See Ghosts has 180 seconds left.\n|\n|t:|1774115494\n|switch|p2a: Tauros|Tauros|8/100 par\n|switch|p1a: Moshimosheesh|Chansey|87/100 par\n|\n|upkeep\n|turn|71\n|inactive|Girls See Ghosts has 180 seconds left.\n|\n|t:|1774115500\n|switch|p1a: Croski-Kun|Snorlax|100/100 slp\n|move|p2a: Tauros|Hyper Beam|p1a: Croski-Kun\n|-damage|p1a: Croski-Kun|57/100 slp\n|-mustrecharge|p2a: Tauros\n|\n|upkeep\n|turn|72\n|\n|t:|1774115504\n|cant|p1a: Croski-Kun|slp\n|cant|p2a: Tauros|recharge\n|\n|upkeep\n|turn|73\n|inactive|Girls See Ghosts has 180 seconds left.\n|inactive|Girls See Ghosts has 150 seconds left.\n|\n|t:|1774115581\n|-curestatus|p1a: Croski-Kun|slp|[msg]\n|move|p2a: Tauros|Hyper Beam|p1a: Croski-Kun\n|-damage|p1a: Croski-Kun|10/100\n|-mustrecharge|p2a: Tauros\n|\n|upkeep\n|turn|74\n|\n|t:|1774115587\n|move|p1a: Croski-Kun|Body Slam|p2a: Tauros\n|-damage|p2a: Tauros|0 fnt\n|faint|p2a: Tauros\n|\n|t:|1774115590\n|switch|p2a: Starmie|Starmie|63/100\n|turn|75\n|\n|t:|1774115593\n|switch|p1a: Moshimosheesh|Chansey|87/100 par\n|move|p2a: Starmie|Psychic|p1a: Moshimosheesh\n|-damage|p1a: Moshimosheesh|71/100 par\n|-unboost|p1a: Moshimosheesh|spa|1\n|-unboost|p1a: Moshimosheesh|spd|1\n|\n|upkeep\n|turn|76\n|\n|t:|1774115596\n|move|p2a: Starmie|Psychic|p1a: Moshimosheesh\n|-damage|p1a: Moshimosheesh|49/100 par\n|-unboost|p1a: Moshimosheesh|spa|1\n|-unboost|p1a: Moshimosheesh|spd|1\n|cant|p1a: Moshimosheesh|par\n|\n|upkeep\n|turn|77\n|\n|t:|1774115602\n|move|p2a: Starmie|Psychic|p1a: Moshimosheesh\n|-damage|p1a: Moshimosheesh|17/100 par\n|-unboost|p1a: Moshimosheesh|spa|1\n|-unboost|p1a: Moshimosheesh|spd|1\n|move|p1a: Moshimosheesh|Soft-Boiled|p1a: Moshimosheesh\n|-heal|p1a: Moshimosheesh|67/100 par\n|\n|upkeep\n|turn|78\n|\n|t:|1774115627\n|switch|p1a: Croski-Kun|Snorlax|10/100\n|move|p2a: Starmie|Psychic|p1a: Croski-Kun\n|-crit|p1a: Croski-Kun\n|-damage|p1a: Croski-Kun|0 fnt\n|faint|p1a: Croski-Kun\n|\n|t:|1774115629\n|switch|p1a: Moshimosheesh|Chansey|67/100 par\n|turn|79\n|\n|t:|1774115633\n|move|p2a: Starmie|Psychic|p1a: Moshimosheesh\n|-damage|p1a: Moshimosheesh|53/100 par\n|move|p1a: Moshimosheesh|Thunder Wave|p2a: Starmie\n|-status|p2a: Starmie|par\n|\n|upkeep\n|turn|80\n|\n|t:|1774115637\n|move|p2a: Starmie|Psychic|p1a: Moshimosheesh\n|-crit|p1a: Moshimosheesh\n|-damage|p1a: Moshimosheesh|27/100 par\n|cant|p1a: Moshimosheesh|par\n|\n|upkeep\n|turn|81\n|\n|t:|1774115640\n|move|p2a: Starmie|Psychic|p1a: Moshimosheesh\n|-damage|p1a: Moshimosheesh|12/100 par\n|move|p1a: Moshimosheesh|Soft-Boiled|p1a: Moshimosheesh\n|-heal|p1a: Moshimosheesh|62/100 par\n|\n|upkeep\n|turn|82\n|\n|t:|1774115644\n|cant|p2a: Starmie|par\n|move|p1a: Moshimosheesh|Thunderbolt|p2a: Starmie\n|-supereffective|p2a: Starmie\n|-damage|p2a: Starmie|18/100 par\n|\n|upkeep\n|turn|83\n|\n|t:|1774115646\n|move|p2a: Starmie|Recover|p2a: Starmie\n|-heal|p2a: Starmie|67/100 par\n|move|p1a: Moshimosheesh|Thunderbolt|p2a: Starmie\n|-supereffective|p2a: Starmie\n|-damage|p2a: Starmie|16/100 par\n|\n|upkeep\n|turn|84\n|\n|t:|1774115650\n|cant|p2a: Starmie|par\n|cant|p1a: Moshimosheesh|par\n|\n|upkeep\n|turn|85\n|\n|t:|1774115653\n|move|p2a: Starmie|Recover|p2a: Starmie\n|-heal|p2a: Starmie|66/100 par\n|move|p1a: Moshimosheesh|Thunderbolt|p2a: Starmie\n|-supereffective|p2a: Starmie\n|-damage|p2a: Starmie|21/100 par\n|\n|upkeep\n|turn|86\n|\n|t:|1774115656\n|move|p2a: Starmie|Recover|p2a: Starmie\n|-heal|p2a: Starmie|70/100 par\n|cant|p1a: Moshimosheesh|par\n|\n|upkeep\n|turn|87\n|\n|t:|1774115661\n|move|p2a: Starmie|Psychic|p1a: Moshimosheesh\n|-damage|p1a: Moshimosheesh|46/100 par\n|move|p1a: Moshimosheesh|Thunderbolt|p2a: Starmie\n|-supereffective|p2a: Starmie\n|-damage|p2a: Starmie|25/100 par\n|\n|upkeep\n|turn|88\n|\n|t:|1774115665\n|move|p2a: Starmie|Recover|p2a: Starmie\n|-heal|p2a: Starmie|75/100 par\n|move|p1a: Moshimosheesh|Thunderbolt|p2a: Starmie\n|-crit|p2a: Starmie\n|-supereffective|p2a: Starmie\n|-damage|p2a: Starmie|0 fnt\n|faint|p2a: Starmie\n|\n|win|BeeOrSomething\n|c|☆Girls See Ghosts|gg\n|c|☆BeeOrSomething|gg\n|player|p1|\n","uploadtime":1774115665,"views":"894","formatid":"gen1ou","rating":null,"private":0,"password":null}