{"id":"smogtours-gen1ou-820436","format":"[Gen 1] OU","players":["shiloh","Prinz"],"log":"|inactive|Battle timer is ON: inactive players will automatically lose when time's up.\n|t:|1739729096\n|gametype|singles\n|player|p1|shiloh|#splxvitigers2|\n|player|p2|Prinz|policeman-gen4|\n|teamsize|p1|6\n|teamsize|p2|6\n|gen|1\n|tier|[Gen 1] OU\n|rule|Desync Clause Mod: Desyncs changed to move failure.\n|rule|Sleep Clause Mod: Limit one foe put to sleep\n|rule|Freeze Clause Mod: Limit one foe frozen\n|rule|Species Clause: Limit one of each Pokémon\n|rule|OHKO Clause: OHKO moves are banned\n|rule|Evasion Moves Clause: Evasion moves are banned\n|rule|Endless Battle Clause: Forcing endless battles is banned\n|rule|HP Percentage Mod: HP is shown in percentages\n|\n|t:|1739729096\n|start\n|switch|p1a: SELLA|Jynx|100/100\n|switch|p2a: Jynx|Jynx|100/100\n|turn|1\n|rated|Smogon Premier League\n|c|☆Prinz|hf\n|\n|t:|1739729123\n|move|p1a: SELLA|Lovely Kiss|p2a: Jynx\n|-status|p2a: Jynx|slp|[from] move: Lovely Kiss\n|cant|p2a: Jynx|slp\n|\n|upkeep\n|turn|2\n|\n|t:|1739729146\n|move|p1a: SELLA|Blizzard|p2a: Jynx\n|-resisted|p2a: Jynx\n|-damage|p2a: Jynx|79/100 slp\n|cant|p2a: Jynx|slp\n|\n|upkeep\n|turn|3\n|\n|t:|1739729150\n|switch|p1a: STORMBLESSED|Tauros|100/100\n|switch|p2a: Chansey|Chansey|100/100\n|\n|upkeep\n|turn|4\n|\n|t:|1739729162\n|switch|p1a: SELLA|Jynx|100/100\n|switch|p2a: Exeggutor|Exeggutor|100/100\n|\n|upkeep\n|turn|5\n|\n|t:|1739729168\n|switch|p2a: Chansey|Chansey|100/100\n|move|p1a: SELLA|Blizzard|p2a: Chansey|[miss]\n|-miss|p1a: SELLA\n|\n|upkeep\n|turn|6\n|\n|t:|1739729182\n|move|p1a: SELLA|Blizzard|p2a: Chansey\n|-damage|p2a: Chansey|81/100\n|move|p2a: Chansey|Thunder Wave|p1a: SELLA\n|-status|p1a: SELLA|par\n|\n|upkeep\n|turn|7\n|\n|t:|1739729188\n|switch|p2a: Jynx|Jynx|79/100 slp\n|move|p1a: SELLA|Blizzard|p2a: Jynx\n|-resisted|p2a: Jynx\n|-damage|p2a: Jynx|57/100 slp\n|\n|upkeep\n|turn|8\n|\n|t:|1739729195\n|switch|p2a: Snorlax|Snorlax|100/100\n|move|p1a: SELLA|Blizzard|p2a: Snorlax\n|-crit|p2a: Snorlax\n|-damage|p2a: Snorlax|36/100\n|\n|upkeep\n|turn|9\n|\n|t:|1739729203\n|switch|p1a: SISTER SHERIN|Chansey|100/100\n|move|p2a: Snorlax|Body Slam|p1a: SISTER SHERIN\n|-damage|p1a: SISTER SHERIN|59/100\n|\n|upkeep\n|turn|10\n|\n|t:|1739729208\n|move|p1a: SISTER SHERIN|Soft-Boiled|p1a: SISTER SHERIN\n|-heal|p1a: SISTER SHERIN|100/100\n|move|p2a: Snorlax|Self-Destruct|p1a: SISTER SHERIN\n|-damage|p1a: SISTER SHERIN|0 fnt\n|faint|p1a: SISTER SHERIN\n|faint|p2a: Snorlax\n|\n|t:|1739729218\n|switch|p1a: SELLA|Jynx|100/100 par\n|switch|p2a: Tauros|Tauros|100/100\n|turn|11\n|\n|t:|1739729226\n|switch|p1a: BERAL SHAK UR|Snorlax|100/100\n|move|p2a: Tauros|Body Slam|p1a: BERAL SHAK UR\n|-damage|p1a: BERAL SHAK UR|75/100\n|\n|upkeep\n|turn|12\n|\n|t:|1739729231\n|switch|p2a: Chansey|Chansey|81/100\n|move|p1a: BERAL SHAK UR|Body Slam|p2a: Chansey\n|-damage|p2a: Chansey|36/100\n|\n|upkeep\n|turn|13\n|\n|t:|1739729236\n|move|p2a: Chansey|Soft-Boiled|p2a: Chansey\n|-heal|p2a: Chansey|86/100\n|move|p1a: BERAL SHAK UR|Self-Destruct|p2a: Chansey\n|-damage|p2a: Chansey|0 fnt\n|faint|p2a: Chansey\n|faint|p1a: BERAL SHAK UR\n|\n|t:|1739729250\n|switch|p2a: Tauros|Tauros|100/100\n|switch|p1a: ILDERA VARDRIAN|Starmie|100/100\n|turn|14\n|\n|t:|1739729268\n|switch|p2a: Jynx|Jynx|57/100 slp\n|move|p1a: ILDERA VARDRIAN|Thunder Wave|p2a: Jynx\n|-fail|p2a: Jynx\n|\n|upkeep\n|turn|15\n|inactive|Prinz has 270 seconds left.\n|\n|t:|1739729302\n|switch|p2a: Exeggutor|Exeggutor|100/100\n|move|p1a: ILDERA VARDRIAN|Thunder Wave|p2a: Exeggutor\n|-status|p2a: Exeggutor|par\n|\n|upkeep\n|turn|16\n|inactive|Prinz has 270 seconds left.\n|\n|t:|1739729316\n|switch|p1a: SELLA|Jynx|100/100 par\n|cant|p2a: Exeggutor|par\n|\n|upkeep\n|turn|17\n|\n|t:|1739729320\n|switch|p2a: Jynx|Jynx|57/100 slp\n|cant|p1a: SELLA|par\n|\n|upkeep\n|turn|18\n|\n|t:|1739729327\n|cant|p2a: Jynx|slp\n|move|p1a: SELLA|Blizzard|p2a: Jynx\n|-resisted|p2a: Jynx\n|-damage|p2a: Jynx|37/100 slp\n|\n|upkeep\n|turn|19\n|\n|t:|1739729332\n|switch|p1a: STORMBLESSED|Tauros|100/100\n|cant|p2a: Jynx|slp\n|\n|upkeep\n|turn|20\n|\n|t:|1739729346\n|move|p1a: STORMBLESSED|Body Slam|p2a: Jynx\n|-damage|p2a: Jynx|0 fnt\n|faint|p2a: Jynx\n|\n|t:|1739729349\n|switch|p2a: Tauros|Tauros|100/100\n|turn|21\n|\n|t:|1739729351\n|move|p2a: Tauros|Body Slam|p1a: STORMBLESSED\n|-damage|p1a: STORMBLESSED|69/100\n|move|p1a: STORMBLESSED|Body Slam|p2a: Tauros\n|-damage|p2a: Tauros|74/100\n|\n|upkeep\n|turn|22\n|\n|t:|1739729356\n|move|p1a: STORMBLESSED|Body Slam|p2a: Tauros\n|-damage|p2a: Tauros|45/100\n|move|p2a: Tauros|Body Slam|p1a: STORMBLESSED\n|-damage|p1a: STORMBLESSED|41/100\n|\n|upkeep\n|turn|23\n|\n|t:|1739729363\n|move|p1a: STORMBLESSED|Hyper Beam|p2a: Tauros\n|-damage|p2a: Tauros|0 fnt\n|faint|p2a: Tauros\n|\n|t:|1739729370\n|switch|p2a: Zapdos|Zapdos|100/100\n|turn|24\n|\n|t:|1739729397\n|move|p1a: STORMBLESSED|Blizzard|p2a: Zapdos\n|-supereffective|p2a: Zapdos\n|-damage|p2a: Zapdos|66/100\n|move|p2a: Zapdos|Thunderbolt|p1a: STORMBLESSED\n|-damage|p1a: STORMBLESSED|0 fnt\n|faint|p1a: STORMBLESSED\n|inactive|shiloh has 270 seconds left.\n|\n|t:|1739729413\n|switch|p1a: ILDERA VARDRIAN|Starmie|100/100\n|turn|25\n|\n|t:|1739729422\n|move|p1a: ILDERA VARDRIAN|Thunder Wave|p2a: Zapdos\n|-status|p2a: Zapdos|par\n|cant|p2a: Zapdos|par\n|\n|upkeep\n|turn|26\n|\n|t:|1739729429\n|move|p1a: ILDERA VARDRIAN|Surf|p2a: Zapdos\n|-damage|p2a: Zapdos|41/100 par\n|move|p2a: Zapdos|Agility|p2a: Zapdos\n|-boost|p2a: Zapdos|spe|2\n|\n|upkeep\n|turn|27\n|\n|t:|1739729432\n|cant|p2a: Zapdos|par\n|move|p1a: ILDERA VARDRIAN|Surf|p2a: Zapdos\n|-damage|p2a: Zapdos|15/100 par\n|\n|upkeep\n|turn|28\n|\n|t:|1739729435\n|move|p2a: Zapdos|Thunderbolt|p1a: ILDERA VARDRIAN\n|-supereffective|p1a: ILDERA VARDRIAN\n|-damage|p1a: ILDERA VARDRIAN|26/100\n|move|p1a: ILDERA VARDRIAN|Surf|p2a: Zapdos\n|-damage|p2a: Zapdos|0 fnt\n|faint|p2a: Zapdos\n|\n|t:|1739729439\n|switch|p2a: Exeggutor|Exeggutor|100/100 par\n|turn|29\n|\n|t:|1739729443\n|move|p1a: ILDERA VARDRIAN|Surf|p2a: Exeggutor\n|-resisted|p2a: Exeggutor\n|-damage|p2a: Exeggutor|88/100 par\n|move|p2a: Exeggutor|Sleep Powder|p1a: ILDERA VARDRIAN\n|-status|p1a: ILDERA VARDRIAN|slp|[from] move: Sleep Powder\n|\n|upkeep\n|turn|30\n|\n|t:|1739729447\n|switch|p1a: SELLA|Jynx|100/100 par\n|move|p2a: Exeggutor|Psychic|p1a: SELLA\n|-resisted|p1a: SELLA\n|-damage|p1a: SELLA|80/100 par\n|-unboost|p1a: SELLA|spa|1\n|-unboost|p1a: SELLA|spd|1\n|\n|upkeep\n|turn|31\n|\n|t:|1739729451\n|move|p2a: Exeggutor|Psychic|p1a: SELLA\n|-resisted|p1a: SELLA\n|-damage|p1a: SELLA|52/100 par\n|move|p1a: SELLA|Blizzard|p2a: Exeggutor\n|-supereffective|p2a: Exeggutor\n|-damage|p2a: Exeggutor|46/100 par\n|\n|upkeep\n|turn|32\n|\n|t:|1739729455\n|cant|p2a: Exeggutor|par\n|cant|p1a: SELLA|par\n|\n|upkeep\n|turn|33\n|\n|t:|1739729458\n|move|p2a: Exeggutor|Psychic|p1a: SELLA\n|-crit|p1a: SELLA\n|-resisted|p1a: SELLA\n|-damage|p1a: SELLA|18/100 par\n|move|p1a: SELLA|Blizzard|p2a: Exeggutor\n|-supereffective|p2a: Exeggutor\n|-damage|p2a: Exeggutor|8/100 par\n|\n|upkeep\n|turn|34\n|\n|t:|1739729461\n|move|p2a: Exeggutor|Psychic|p1a: SELLA\n|-resisted|p1a: SELLA\n|-damage|p1a: SELLA|0 fnt\n|faint|p1a: SELLA\n|\n|t:|1739729463\n|switch|p1a: ERLIN ILNIS|Articuno|100/100\n|turn|35\n|c|☆Prinz|gg\n|c|☆shiloh|gg\n|\n|t:|1739729465\n|move|p1a: ERLIN ILNIS|Ice Beam|p2a: Exeggutor\n|-crit|p2a: Exeggutor\n|-supereffective|p2a: Exeggutor\n|-damage|p2a: Exeggutor|0 fnt\n|faint|p2a: Exeggutor\n|\n|win|shiloh\n","uploadtime":1739729465,"views":"1548","formatid":"gen1ou","rating":null,"private":0,"password":null}