{"id":"smogtours-gen1ou-947842","format":"[Gen 1] OU","players":["AsmiRedx","Charmflash"],"log":"|inactive|Battle timer is ON: inactive players will automatically lose when time's up.\n|t:|1781824011\n|gametype|singles\n|player|p1|AsmiRedx|#wcop2026mexico2|\n|player|p2|Charmflash|#splxviiraiders|\n|gen|1\n|tier|[Gen 1] OU\n|rule|Desync Clause Mod: Desyncs changed to move failure.\n|rule|HP Percentage Mod: HP is shown in percentages\n|rule|Endless Battle Clause: Forcing endless battles is banned\n|rule|Sleep Clause Mod: Limit one foe put to sleep\n|rule|Freeze Clause Mod: Limit one foe frozen\n|rule|Species Clause: Limit one of each Pokémon\n|rule|OHKO Clause: OHKO moves are banned\n|rule|Evasion Moves Clause: Evasion moves are banned\n|\n|t:|1781824011\n|teamsize|p1|6\n|teamsize|p2|6\n|start\n|switch|p1a: Jynx|Jynx|100/100\n|switch|p2a: Starmie|Starmie|100/100\n|turn|1\n|c|☆Charmflash|hf\n|c|☆AsmiRedx|hf\n|\n|t:|1781824024\n|move|p2a: Starmie|Thunder Wave|p1a: Jynx|[miss]\n|-miss|p2a: Starmie\n|-hint|In Gen 1, moves with 100% accuracy can still miss 1/256 of the time.\n|move|p1a: Jynx|Lovely Kiss|p2a: Starmie\n|-status|p2a: Starmie|slp|[from] move: Lovely Kiss\n|\n|upkeep\n|turn|2\n|\n|t:|1781824031\n|cant|p2a: Starmie|slp\n|move|p1a: Jynx|Psychic|p2a: Starmie\n|-crit|p2a: Starmie\n|-resisted|p2a: Starmie\n|-damage|p2a: Starmie|69/100 slp\n|\n|upkeep\n|turn|3\n|\n|t:|1781824036\n|cant|p2a: Starmie|slp\n|move|p1a: Jynx|Psychic|p2a: Starmie\n|-crit|p2a: Starmie\n|-resisted|p2a: Starmie\n|-damage|p2a: Starmie|37/100 slp\n|\n|upkeep\n|turn|4\n|\n|t:|1781824057\n|switch|p2a: Chansey|Chansey|100/100\n|move|p1a: Jynx|Psychic|p2a: Chansey\n|-crit|p2a: Chansey\n|-damage|p2a: Chansey|72/100\n|\n|upkeep\n|turn|5\n|\n|t:|1781824080\n|move|p1a: Jynx|Ice Beam|p2a: Chansey\n|-crit|p2a: Chansey\n|-damage|p2a: Chansey|42/100\n|-status|p2a: Chansey|frz\n|cant|p2a: Chansey|frz\n|\n|upkeep\n|turn|6\n|c|☆AsmiRedx|bro\n|c|☆AsmiRedx|what\n|c|☆Charmflash|you are the chosen one\n|inactive|AsmiRedx has 270 seconds left.\n|inactive|Charmflash has 270 seconds left.\n|\n|t:|1781824121\n|switch|p2a: Snorlax|Snorlax|100/100\n|move|p1a: Jynx|Psychic|p2a: Snorlax\n|-damage|p2a: Snorlax|75/100\n|\n|upkeep\n|turn|7\n|\n|t:|1781824131\n|move|p2a: Snorlax|Body Slam|p1a: Jynx\n|-damage|p1a: Jynx|42/100\n|move|p1a: Jynx|Counter|p2a: Snorlax\n|-damage|p2a: Snorlax|1/100\n|\n|upkeep\n|turn|8\n|inactive|Charmflash has 270 seconds left.\n|\n|t:|1781824138\n|switch|p2a: Chansey|Chansey|42/100 frz\n|move|p1a: Jynx|Psychic|p2a: Chansey\n|-crit|p2a: Chansey\n|-damage|p2a: Chansey|14/100 frz\n|-unboost|p2a: Chansey|spa|1\n|-unboost|p2a: Chansey|spd|1\n|\n|upkeep\n|turn|9\n|\n|t:|1781824142\n|move|p1a: Jynx|Psychic|p2a: Chansey\n|-damage|p2a: Chansey|0 fnt\n|faint|p2a: Chansey\n|\n|t:|1781824144\n|switch|p2a: Tauros|Tauros|100/100\n|turn|10\n|\n|t:|1781824148\n|move|p2a: Tauros|Body Slam|p1a: Jynx\n|-crit|p1a: Jynx\n|-damage|p1a: Jynx|0 fnt\n|faint|p1a: Jynx\n|\n|t:|1781824155\n|switch|p1a: Snorlax|Snorlax|100/100\n|turn|11\n|\n|t:|1781824158\n|switch|p2a: Cloyster|Cloyster|100/100\n|move|p1a: Snorlax|Counter|p2a: Cloyster\n|-damage|p2a: Cloyster|9/100\n|\n|upkeep\n|turn|12\n|\n|t:|1781824177\n|switch|p1a: Gengar|Gengar|100/100\n|move|p2a: Cloyster|Ice Beam|p1a: Gengar\n|-damage|p1a: Gengar|73/100\n|-status|p1a: Gengar|frz\n|\n|upkeep\n|turn|13\n|\n|t:|1781824183\n|switch|p1a: Starmie|Starmie|100/100\n|move|p2a: Cloyster|Rest|p2a: Cloyster\n|-status|p2a: Cloyster|slp|[from] move: Rest\n|-heal|p2a: Cloyster|100/100 slp|[silent]\n|\n|upkeep\n|turn|14\n|\n|t:|1781824187\n|switch|p2a: Jolteon|Jolteon|100/100\n|move|p1a: Starmie|Psychic|p2a: Jolteon\n|-damage|p2a: Jolteon|72/100\n|\n|upkeep\n|turn|15\n|\n|t:|1781824197\n|switch|p1a: Exeggutor|Exeggutor|100/100\n|move|p2a: Jolteon|Thunderbolt|p1a: Exeggutor\n|-resisted|p1a: Exeggutor\n|-damage|p1a: Exeggutor|89/100\n|\n|upkeep\n|turn|16\n|\n|t:|1781824201\n|move|p2a: Jolteon|Pin Missile|p1a: Exeggutor|[miss]\n|-miss|p2a: Jolteon\n|move|p1a: Exeggutor|Psychic|p2a: Jolteon\n|-damage|p2a: Jolteon|37/100\n|\n|upkeep\n|turn|17\n|\n|t:|1781824206\n|move|p2a: Jolteon|Pin Missile|p1a: Exeggutor\n|-supereffective|p1a: Exeggutor\n|-damage|p1a: Exeggutor|78/100\n|-damage|p1a: Exeggutor|67/100\n|-hitcount|p1a: Exeggutor|2\n|move|p1a: Exeggutor|Psychic|p2a: Jolteon\n|-damage|p2a: Jolteon|1/100\n|\n|upkeep\n|turn|18\n|\n|t:|1781824220\n|move|p2a: Jolteon|Pin Missile|p1a: Exeggutor\n|-crit|p1a: Exeggutor\n|-supereffective|p1a: Exeggutor\n|-damage|p1a: Exeggutor|47/100\n|-damage|p1a: Exeggutor|26/100\n|-damage|p1a: Exeggutor|6/100\n|-hitcount|p1a: Exeggutor|3\n|move|p1a: Exeggutor|Psychic|p2a: Jolteon\n|-damage|p2a: Jolteon|0 fnt\n|faint|p2a: Jolteon\n|\n|t:|1781824227\n|switch|p2a: Tauros|Tauros|100/100\n|turn|19\n|\n|t:|1781824233\n|move|p2a: Tauros|Body Slam|p1a: Exeggutor\n|-damage|p1a: Exeggutor|0 fnt\n|faint|p1a: Exeggutor\n|\n|t:|1781824239\n|switch|p1a: Starmie|Starmie|100/100\n|turn|20\n|\n|t:|1781824242\n|move|p1a: Starmie|Psychic|p2a: Tauros\n|-damage|p2a: Tauros|64/100\n|move|p2a: Tauros|Body Slam|p1a: Starmie\n|-damage|p1a: Starmie|66/100\n|-status|p1a: Starmie|par\n|\n|upkeep\n|turn|21\n|\n|t:|1781824249\n|move|p2a: Tauros|Thunderbolt|p1a: Starmie\n|-supereffective|p1a: Starmie\n|-damage|p1a: Starmie|27/100 par\n|cant|p1a: Starmie|par\n|\n|upkeep\n|turn|22\n|\n|t:|1781824259\n|move|p2a: Tauros|Thunderbolt|p1a: Starmie\n|-supereffective|p1a: Starmie\n|-damage|p1a: Starmie|0 fnt\n|faint|p1a: Starmie\n|\n|t:|1781824283\n|switch|p1a: Tauros|Tauros|100/100\n|turn|23\n|\n|t:|1781824291\n|switch|p2a: Starmie|Starmie|37/100 slp\n|move|p1a: Tauros|Body Slam|p2a: Starmie\n|-crit|p2a: Starmie\n|-damage|p2a: Starmie|0 fnt\n|faint|p2a: Starmie\n|\n|t:|1781824292\n|switch|p2a: Cloyster|Cloyster|100/100 slp\n|turn|24\n|\n|t:|1781824296\n|move|p1a: Tauros|Body Slam|p2a: Cloyster\n|-damage|p2a: Cloyster|78/100 slp\n|cant|p2a: Cloyster|slp\n|\n|upkeep\n|turn|25\n|\n|t:|1781824298\n|move|p1a: Tauros|Body Slam|p2a: Cloyster\n|-crit|p2a: Cloyster\n|-damage|p2a: Cloyster|34/100 slp\n|-curestatus|p2a: Cloyster|slp|[msg]\n|\n|upkeep\n|turn|26\n|\n|t:|1781824328\n|switch|p2a: Tauros|Tauros|64/100\n|move|p1a: Tauros|Hyper Beam|p2a: Tauros\n|-damage|p2a: Tauros|16/100\n|-mustrecharge|p1a: Tauros\n|\n|upkeep\n|turn|27\n|\n|t:|1781824337\n|move|p2a: Tauros|Body Slam|p1a: Tauros\n|-crit|p1a: Tauros\n|-damage|p1a: Tauros|45/100\n|cant|p1a: Tauros|recharge\n|\n|upkeep\n|turn|28\n|\n|t:|1781824342\n|switch|p1a: Snorlax|Snorlax|100/100\n|switch|p2a: Cloyster|Cloyster|34/100\n|\n|upkeep\n|turn|29\n|inactive|Charmflash has 270 seconds left.\n|inactive|AsmiRedx has 270 seconds left.\n|inactive|Charmflash has 240 seconds left.\n|\n|t:|1781824421\n|switch|p1a: Gengar|Gengar|73/100 frz\n|move|p2a: Cloyster|Rest|p2a: Cloyster\n|-status|p2a: Cloyster|slp|[from] move: Rest\n|-heal|p2a: Cloyster|100/100 slp|[silent]\n|\n|upkeep\n|turn|30\n|\n|t:|1781824425\n|switch|p1a: Tauros|Tauros|45/100\n|cant|p2a: Cloyster|slp\n|\n|upkeep\n|turn|31\n|\n|t:|1781824430\n|move|p1a: Tauros|Body Slam|p2a: Cloyster\n|-damage|p2a: Cloyster|78/100 slp\n|-curestatus|p2a: Cloyster|slp|[msg]\n|\n|upkeep\n|turn|32\n|\n|t:|1781824436\n|switch|p1a: Gengar|Gengar|73/100 frz\n|move|p2a: Cloyster|Ice Beam|p1a: Gengar\n|-damage|p1a: Gengar|47/100 frz\n|\n|upkeep\n|turn|33\n|\n|t:|1781824442\n|cant|p1a: Gengar|frz\n|move|p2a: Cloyster|Ice Beam|p1a: Gengar\n|-damage|p1a: Gengar|21/100 frz\n|\n|upkeep\n|turn|34\n|inactive|Charmflash has 270 seconds left.\n|\n|t:|1781824453\n|switch|p2a: Snorlax|Snorlax|1/100\n|cant|p1a: Gengar|frz\n|\n|upkeep\n|turn|35\n|inactive|Charmflash has 270 seconds left.\n|\n|t:|1781824460\n|switch|p1a: Snorlax|Snorlax|100/100\n|move|p2a: Snorlax|Hyper Beam|p1a: Snorlax\n|-damage|p1a: Snorlax|51/100\n|-mustrecharge|p2a: Snorlax\n|\n|upkeep\n|turn|36\n|\n|t:|1781824464\n|cant|p2a: Snorlax|recharge\n|move|p1a: Snorlax|Body Slam|p2a: Snorlax\n|-damage|p2a: Snorlax|0 fnt\n|faint|p2a: Snorlax\n|\n|t:|1781824470\n|switch|p2a: Cloyster|Cloyster|78/100\n|turn|37\n|\n|t:|1781824476\n|move|p2a: Cloyster|Clamp|p1a: Snorlax\n|-damage|p1a: Snorlax|42/100\n|cant|p1a: Snorlax|partiallytrapped\n|\n|upkeep\n|turn|38\n|\n|t:|1781824481\n|switch|p1a: Gengar|Gengar|21/100 frz\n|move|p2a: Cloyster|Clamp|p1a: Gengar\n|-damage|p1a: Gengar|11/100 frz\n|\n|upkeep\n|turn|39\n|\n|t:|1781824488\n|cant|p1a: Gengar|frz\n|move|p2a: Cloyster|Clamp|p1a: Gengar|[from] Clamp\n|-damage|p1a: Gengar|0 fnt\n|faint|p1a: Gengar\n|c|+Elian|al chile que bueno\n|\n|t:|1781824493\n|switch|p1a: Snorlax|Snorlax|42/100\n|turn|40\n|\n|t:|1781824507\n|move|p2a: Cloyster|Clamp|p1a: Snorlax\n|-damage|p1a: Snorlax|32/100\n|cant|p1a: Snorlax|partiallytrapped\n|\n|upkeep\n|turn|41\n|\n|t:|1781824511\n|move|p2a: Cloyster|Clamp|p1a: Snorlax|[from] Clamp\n|-damage|p1a: Snorlax|22/100\n|\n|upkeep\n|turn|42\n|\n|t:|1781824519\n|move|p2a: Cloyster|Clamp|p1a: Snorlax|[from] Clamp\n|-damage|p1a: Snorlax|12/100\n|\n|upkeep\n|turn|43\n|c|☆AsmiRedx|si me pase\n|\n|t:|1781824525\n|move|p2a: Cloyster|Clamp|p1a: Snorlax|[from] Clamp\n|-damage|p1a: Snorlax|2/100\n|\n|upkeep\n|turn|44\n|\n|t:|1781824529\n|move|p2a: Cloyster|Clamp|p1a: Snorlax|[from] Clamp\n|-damage|p1a: Snorlax|0 fnt\n|faint|p1a: Snorlax\n|\n|t:|1781824531\n|switch|p1a: Tauros|Tauros|45/100\n|turn|45\n|\n|t:|1781824543\n|move|p1a: Tauros|Hyper Beam|p2a: Cloyster|[miss]\n|-miss|p1a: Tauros\n|move|p2a: Cloyster|Explosion|p1a: Tauros\n|-damage|p1a: Tauros|0 fnt\n|faint|p1a: Tauros\n|faint|p2a: Cloyster\n|\n|win|Charmflash\n|player|p2|\n|c|☆AsmiRedx|pero hay que ganar bien\n|c|☆AsmiRedx|gg\n|c|☆AsmiRedx|no quiero tanta hax\n|c|☆AsmiRedx|/log AsmiRedx made the replay of this battle unlisted.\n|player|p2|Charmflash|#splxviiraiders|\n","uploadtime":1781824543,"views":"61","formatid":"gen1ou","rating":null,"private":2,"password":null}