{"id":"smogtours-gen1ou-966130","format":"[Gen 1] OU","players":["wooooo rby","oligen1"],"log":"|inactive|Battle timer is ON: inactive players will automatically lose when time's up.\n|t:|1787515102\n|gametype|singles\n|player|p1|wooooo rby|lucas|\n|player|p2|oligen1|blue-gen1rbtwo|\n|gen|1\n|tier|[Gen 1] OU\n|rule|Desync Clause Mod: Desyncs resolve to link battle behavior from the acting player's perspective.\n|rule|HP Percentage Mod: HP is shown in percentages\n|rule|Endless Battle Clause: Forcing endless battles is banned\n|rule|Sleep Clause Mod: Limit one foe put to sleep\n|rule|Freeze Clause Mod: Limit one foe frozen\n|rule|Species Clause: Limit one of each Pokémon\n|rule|OHKO Clause: OHKO moves are banned\n|rule|Evasion Moves Clause: Evasion moves are banned\n|\n|t:|1787515102\n|teamsize|p1|6\n|teamsize|p2|6\n|start\n|switch|p1a: Starmie|Starmie|100/100\n|switch|p2a: Jynx|Jynx|100/100\n|turn|1\n|inactive|oligen1 also wants the timer to be on.\n|c|☆wooooo rby|hf\n|c|☆oligen1|Enjoy :-)\n|\n|t:|1787515114\n|switch|p2a: Chansey|Chansey|100/100\n|move|p1a: Starmie|Thunder Wave|p2a: Chansey\n|-status|p2a: Chansey|par\n|\n|upkeep\n|turn|2\n|\n|t:|1787515126\n|switch|p1a: Exeggutor|Exeggutor|100/100\n|move|p2a: Chansey|Sing|p1a: Exeggutor\n|-status|p1a: Exeggutor|slp|[from] move: Sing\n|\n|upkeep\n|turn|3\n|\n|t:|1787515139\n|switch|p2a: Tauros|Tauros|100/100\n|cant|p1a: Exeggutor|slp\n|\n|upkeep\n|turn|4\n|\n|t:|1787515149\n|switch|p1a: Snorlax|Snorlax|100/100\n|move|p2a: Tauros|Body Slam|p1a: Snorlax\n|-damage|p1a: Snorlax|77/100\n|\n|upkeep\n|turn|5\n|\n|t:|1787515157\n|switch|p2a: Cloyster|Cloyster|100/100\n|move|p1a: Snorlax|Body Slam|p2a: Cloyster\n|-damage|p2a: Cloyster|76/100\n|-status|p2a: Cloyster|par\n|\n|upkeep\n|turn|6\n|\n|t:|1787515166\n|switch|p1a: Starmie|Starmie|100/100\n|move|p2a: Cloyster|Blizzard|p1a: Starmie\n|-resisted|p1a: Starmie\n|-damage|p1a: Starmie|82/100\n|\n|upkeep\n|turn|7\n|\n|t:|1787515174\n|switch|p1a: Snorlax|Snorlax|77/100\n|switch|p2a: Chansey|Chansey|100/100 par\n|\n|upkeep\n|turn|8\n|\n|t:|1787515179\n|move|p1a: Snorlax|Body Slam|p2a: Chansey\n|-damage|p2a: Chansey|59/100 par\n|move|p2a: Chansey|Thunder Wave|p1a: Snorlax\n|-status|p1a: Snorlax|par\n|\n|upkeep\n|turn|9\n|\n|t:|1787515187\n|switch|p2a: Cloyster|Cloyster|76/100 par\n|move|p1a: Snorlax|Body Slam|p2a: Cloyster\n|-damage|p2a: Cloyster|51/100 par\n|\n|upkeep\n|turn|10\n|\n|t:|1787515193\n|switch|p1a: Starmie|Starmie|82/100\n|move|p2a: Cloyster|Rest|p2a: Cloyster\n|-status|p2a: Cloyster|slp|[from] move: Rest\n|-heal|p2a: Cloyster|100/100 slp|[silent]\n|\n|upkeep\n|turn|11\n|\n|t:|1787515200\n|switch|p2a: Chansey|Chansey|59/100 par\n|move|p1a: Starmie|Surf|p2a: Chansey\n|-damage|p2a: Chansey|43/100 par\n|\n|upkeep\n|turn|12\n|\n|t:|1787515206\n|move|p1a: Starmie|Surf|p2a: Chansey\n|-crit|p2a: Chansey\n|-damage|p2a: Chansey|13/100 par\n|move|p2a: Chansey|Soft-Boiled|p2a: Chansey\n|-heal|p2a: Chansey|63/100 par\n|\n|upkeep\n|turn|13\n|\n|t:|1787515213\n|switch|p1a: Snorlax|Snorlax|77/100 par\n|move|p2a: Chansey|Soft-Boiled|p2a: Chansey\n|-heal|p2a: Chansey|100/100 par\n|\n|upkeep\n|turn|14\n|\n|t:|1787515220\n|switch|p2a: Cloyster|Cloyster|100/100 slp\n|move|p1a: Snorlax|Body Slam|p2a: Cloyster\n|-damage|p2a: Cloyster|78/100 slp\n|\n|upkeep\n|turn|15\n|\n|t:|1787515226\n|cant|p2a: Cloyster|slp\n|cant|p1a: Snorlax|par\n|\n|upkeep\n|turn|16\n|\n|t:|1787515230\n|-curestatus|p2a: Cloyster|slp|[msg]\n|move|p1a: Snorlax|Body Slam|p2a: Cloyster\n|-damage|p2a: Cloyster|57/100\n|\n|upkeep\n|turn|17\n|\n|t:|1787515237\n|switch|p1a: Starmie|Starmie|82/100\n|move|p2a: Cloyster|Blizzard|p1a: Starmie\n|-resisted|p1a: Starmie\n|-damage|p1a: Starmie|63/100\n|\n|upkeep\n|turn|18\n|\n|t:|1787515243\n|switch|p2a: Chansey|Chansey|100/100 par\n|move|p1a: Starmie|Recover|p1a: Starmie\n|-heal|p1a: Starmie|100/100\n|\n|upkeep\n|turn|19\n|\n|t:|1787515252\n|switch|p1a: Snorlax|Snorlax|77/100 par\n|move|p2a: Chansey|Seismic Toss|p1a: Snorlax\n|-damage|p1a: Snorlax|58/100 par\n|\n|upkeep\n|turn|20\n|\n|t:|1787515258\n|switch|p2a: Cloyster|Cloyster|57/100\n|move|p1a: Snorlax|Body Slam|p2a: Cloyster\n|-damage|p2a: Cloyster|33/100\n|-status|p2a: Cloyster|par\n|\n|upkeep\n|turn|21\n|\n|t:|1787515266\n|switch|p1a: Rhydon|Rhydon|100/100\n|cant|p2a: Cloyster|par\n|\n|upkeep\n|turn|22\n|\n|t:|1787515285\n|switch|p2a: Starmie|Starmie|100/100\n|move|p1a: Rhydon|Rock Slide|p2a: Starmie\n|-damage|p2a: Starmie|66/100\n|\n|upkeep\n|turn|23\n|\n|t:|1787515292\n|switch|p1a: Chansey|Chansey|100/100\n|move|p2a: Starmie|Recover|p2a: Starmie\n|-heal|p2a: Starmie|100/100\n|\n|upkeep\n|turn|24\n|\n|t:|1787515300\n|switch|p2a: Cloyster|Cloyster|33/100 par\n|move|p1a: Chansey|Thunder Wave|p2a: Cloyster\n|-fail|p2a: Cloyster|par\n|\n|upkeep\n|turn|25\n|\n|t:|1787515307\n|switch|p1a: Rhydon|Rhydon|100/100\n|switch|p2a: Chansey|Chansey|100/100 par\n|\n|upkeep\n|turn|26\n|\n|t:|1787515322\n|switch|p2a: Starmie|Starmie|100/100\n|move|p1a: Rhydon|Earthquake|p2a: Starmie\n|-damage|p2a: Starmie|55/100\n|\n|upkeep\n|turn|27\n|\n|t:|1787515328\n|switch|p1a: Chansey|Chansey|100/100\n|move|p2a: Starmie|Recover|p2a: Starmie\n|-heal|p2a: Starmie|100/100\n|\n|upkeep\n|turn|28\n|\n|t:|1787515335\n|switch|p2a: Chansey|Chansey|100/100 par\n|move|p1a: Chansey|Thunder Wave|p2a: Chansey\n|-fail|p2a: Chansey|par\n|\n|upkeep\n|turn|29\n|\n|t:|1787515357\n|switch|p1a: Rhydon|Rhydon|100/100\n|move|p2a: Chansey|Seismic Toss|p1a: Rhydon\n|-damage|p1a: Rhydon|76/100\n|\n|upkeep\n|turn|30\n|\n|t:|1787515364\n|switch|p2a: Starmie|Starmie|100/100\n|move|p1a: Rhydon|Earthquake|p2a: Starmie\n|-damage|p2a: Starmie|55/100\n|\n|upkeep\n|turn|31\n|\n|t:|1787515370\n|switch|p1a: Snorlax|Snorlax|58/100 par\n|move|p2a: Starmie|Recover|p2a: Starmie\n|-heal|p2a: Starmie|100/100\n|\n|upkeep\n|turn|32\n|\n|t:|1787515379\n|switch|p2a: Cloyster|Cloyster|33/100 par\n|move|p1a: Snorlax|Rest|p1a: Snorlax\n|-status|p1a: Snorlax|slp|[from] move: Rest\n|-heal|p1a: Snorlax|100/100 slp|[silent]\n|\n|upkeep\n|turn|33\n|\n|t:|1787515387\n|switch|p1a: Starmie|Starmie|100/100\n|move|p2a: Cloyster|Rest|p2a: Cloyster\n|-status|p2a: Cloyster|slp|[from] move: Rest\n|-heal|p2a: Cloyster|100/100 slp|[silent]\n|\n|upkeep\n|turn|34\n|\n|t:|1787515399\n|switch|p2a: Chansey|Chansey|100/100 par\n|move|p1a: Starmie|Thunderbolt|p2a: Chansey\n|-damage|p2a: Chansey|90/100 par\n|\n|upkeep\n|turn|35\n|\n|t:|1787515406\n|switch|p1a: Snorlax|Snorlax|100/100 slp\n|cant|p2a: Chansey|par\n|\n|upkeep\n|turn|36\n|\n|t:|1787515410\n|switch|p2a: Cloyster|Cloyster|100/100 slp\n|cant|p1a: Snorlax|slp\n|\n|upkeep\n|turn|37\n|\n|t:|1787515415\n|cant|p2a: Cloyster|slp\n|-curestatus|p1a: Snorlax|slp|[msg]\n|\n|upkeep\n|turn|38\n|\n|t:|1787515419\n|-curestatus|p2a: Cloyster|slp|[msg]\n|move|p1a: Snorlax|Body Slam|p2a: Cloyster\n|-damage|p2a: Cloyster|76/100\n|\n|upkeep\n|turn|39\n|\n|t:|1787515426\n|switch|p2a: Chansey|Chansey|90/100 par\n|switch|p1a: Chansey|Chansey|100/100\n|\n|upkeep\n|turn|40\n|\n|t:|1787515432\n|move|p1a: Chansey|Seismic Toss|p2a: Chansey\n|-damage|p2a: Chansey|76/100 par\n|move|p2a: Chansey|Seismic Toss|p1a: Chansey\n|-damage|p1a: Chansey|86/100\n|\n|upkeep\n|turn|41\n|\n|t:|1787515444\n|move|p1a: Chansey|Seismic Toss|p2a: Chansey\n|-damage|p2a: Chansey|62/100 par\n|move|p2a: Chansey|Soft-Boiled|p2a: Chansey\n|-heal|p2a: Chansey|100/100 par\n|\n|upkeep\n|turn|42\n|\n|t:|1787515451\n|move|p1a: Chansey|Seismic Toss|p2a: Chansey\n|-damage|p2a: Chansey|86/100 par\n|move|p2a: Chansey|Thunder Wave|p1a: Chansey\n|-status|p1a: Chansey|par\n|\n|upkeep\n|turn|43\n|\n|t:|1787515459\n|move|p1a: Chansey|Seismic Toss|p2a: Chansey\n|-damage|p2a: Chansey|72/100 par\n|cant|p2a: Chansey|par\n|\n|upkeep\n|turn|44\n|\n|t:|1787515466\n|switch|p1a: Rhydon|Rhydon|76/100\n|cant|p2a: Chansey|par\n|\n|upkeep\n|turn|45\n|\n|t:|1787515472\n|switch|p1a: Snorlax|Snorlax|100/100\n|switch|p2a: Starmie|Starmie|100/100\n|\n|upkeep\n|turn|46\n|\n|t:|1787515478\n|switch|p2a: Cloyster|Cloyster|76/100\n|move|p1a: Snorlax|Body Slam|p2a: Cloyster\n|-damage|p2a: Cloyster|54/100\n|-status|p2a: Cloyster|par\n|\n|upkeep\n|turn|47\n|\n|t:|1787515486\n|switch|p1a: Starmie|Starmie|100/100\n|cant|p2a: Cloyster|par\n|\n|upkeep\n|turn|48\n|\n|t:|1787515492\n|switch|p1a: Snorlax|Snorlax|100/100\n|move|p2a: Cloyster|Rest|p2a: Cloyster\n|-status|p2a: Cloyster|slp|[from] move: Rest\n|-heal|p2a: Cloyster|100/100 slp|[silent]\n|\n|upkeep\n|turn|49\n|\n|t:|1787515499\n|move|p1a: Snorlax|Body Slam|p2a: Cloyster\n|-damage|p2a: Cloyster|77/100 slp\n|cant|p2a: Cloyster|slp\n|\n|upkeep\n|turn|50\n|\n|t:|1787515505\n|move|p1a: Snorlax|Body Slam|p2a: Cloyster\n|-damage|p2a: Cloyster|53/100 slp\n|-curestatus|p2a: Cloyster|slp|[msg]\n|\n|upkeep\n|turn|51\n|\n|t:|1787515510\n|move|p1a: Snorlax|Body Slam|p2a: Cloyster\n|-damage|p2a: Cloyster|28/100\n|move|p2a: Cloyster|Rest|p2a: Cloyster\n|-status|p2a: Cloyster|slp|[from] move: Rest\n|-heal|p2a: Cloyster|100/100 slp|[silent]\n|\n|upkeep\n|turn|52\n|\n|t:|1787515517\n|move|p1a: Snorlax|Body Slam|p2a: Cloyster\n|-damage|p2a: Cloyster|78/100 slp\n|cant|p2a: Cloyster|slp\n|\n|upkeep\n|turn|53\n|\n|t:|1787515523\n|move|p1a: Snorlax|Body Slam|p2a: Cloyster\n|-damage|p2a: Cloyster|56/100 slp\n|-curestatus|p2a: Cloyster|slp|[msg]\n|\n|upkeep\n|turn|54\n|\n|t:|1787515528\n|move|p1a: Snorlax|Body Slam|p2a: Cloyster\n|-damage|p2a: Cloyster|34/100\n|move|p2a: Cloyster|Rest|p2a: Cloyster\n|-status|p2a: Cloyster|slp|[from] move: Rest\n|-heal|p2a: Cloyster|100/100 slp|[silent]\n|\n|upkeep\n|turn|55\n|\n|t:|1787515535\n|move|p1a: Snorlax|Body Slam|p2a: Cloyster\n|-damage|p2a: Cloyster|78/100 slp\n|cant|p2a: Cloyster|slp\n|\n|upkeep\n|turn|56\n|\n|t:|1787515541\n|move|p1a: Snorlax|Body Slam|p2a: Cloyster\n|-damage|p2a: Cloyster|57/100 slp\n|-curestatus|p2a: Cloyster|slp|[msg]\n|\n|upkeep\n|turn|57\n|\n|t:|1787515546\n|switch|p1a: Tauros|Tauros|100/100\n|move|p2a: Cloyster|Rest|p2a: Cloyster\n|-status|p2a: Cloyster|slp|[from] move: Rest\n|-heal|p2a: Cloyster|100/100 slp|[silent]\n|\n|upkeep\n|turn|58\n|\n|t:|1787515554\n|move|p1a: Tauros|Body Slam|p2a: Cloyster\n|-damage|p2a: Cloyster|78/100 slp\n|cant|p2a: Cloyster|slp\n|\n|upkeep\n|turn|59\n|\n|t:|1787515560\n|move|p1a: Tauros|Body Slam|p2a: Cloyster\n|-damage|p2a: Cloyster|56/100 slp\n|-curestatus|p2a: Cloyster|slp|[msg]\n|\n|upkeep\n|turn|60\n|\n|t:|1787515567\n|switch|p1a: Chansey|Chansey|86/100 par\n|move|p2a: Cloyster|Blizzard|p1a: Chansey\n|-damage|p1a: Chansey|69/100 par\n|\n|upkeep\n|turn|61\n|\n|t:|1787515577\n|switch|p2a: Chansey|Chansey|72/100 par\n|switch|p1a: Snorlax|Snorlax|100/100\n|\n|upkeep\n|turn|62\n|\n|t:|1787515584\n|move|p1a: Snorlax|Body Slam|p2a: Chansey\n|-damage|p2a: Chansey|34/100 par\n|move|p2a: Chansey|Thunder Wave|p1a: Snorlax\n|-status|p1a: Snorlax|par\n|\n|upkeep\n|turn|63\n|\n|t:|1787515592\n|cant|p2a: Chansey|par\n|cant|p1a: Snorlax|par\n|\n|upkeep\n|turn|64\n|\n|t:|1787515607\n|switch|p2a: Cloyster|Cloyster|56/100\n|cant|p1a: Snorlax|par\n|\n|upkeep\n|turn|65\n|\n|t:|1787515612\n|switch|p1a: Starmie|Starmie|100/100\n|move|p2a: Cloyster|Clamp|p1a: Starmie\n|-crit|p1a: Starmie\n|-resisted|p1a: Starmie\n|-damage|p1a: Starmie|89/100\n|\n|upkeep\n|turn|66\n|\n|t:|1787515620\n|move|p2a: Cloyster|Clamp|p1a: Starmie|[from] Clamp\n|-damage|p1a: Starmie|78/100\n|\n|upkeep\n|turn|67\n|\n|t:|1787515623\n|switch|p1a: Tauros|Tauros|100/100\n|switch|p2a: Chansey|Chansey|34/100 par\n|\n|upkeep\n|turn|68\n|inactive|oligen1 has 270 seconds left.\n|\n|t:|1787515680\n|switch|p2a: Rhydon|Rhydon|100/100\n|move|p1a: Tauros|Body Slam|p2a: Rhydon\n|-resisted|p2a: Rhydon\n|-damage|p2a: Rhydon|90/100\n|\n|upkeep\n|turn|69\n|\n|t:|1787515689\n|move|p1a: Tauros|Earthquake|p2a: Rhydon\n|-supereffective|p2a: Rhydon\n|-damage|p2a: Rhydon|54/100\n|move|p2a: Rhydon|Earthquake|p1a: Tauros\n|-damage|p1a: Tauros|57/100\n|\n|upkeep\n|turn|70\n|\n|t:|1787515695\n|switch|p2a: Starmie|Starmie|100/100\n|move|p1a: Tauros|Body Slam|p2a: Starmie\n|-damage|p2a: Starmie|64/100\n|-status|p2a: Starmie|par\n|\n|upkeep\n|turn|71\n|\n|t:|1787515706\n|move|p1a: Tauros|Body Slam|p2a: Starmie\n|-damage|p2a: Starmie|30/100 par\n|move|p2a: Starmie|Recover|p2a: Starmie\n|-heal|p2a: Starmie|80/100 par\n|\n|upkeep\n|turn|72\n|\n|t:|1787515716\n|switch|p1a: Snorlax|Snorlax|100/100 par\n|cant|p2a: Starmie|par\n|\n|upkeep\n|turn|73\n|inactive|oligen1 has 270 seconds left.\n|\n|t:|1787515732\n|switch|p2a: Cloyster|Cloyster|56/100\n|move|p1a: Snorlax|Body Slam|p2a: Cloyster\n|-damage|p2a: Cloyster|32/100\n|-status|p2a: Cloyster|par\n|\n|upkeep\n|turn|74\n|\n|t:|1787515753\n|switch|p1a: Rhydon|Rhydon|76/100\n|move|p2a: Cloyster|Rest|p2a: Cloyster\n|-status|p2a: Cloyster|slp|[from] move: Rest\n|-heal|p2a: Cloyster|100/100 slp|[silent]\n|\n|upkeep\n|turn|75\n|inactive|oligen1 has 240 seconds left.\n|\n|t:|1787515774\n|switch|p2a: Tauros|Tauros|100/100\n|move|p1a: Rhydon|Rock Slide|p2a: Tauros\n|-damage|p2a: Tauros|68/100\n|\n|upkeep\n|turn|76\n|\n|t:|1787515783\n|switch|p1a: Snorlax|Snorlax|100/100 par\n|move|p2a: Tauros|Blizzard|p1a: Snorlax\n|-crit|p1a: Snorlax\n|-damage|p1a: Snorlax|66/100 par\n|\n|upkeep\n|turn|77\n|\n|t:|1787515792\n|switch|p2a: Rhydon|Rhydon|54/100\n|move|p1a: Snorlax|Body Slam|p2a: Rhydon\n|-resisted|p2a: Rhydon\n|-damage|p2a: Rhydon|41/100\n|\n|upkeep\n|turn|78\n|\n|t:|1787515802\n|switch|p1a: Exeggutor|Exeggutor|100/100 slp\n|move|p2a: Rhydon|Earthquake|p1a: Exeggutor\n|-crit|p1a: Exeggutor\n|-resisted|p1a: Exeggutor\n|-damage|p1a: Exeggutor|62/100 slp\n|\n|upkeep\n|turn|79\n|\n|t:|1787515817\n|cant|p1a: Exeggutor|slp\n|move|p2a: Rhydon|Body Slam|p1a: Exeggutor\n|-damage|p1a: Exeggutor|39/100 slp\n|\n|upkeep\n|turn|80\n|\n|t:|1787515827\n|switch|p2a: Tauros|Tauros|68/100\n|cant|p1a: Exeggutor|slp\n|\n|upkeep\n|turn|81\n|\n|t:|1787515834\n|move|p2a: Tauros|Body Slam|p1a: Exeggutor\n|-damage|p1a: Exeggutor|10/100 slp\n|cant|p1a: Exeggutor|slp\n|\n|upkeep\n|turn|82\n|inactive|oligen1 has 270 seconds left.\n|\n|t:|1787515840\n|move|p2a: Tauros|Body Slam|p1a: Exeggutor\n|-crit|p1a: Exeggutor\n|-damage|p1a: Exeggutor|0 fnt\n|faint|p1a: Exeggutor\n|\n|t:|1787515859\n|switch|p1a: Starmie|Starmie|78/100\n|turn|83\n|\n|t:|1787515868\n|switch|p2a: Jynx|Jynx|100/100\n|move|p1a: Starmie|Surf|p2a: Jynx\n|-damage|p2a: Jynx|64/100\n|\n|upkeep\n|turn|84\n|\n|t:|1787515876\n|switch|p1a: Chansey|Chansey|69/100 par\n|switch|p2a: Chansey|Chansey|34/100 par\n|\n|upkeep\n|turn|85\n|inactive|oligen1 has 270 seconds left.\n|\n|t:|1787515914\n|switch|p1a: Rhydon|Rhydon|76/100\n|switch|p2a: Tauros|Tauros|68/100\n|\n|upkeep\n|turn|86\n|\n|t:|1787515929\n|move|p2a: Tauros|Blizzard|p1a: Rhydon\n|-crit|p1a: Rhydon\n|-supereffective|p1a: Rhydon\n|-damage|p1a: Rhydon|0 fnt\n|faint|p1a: Rhydon\n|\n|t:|1787515932\n|switch|p1a: Starmie|Starmie|78/100\n|turn|87\n|inactive|oligen1 has 270 seconds left.\n|inactive|oligen1 has 240 seconds left.\n|\n|t:|1787515974\n|switch|p2a: Jynx|Jynx|64/100\n|move|p1a: Starmie|Surf|p2a: Jynx\n|-damage|p2a: Jynx|30/100\n|\n|upkeep\n|turn|88\n|inactive|oligen1 has 240 seconds left.\n|\n|t:|1787515989\n|move|p1a: Starmie|Surf|p2a: Jynx\n|-damage|p2a: Jynx|0 fnt\n|faint|p2a: Jynx\n|\n|t:|1787515994\n|switch|p2a: Chansey|Chansey|34/100 par\n|turn|89\n|\n|t:|1787515997\n|switch|p1a: Tauros|Tauros|57/100\n|cant|p2a: Chansey|par\n|\n|upkeep\n|turn|90\n|inactive|oligen1 has 240 seconds left.\n|\n|t:|1787516025\n|switch|p2a: Rhydon|Rhydon|41/100\n|move|p1a: Tauros|Body Slam|p2a: Rhydon\n|-resisted|p2a: Rhydon\n|-damage|p2a: Rhydon|31/100\n|-status|p2a: Rhydon|par\n|\n|upkeep\n|turn|91\n|inactive|oligen1 has 240 seconds left.\n|\n|t:|1787516046\n|switch|p2a: Cloyster|Cloyster|100/100 slp\n|move|p1a: Tauros|Earthquake|p2a: Cloyster\n|-damage|p2a: Cloyster|83/100 slp\n|\n|upkeep\n|turn|92\n|\n|t:|1787516067\n|switch|p1a: Starmie|Starmie|78/100\n|cant|p2a: Cloyster|slp\n|\n|upkeep\n|turn|93\n|inactive|oligen1 has 210 seconds left.\n|\n|t:|1787516121\n|switch|p2a: Rhydon|Rhydon|31/100 par\n|move|p1a: Starmie|Thunderbolt|p2a: Rhydon\n|-immune|p2a: Rhydon\n|\n|upkeep\n|turn|94\n|\n|t:|1787516127\n|switch|p2a: Starmie|Starmie|80/100 par\n|move|p1a: Starmie|Surf|p2a: Starmie\n|-crit|p2a: Starmie\n|-resisted|p2a: Starmie\n|-damage|p2a: Starmie|49/100 par\n|\n|upkeep\n|turn|95\n|\n|t:|1787516137\n|move|p1a: Starmie|Thunderbolt|p2a: Starmie\n|-crit|p2a: Starmie\n|-supereffective|p2a: Starmie\n|-damage|p2a: Starmie|0 fnt\n|faint|p2a: Starmie\n|\n|t:|1787516144\n|switch|p2a: Chansey|Chansey|34/100 par\n|turn|96\n|inactive|wooooo rby has 270 seconds left.\n|\n|t:|1787516176\n|switch|p1a: Tauros|Tauros|57/100\n|move|p2a: Chansey|Soft-Boiled|p2a: Chansey\n|-heal|p2a: Chansey|84/100 par\n|\n|upkeep\n|turn|97\n|\n|t:|1787516184\n|move|p1a: Tauros|Body Slam|p2a: Chansey\n|-damage|p2a: Chansey|45/100 par\n|move|p2a: Chansey|Thunder Wave|p1a: Tauros\n|-status|p1a: Tauros|par\n|\n|upkeep\n|turn|98\n|inactive|oligen1 has 210 seconds left.\n|\n|t:|1787516191\n|switch|p2a: Cloyster|Cloyster|83/100 slp\n|move|p1a: Tauros|Body Slam|p2a: Cloyster\n|-damage|p2a: Cloyster|63/100 slp\n|\n|upkeep\n|turn|99\n|\n|t:|1787516200\n|-curestatus|p2a: Cloyster|slp|[msg]\n|move|p1a: Tauros|Body Slam|p2a: Cloyster\n|-damage|p2a: Cloyster|42/100\n|-status|p2a: Cloyster|par\n|\n|upkeep\n|turn|100\n|inactive|oligen1 has 210 seconds left.\n|\n|t:|1787516227\n|move|p1a: Tauros|Body Slam|p2a: Cloyster\n|-damage|p2a: Cloyster|22/100 par\n|move|p2a: Cloyster|Explosion|p1a: Tauros\n|-damage|p1a: Tauros|0 fnt\n|faint|p1a: Tauros\n|faint|p2a: Cloyster\n|inactive|wooooo rby has 270 seconds left.\n|\n|t:|1787516255\n|switch|p1a: Snorlax|Snorlax|66/100 par\n|switch|p2a: Chansey|Chansey|45/100 par\n|turn|101\n|\n|t:|1787516264\n|switch|p2a: Rhydon|Rhydon|31/100 par\n|switch|p1a: Starmie|Starmie|78/100\n|\n|upkeep\n|turn|102\n|inactive|oligen1 has 180 seconds left.\n|\n|t:|1787516296\n|switch|p2a: Chansey|Chansey|45/100 par\n|move|p1a: Starmie|Surf|p2a: Chansey\n|-damage|p2a: Chansey|30/100 par\n|\n|upkeep\n|turn|103\n|\n|t:|1787516304\n|move|p1a: Starmie|Surf|p2a: Chansey\n|-crit|p2a: Chansey\n|-damage|p2a: Chansey|2/100 par\n|cant|p2a: Chansey|par\n|\n|upkeep\n|turn|104\n|\n|t:|1787516313\n|move|p1a: Starmie|Surf|p2a: Chansey\n|-damage|p2a: Chansey|0 fnt\n|faint|p2a: Chansey\n|\n|t:|1787516317\n|switch|p2a: Tauros|Tauros|68/100\n|turn|105\n|\n|t:|1787516325\n|move|p1a: Starmie|Thunder Wave|p2a: Tauros\n|-status|p2a: Tauros|par\n|cant|p2a: Tauros|par\n|\n|upkeep\n|turn|106\n|inactive|oligen1 has 210 seconds left.\n|\n|t:|1787516339\n|switch|p1a: Chansey|Chansey|69/100 par\n|move|p2a: Tauros|Body Slam|p1a: Chansey\n|-damage|p1a: Chansey|33/100 par\n|\n|upkeep\n|turn|107\n|\n|t:|1787516346\n|move|p2a: Tauros|Body Slam|p1a: Chansey\n|-damage|p1a: Chansey|0 fnt\n|faint|p1a: Chansey\n|\n|t:|1787516349\n|switch|p1a: Snorlax|Snorlax|66/100 par\n|turn|108\n|\n|t:|1787516353\n|switch|p2a: Rhydon|Rhydon|31/100 par\n|move|p1a: Snorlax|Reflect|p1a: Snorlax\n|-start|p1a: Snorlax|Reflect\n|\n|upkeep\n|turn|109\n|\n|t:|1787516361\n|cant|p2a: Rhydon|par\n|move|p1a: Snorlax|Self-Destruct|p2a: Rhydon\n|-resisted|p2a: Rhydon\n|-damage|p2a: Rhydon|0 fnt\n|faint|p2a: Rhydon\n|faint|p1a: Snorlax\n|\n|t:|1787516368\n|switch|p2a: Tauros|Tauros|68/100 par\n|switch|p1a: Starmie|Starmie|78/100\n|turn|110\n|inactive|oligen1 has 240 seconds left.\n|\n|t:|1787516381\n|move|p1a: Starmie|Surf|p2a: Tauros\n|-damage|p2a: Tauros|28/100 par\n|move|p2a: Tauros|Hyper Beam|p1a: Starmie\n|-damage|p1a: Starmie|18/100\n|-mustrecharge|p2a: Tauros\n|\n|upkeep\n|turn|111\n|inactive|oligen1 has 240 seconds left.\n|\n|t:|1787516387\n|move|p1a: Starmie|Surf|p2a: Tauros\n|-damage|p2a: Tauros|0 fnt\n|faint|p2a: Tauros\n|\n|win|wooooo rby\n|c|☆wooooo rby|ggs\n|c|☆oligen1|ggs wp champ\n|c|☆oligen1|congrats\n","uploadtime":1787516387,"views":"125","formatid":"gen1ou","rating":null,"private":0,"password":null}