{"id":"smogtours-gen1ou-820255","format":"[Gen 1] OU","players":["nicole7735","Amaranth"],"log":"|inactive|Battle timer is ON: inactive players will automatically lose when time's up.\n|t:|1739697730\n|gametype|singles\n|player|p1|nicole7735|lady-gen4|\n|player|p2|Amaranth|#amaranth|\n|teamsize|p1|6\n|teamsize|p2|6\n|gen|1\n|tier|[Gen 1] OU\n|rule|Desync Clause Mod: Desyncs changed to move failure.\n|rule|Sleep Clause Mod: Limit one foe put to sleep\n|rule|Freeze Clause Mod: Limit one foe frozen\n|rule|Species Clause: Limit one of each Pokémon\n|rule|OHKO Clause: OHKO moves are banned\n|rule|Evasion Moves Clause: Evasion moves are banned\n|rule|Endless Battle Clause: Forcing endless battles is banned\n|rule|HP Percentage Mod: HP is shown in percentages\n|\n|t:|1739697730\n|start\n|switch|p1a: Gengar|Gengar|100/100\n|switch|p2a: Gengar|Gengar|100/100\n|turn|1\n|c|☆Amaranth|glhf\n|inactive|nicole7735 has 270 seconds left.\n|c|☆nicole7735|hf\n|\n|t:|1739697763\n|move|p2a: Gengar|Psychic|p1a: Gengar\n|-supereffective|p1a: Gengar\n|-damage|p1a: Gengar|56/100\n|move|p1a: Gengar|Psychic|p2a: Gengar\n|-crit|p2a: Gengar\n|-supereffective|p2a: Gengar\n|-damage|p2a: Gengar|12/100\n|\n|upkeep\n|turn|2\n|\n|t:|1739697777\n|switch|p2a: Alakazam|Alakazam|100/100\n|move|p1a: Gengar|Psychic|p2a: Alakazam\n|-crit|p2a: Alakazam\n|-resisted|p2a: Alakazam\n|-damage|p2a: Alakazam|78/100\n|\n|upkeep\n|turn|3\n|inactive|nicole7735 has 270 seconds left.\n|\n|t:|1739697811\n|switch|p1a: Starmie|Starmie|100/100\n|move|p2a: Alakazam|Psychic|p1a: Starmie\n|-resisted|p1a: Starmie\n|-damage|p1a: Starmie|80/100\n|\n|upkeep\n|turn|4\n|inactive|nicole7735 has 270 seconds left.\n|inactive|nicole7735 has 240 seconds left.\n|inactive|nicole7735 has 210 seconds left.\n|inactive|Amaranth has 270 seconds left.\n|\n|t:|1739697897\n|switch|p1a: Chansey|Chansey|100/100\n|move|p2a: Alakazam|Thunder Wave|p1a: Chansey\n|-status|p1a: Chansey|par\n|\n|upkeep\n|turn|5\n|inactive|nicole7735 has 180 seconds left.\n|inactive|nicole7735 has 150 seconds left.\n|\n|t:|1739697965\n|switch|p1a: Exeggutor|Exeggutor|100/100\n|move|p2a: Alakazam|Psychic|p1a: Exeggutor\n|-resisted|p1a: Exeggutor\n|-damage|p1a: Exeggutor|86/100\n|\n|upkeep\n|turn|6\n|\n|t:|1739697968\n|move|p2a: Alakazam|Thunder Wave|p1a: Exeggutor\n|-status|p1a: Exeggutor|par\n|cant|p1a: Exeggutor|par\n|\n|upkeep\n|turn|7\n|\n|t:|1739697976\n|move|p2a: Alakazam|Psychic|p1a: Exeggutor\n|-resisted|p1a: Exeggutor\n|-damage|p1a: Exeggutor|73/100 par\n|-unboost|p1a: Exeggutor|spa|1\n|-unboost|p1a: Exeggutor|spd|1\n|move|p1a: Exeggutor|Sleep Powder|p2a: Alakazam\n|-status|p2a: Alakazam|slp|[from] move: Sleep Powder\n|\n|upkeep\n|turn|8\n|\n|t:|1739697986\n|switch|p2a: Snorlax|Snorlax|100/100\n|switch|p1a: Tauros|Tauros|100/100\n|\n|upkeep\n|turn|9\n|\n|t:|1739698007\n|move|p1a: Tauros|Body Slam|p2a: Snorlax\n|-crit|p2a: Snorlax\n|-damage|p2a: Snorlax|55/100\n|move|p2a: Snorlax|Body Slam|p1a: Tauros\n|-damage|p1a: Tauros|67/100\n|\n|upkeep\n|turn|10\n|inactive|nicole7735 has 150 seconds left.\n|\n|t:|1739698025\n|move|p1a: Tauros|Body Slam|p2a: Snorlax\n|-damage|p2a: Snorlax|29/100\n|move|p2a: Snorlax|Earthquake|p1a: Tauros\n|-damage|p1a: Tauros|40/100\n|\n|upkeep\n|turn|11\n|inactive|nicole7735 has 150 seconds left.\n|\n|t:|1739698057\n|switch|p2a: Cloyster|Cloyster|100/100\n|move|p1a: Tauros|Body Slam|p2a: Cloyster\n|-damage|p2a: Cloyster|79/100\n|\n|upkeep\n|turn|12\n|rated|Smogon Premier League\n|inactive|nicole7735 has 120 seconds left.\n|\n|t:|1739698096\n|switch|p1a: Chansey|Chansey|100/100 par\n|move|p2a: Cloyster|Blizzard|p1a: Chansey\n|-damage|p1a: Chansey|82/100 par\n|\n|upkeep\n|turn|13\n|inactive|nicole7735 has 90 seconds left.\n|\n|t:|1739698123\n|move|p2a: Cloyster|Clamp|p1a: Chansey\n|-damage|p1a: Chansey|77/100 par\n|cant|p1a: Chansey|partiallytrapped\n|\n|upkeep\n|turn|14\n|inactive|nicole7735 has 90 seconds left.\n|\n|t:|1739698153\n|switch|p1a: Exeggutor|Exeggutor|73/100 par\n|move|p2a: Cloyster|Clamp|p1a: Exeggutor\n|-resisted|p1a: Exeggutor\n|-damage|p1a: Exeggutor|69/100 par\n|\n|upkeep\n|turn|15\n|\n|t:|1739698156\n|switch|p1a: Starmie|Starmie|80/100\n|move|p2a: Cloyster|Clamp|p1a: Starmie|[miss]\n|-miss|p2a: Cloyster\n|\n|upkeep\n|turn|16\n|\n|t:|1739698170\n|switch|p1a: Gengar|Gengar|56/100\n|switch|p2a: Exeggutor|Exeggutor|100/100\n|\n|upkeep\n|turn|17\n|inactive|nicole7735 has 60 seconds left.\n|inactive|nicole7735 has 30 seconds left.\n|\n|t:|1739698232\n|switch|p1a: Chansey|Chansey|77/100 par\n|move|p2a: Exeggutor|Psychic|p1a: Chansey\n|-damage|p1a: Chansey|60/100 par\n|-unboost|p1a: Chansey|spa|1\n|-unboost|p1a: Chansey|spd|1\n|\n|upkeep\n|turn|18\n|\n|t:|1739698237\n|switch|p2a: Snorlax|Snorlax|29/100\n|move|p1a: Chansey|Soft-Boiled|p1a: Chansey\n|-heal|p1a: Chansey|100/100 par\n|\n|upkeep\n|turn|19\n|inactive|nicole7735 has 30 seconds left.\n|inactive|nicole7735 has 20 seconds left.\n|inactive|nicole7735 has 15 seconds left.\n|\n|t:|1739698272\n|switch|p1a: Snorlax|Snorlax|100/100\n|move|p2a: Snorlax|Body Slam|p1a: Snorlax\n|-damage|p1a: Snorlax|73/100\n|\n|upkeep\n|turn|20\n|inactive|nicole7735 has 25 seconds left this turn.\n|\n|t:|1739698283\n|switch|p2a: Gengar|Gengar|12/100\n|move|p1a: Snorlax|Body Slam|p2a: Gengar\n|-immune|p2a: Gengar\n|\n|upkeep\n|turn|21\n|inactive|nicole7735 has 30 seconds left.\n|\n|t:|1739698296\n|switch|p1a: Exeggutor|Exeggutor|69/100 par\n|move|p2a: Gengar|Psychic|p1a: Exeggutor\n|-resisted|p1a: Exeggutor\n|-damage|p1a: Exeggutor|59/100 par\n|\n|upkeep\n|turn|22\n|inactive|nicole7735 has 30 seconds left.\n|\n|t:|1739698305\n|move|p2a: Gengar|Explosion|p1a: Exeggutor\n|-damage|p1a: Exeggutor|5/100 par\n|faint|p2a: Gengar\n|\n|t:|1739698313\n|switch|p2a: Exeggutor|Exeggutor|100/100\n|turn|23\n|\n|t:|1739698320\n|switch|p1a: Chansey|Chansey|100/100 par\n|move|p2a: Exeggutor|Psychic|p1a: Chansey\n|-damage|p1a: Chansey|82/100 par\n|-unboost|p1a: Chansey|spa|1\n|-unboost|p1a: Chansey|spd|1\n|\n|upkeep\n|turn|24\n|\n|t:|1739698328\n|switch|p2a: Alakazam|Alakazam|78/100 slp\n|move|p1a: Chansey|Soft-Boiled|p1a: Chansey\n|-heal|p1a: Chansey|100/100 par\n|\n|upkeep\n|turn|25\n|\n|t:|1739698352\n|switch|p2a: Tauros|Tauros|100/100\n|switch|p1a: Tauros|Tauros|40/100\n|\n|upkeep\n|turn|26\n|inactive|nicole7735 has 30 seconds left.\n|\n|t:|1739698380\n|switch|p1a: Exeggutor|Exeggutor|5/100 par\n|move|p2a: Tauros|Body Slam|p1a: Exeggutor\n|-damage|p1a: Exeggutor|0 fnt\n|faint|p1a: Exeggutor\n|\n|t:|1739698382\n|switch|p1a: Starmie|Starmie|80/100\n|turn|27\n|inactive|nicole7735 has 30 seconds left.\n|inactive|nicole7735 has 20 seconds left.\n|\n|t:|1739698414\n|switch|p1a: Snorlax|Snorlax|73/100\n|switch|p2a: Exeggutor|Exeggutor|100/100\n|\n|upkeep\n|turn|28\n|inactive|nicole7735 has 30 seconds left this turn.\n|inactive|nicole7735 has 20 seconds left.\n|inactive|nicole7735 has 15 seconds left.\n|inactive|Amaranth has 270 seconds left.\n|inactive|nicole7735 has 10 seconds left.\n|\n|t:|1739698444\n|move|p2a: Exeggutor|Sleep Powder|p1a: Snorlax\n|-status|p1a: Snorlax|slp|[from] move: Sleep Powder\n|cant|p1a: Snorlax|slp\n|\n|upkeep\n|turn|29\n|inactive|nicole7735 has 20 seconds left this turn.\n|inactive|nicole7735 has 15 seconds left.\n|inactive|Amaranth has 270 seconds left.\n|inactive|nicole7735 has 10 seconds left.\n|\n|t:|1739698456\n|switch|p2a: Snorlax|Snorlax|29/100\n|switch|p1a: Chansey|Chansey|100/100 par\n|\n|upkeep\n|turn|30\n|inactive|nicole7735 has 20 seconds left this turn.\n|inactive|nicole7735 has 15 seconds left.\n|inactive|Amaranth has 270 seconds left.\n|inactive|nicole7735 has 10 seconds left.\n|\n|t:|1739698472\n|switch|p1a: Tauros|Tauros|40/100\n|move|p2a: Snorlax|Earthquake|p1a: Tauros\n|-damage|p1a: Tauros|17/100\n|\n|upkeep\n|turn|31\n|inactive|nicole7735 has 20 seconds left this turn.\n|\n|t:|1739698478\n|switch|p2a: Cloyster|Cloyster|79/100\n|move|p1a: Tauros|Body Slam|p2a: Cloyster\n|-damage|p2a: Cloyster|56/100\n|\n|upkeep\n|turn|32\n|inactive|nicole7735 has 30 seconds left this turn.\n|inactive|nicole7735 has 20 seconds left.\n|\n|t:|1739698489\n|switch|p1a: Chansey|Chansey|100/100 par\n|move|p2a: Cloyster|Explosion|p1a: Chansey\n|-damage|p1a: Chansey|1/100 par\n|faint|p2a: Cloyster\n|inactive|nicole7735 has 25 seconds left this turn.\n|\n|t:|1739698499\n|switch|p2a: Exeggutor|Exeggutor|100/100\n|turn|33\n|inactive|nicole7735 has 30 seconds left.\n|\n|t:|1739698505\n|move|p2a: Exeggutor|Psychic|p1a: Chansey\n|-damage|p1a: Chansey|0 fnt\n|faint|p1a: Chansey\n|inactive|nicole7735 has 30 seconds left.\n|inactive|nicole7735 has 20 seconds left.\n|inactive|nicole7735 has 15 seconds left.\n|inactive|nicole7735 has 10 seconds left.\n|\n|t:|1739698531\n|switch|p1a: Gengar|Gengar|56/100\n|turn|34\n|inactive|nicole7735 has 20 seconds left this turn.\n|inactive|Amaranth has 270 seconds left.\n|\n|t:|1739698561\n|move|p1a: Gengar|Explosion|p2a: Exeggutor\n|-crit|p2a: Exeggutor\n|-damage|p2a: Exeggutor|0 fnt\n|faint|p2a: Exeggutor\n|faint|p1a: Gengar\n|inactive|nicole7735 has 30 seconds left this turn.\n|inactive|nicole7735 has 20 seconds left.\n|inactive|Amaranth has 270 seconds left.\n|inactive|nicole7735 has 15 seconds left.\n|inactive|nicole7735 has 10 seconds left.\n|inactive|nicole7735 has 5 seconds left.\n|inactive|Amaranth has 240 seconds left.\n|\n|t:|1739698627\n|switch|p1a: Starmie|Starmie|80/100\n|switch|p2a: Snorlax|Snorlax|29/100\n|turn|35\n|inactive|nicole7735 has 15 seconds left this turn.\n|inactive|nicole7735 has 10 seconds left.\n|inactive|nicole7735 has 5 seconds left.\n|\n|t:|1739698639\n|move|p1a: Starmie|Psychic|p2a: Snorlax\n|-damage|p2a: Snorlax|3/100\n|move|p2a: Snorlax|Self-Destruct|p1a: Starmie\n|-damage|p1a: Starmie|0 fnt\n|faint|p1a: Starmie\n|faint|p2a: Snorlax\n|inactive|nicole7735 has 15 seconds left this turn.\n|inactive|nicole7735 has 10 seconds left.\n|inactive|nicole7735 has 5 seconds left.\n|\n|t:|1739698650\n|switch|p1a: Snorlax|Snorlax|73/100 slp\n|switch|p2a: Tauros|Tauros|100/100\n|turn|36\n|inactive|nicole7735 has 15 seconds left this turn.\n|\n|t:|1739698654\n|move|p2a: Tauros|Body Slam|p1a: Snorlax\n|-damage|p1a: Snorlax|48/100 slp\n|cant|p1a: Snorlax|slp\n|\n|upkeep\n|turn|37\n|inactive|nicole7735 has 25 seconds left this turn.\n|\n|t:|1739698656\n|move|p2a: Tauros|Body Slam|p1a: Snorlax\n|-damage|p1a: Snorlax|24/100 slp\n|cant|p1a: Snorlax|slp\n|\n|upkeep\n|turn|38\n|\n|t:|1739698661\n|move|p2a: Tauros|Body Slam|p1a: Snorlax\n|-damage|p1a: Snorlax|0 fnt\n|faint|p1a: Snorlax\n|\n|t:|1739698664\n|switch|p1a: Tauros|Tauros|17/100\n|turn|39\n|\n|t:|1739698667\n|move|p1a: Tauros|Hyper Beam|p2a: Tauros\n|-damage|p2a: Tauros|47/100\n|-mustrecharge|p1a: Tauros\n|move|p2a: Tauros|Body Slam|p1a: Tauros\n|-damage|p1a: Tauros|0 fnt\n|faint|p1a: Tauros\n|\n|win|Amaranth\n|c|☆nicole7735|gg\n|c|☆Amaranth|gg\n|player|p2|\n","uploadtime":1739698667,"views":"1860","formatid":"gen1ou","rating":null,"private":0,"password":null}