{"id":"smogtours-gen1ou-946536","format":"[Gen 1] OU","players":["16bit","AJ Duncan"],"log":"|inactive|Battle timer is ON: inactive players will automatically lose when time's up.\n|t:|1781442171\n|gametype|singles\n|player|p1|16bit|malva|\n|player|p2|AJ Duncan|#wcop2026italy|\n|gen|1\n|tier|[Gen 1] OU\n|rule|Desync Clause Mod: Desyncs changed to move failure.\n|rule|HP Percentage Mod: HP is shown in percentages\n|rule|Endless Battle Clause: Forcing endless battles is banned\n|rule|Sleep Clause Mod: Limit one foe put to sleep\n|rule|Freeze Clause Mod: Limit one foe frozen\n|rule|Species Clause: Limit one of each Pokémon\n|rule|OHKO Clause: OHKO moves are banned\n|rule|Evasion Moves Clause: Evasion moves are banned\n|\n|t:|1781442171\n|teamsize|p1|6\n|teamsize|p2|6\n|start\n|switch|p1a: Gengar|Gengar|100/100\n|switch|p2a: Jynx|Jynx|100/100\n|turn|1\n|c|☆AJ Duncan|hf\n|c|☆16bit|u2\n|\n|t:|1781442200\n|move|p1a: Gengar|Hypnosis|p2a: Jynx|[miss]\n|-miss|p1a: Gengar\n|move|p2a: Jynx|Lovely Kiss|p1a: Gengar\n|-status|p1a: Gengar|slp|[from] move: Lovely Kiss\n|\n|upkeep\n|turn|2\n|\n|t:|1781442212\n|switch|p1a: Chansey|Chansey|100/100\n|move|p2a: Jynx|Blizzard|p1a: Chansey\n|-damage|p1a: Chansey|81/100\n|\n|upkeep\n|turn|3\n|\n|t:|1781442225\n|switch|p2a: Chansey|Chansey|100/100\n|move|p1a: Chansey|Thunder Wave|p2a: Chansey\n|-status|p2a: Chansey|par\n|\n|upkeep\n|turn|4\n|inactive|16bit has 270 seconds left.\n|\n|t:|1781442275\n|move|p1a: Chansey|Seismic Toss|p2a: Chansey\n|-damage|p2a: Chansey|86/100 par\n|move|p2a: Chansey|Ice Beam|p1a: Chansey\n|-damage|p1a: Chansey|70/100\n|\n|upkeep\n|turn|5\n|\n|t:|1781442283\n|switch|p1a: Snorlax|Snorlax|100/100\n|move|p2a: Chansey|Ice Beam|p1a: Snorlax\n|-damage|p1a: Snorlax|81/100\n|\n|upkeep\n|turn|6\n|\n|t:|1781442289\n|move|p1a: Snorlax|Body Slam|p2a: Chansey\n|-damage|p2a: Chansey|44/100 par\n|cant|p2a: Chansey|par\n|\n|upkeep\n|turn|7\n|\n|t:|1781442298\n|switch|p2a: Snorlax|Snorlax|100/100\n|move|p1a: Snorlax|Body Slam|p2a: Snorlax\n|-damage|p2a: Snorlax|73/100\n|\n|upkeep\n|turn|8\n|\n|t:|1781442312\n|switch|p1a: Exeggutor|Exeggutor|100/100\n|move|p2a: Snorlax|Body Slam|p1a: Exeggutor\n|-damage|p1a: Exeggutor|70/100\n|-status|p1a: Exeggutor|par\n|\n|upkeep\n|turn|9\n|\n|t:|1781442325\n|switch|p2a: Chansey|Chansey|44/100 par\n|move|p1a: Exeggutor|Stun Spore|p2a: Chansey\n|-fail|p2a: Chansey|par\n|\n|upkeep\n|turn|10\n|\n|t:|1781442332\n|switch|p1a: Snorlax|Snorlax|81/100\n|cant|p2a: Chansey|par\n|\n|upkeep\n|turn|11\n|\n|t:|1781442341\n|move|p1a: Snorlax|Body Slam|p2a: Chansey\n|-damage|p2a: Chansey|3/100 par\n|cant|p2a: Chansey|par\n|\n|upkeep\n|turn|12\n|\n|t:|1781442362\n|move|p1a: Snorlax|Body Slam|p2a: Chansey\n|-damage|p2a: Chansey|0 fnt\n|faint|p2a: Chansey\n|\n|t:|1781442370\n|switch|p2a: Snorlax|Snorlax|73/100\n|turn|13\n|\n|t:|1781442393\n|move|p2a: Snorlax|Body Slam|p1a: Snorlax\n|-damage|p1a: Snorlax|53/100\n|move|p1a: Snorlax|Body Slam|p2a: Snorlax\n|-crit|p2a: Snorlax\n|-damage|p2a: Snorlax|18/100\n|\n|upkeep\n|turn|14\n|inactive|16bit has 270 seconds left.\n|inactive|AJ Duncan has 270 seconds left.\n|\n|t:|1781442432\n|move|p1a: Snorlax|Body Slam|p2a: Snorlax\n|-damage|p2a: Snorlax|0 fnt\n|faint|p2a: Snorlax\n|\n|t:|1781442434\n|switch|p2a: Exeggutor|Exeggutor|100/100\n|turn|15\n|inactive|16bit has 270 seconds left.\n|\n|t:|1781442448\n|move|p2a: Exeggutor|Psychic|p1a: Snorlax\n|-damage|p1a: Snorlax|23/100\n|move|p1a: Snorlax|Self-Destruct|p2a: Exeggutor\n|-damage|p2a: Exeggutor|14/100\n|faint|p1a: Snorlax\n|\n|t:|1781442450\n|switch|p1a: bobby witt jr|Tauros|100/100\n|turn|16\n|\n|t:|1781442460\n|move|p1a: bobby witt jr|Body Slam|p2a: Exeggutor\n|-crit|p2a: Exeggutor\n|-damage|p2a: Exeggutor|0 fnt\n|faint|p2a: Exeggutor\n|\n|t:|1781442466\n|switch|p2a: Tauros|Tauros|100/100\n|turn|17\n|inactive|16bit has 270 seconds left.\n|inactive|16bit has 240 seconds left.\n|inactive|16bit has 210 seconds left.\n|inactive|16bit has 180 seconds left.\n|\n|t:|1781442600\n|move|p1a: bobby witt jr|Body Slam|p2a: Tauros\n|-damage|p2a: Tauros|71/100\n|move|p2a: Tauros|Body Slam|p1a: bobby witt jr\n|-damage|p1a: bobby witt jr|73/100\n|\n|upkeep\n|turn|18\n|\n|t:|1781442623\n|move|p1a: bobby witt jr|Body Slam|p2a: Tauros\n|-damage|p2a: Tauros|44/100\n|move|p2a: Tauros|Body Slam|p1a: bobby witt jr\n|-crit|p1a: bobby witt jr\n|-damage|p1a: bobby witt jr|13/100\n|\n|upkeep\n|turn|19\n|inactive|16bit has 180 seconds left.\n|\n|t:|1781442633\n|switch|p1a: Starmie|Starmie|100/100\n|move|p2a: Tauros|Body Slam|p1a: Starmie\n|-crit|p1a: Starmie\n|-damage|p1a: Starmie|37/100\n|-status|p1a: Starmie|par\n|\n|upkeep\n|turn|20\n|inactive|16bit has 180 seconds left.\n|\n|t:|1781442651\n|switch|p1a: Gengar|Gengar|100/100 slp\n|move|p2a: Tauros|Hyper Beam|p1a: Gengar\n|-immune|p1a: Gengar\n|\n|upkeep\n|turn|21\n|\n|t:|1781442655\n|switch|p1a: Exeggutor|Exeggutor|70/100 par\n|move|p2a: Tauros|Earthquake|p1a: Exeggutor\n|-resisted|p1a: Exeggutor\n|-damage|p1a: Exeggutor|58/100 par\n|\n|upkeep\n|turn|22\n|inactive|16bit has 180 seconds left.\n|\n|t:|1781442683\n|switch|p2a: Jynx|Jynx|100/100\n|cant|p1a: Exeggutor|par\n|\n|upkeep\n|turn|23\n|inactive|16bit has 180 seconds left.\n|\n|t:|1781442691\n|switch|p1a: Chansey|Chansey|70/100\n|move|p2a: Jynx|Blizzard|p1a: Chansey\n|-damage|p1a: Chansey|51/100\n|\n|upkeep\n|turn|24\n|\n|t:|1781442697\n|move|p2a: Jynx|Ice Beam|p1a: Chansey\n|-damage|p1a: Chansey|36/100\n|move|p1a: Chansey|Soft-Boiled|p1a: Chansey\n|-heal|p1a: Chansey|86/100\n|\n|upkeep\n|turn|25\n|\n|t:|1781442713\n|move|p2a: Jynx|Ice Beam|p1a: Chansey\n|-damage|p1a: Chansey|70/100\n|move|p1a: Chansey|Sing|p2a: Jynx|[miss]\n|-miss|p1a: Chansey\n|\n|upkeep\n|turn|26\n|\n|t:|1781442718\n|move|p2a: Jynx|Ice Beam|p1a: Chansey\n|-damage|p1a: Chansey|54/100\n|move|p1a: Chansey|Sing|p2a: Jynx|[miss]\n|-miss|p1a: Chansey\n|\n|upkeep\n|turn|27\n|\n|t:|1781442722\n|move|p2a: Jynx|Ice Beam|p1a: Chansey\n|-damage|p1a: Chansey|38/100\n|move|p1a: Chansey|Soft-Boiled|p1a: Chansey\n|-heal|p1a: Chansey|88/100\n|\n|upkeep\n|turn|28\n|\n|t:|1781442727\n|move|p2a: Jynx|Ice Beam|p1a: Chansey\n|-crit|p1a: Chansey\n|-damage|p1a: Chansey|59/100\n|move|p1a: Chansey|Sing|p2a: Jynx|[miss]\n|-miss|p1a: Chansey\n|\n|upkeep\n|turn|29\n|\n|t:|1781442732\n|move|p2a: Jynx|Ice Beam|p1a: Chansey\n|-damage|p1a: Chansey|43/100\n|move|p1a: Chansey|Soft-Boiled|p1a: Chansey\n|-heal|p1a: Chansey|93/100\n|\n|upkeep\n|turn|30\n|\n|t:|1781442736\n|move|p2a: Jynx|Ice Beam|p1a: Chansey\n|-damage|p1a: Chansey|78/100\n|move|p1a: Chansey|Sing|p2a: Jynx\n|-status|p2a: Jynx|slp|[from] move: Sing\n|\n|upkeep\n|turn|31\n|inactive|16bit has 240 seconds left.\n|\n|t:|1781442750\n|cant|p2a: Jynx|slp\n|move|p1a: Chansey|Seismic Toss|p2a: Jynx\n|-damage|p2a: Jynx|70/100 slp\n|\n|upkeep\n|turn|32\n|\n|t:|1781442753\n|-curestatus|p2a: Jynx|slp|[msg]\n|move|p1a: Chansey|Seismic Toss|p2a: Jynx\n|-damage|p2a: Jynx|40/100\n|\n|upkeep\n|turn|33\n|\n|t:|1781442757\n|move|p2a: Jynx|Ice Beam|p1a: Chansey\n|-damage|p1a: Chansey|64/100\n|move|p1a: Chansey|Thunder Wave|p2a: Jynx\n|-status|p2a: Jynx|par\n|\n|upkeep\n|turn|34\n|\n|t:|1781442761\n|switch|p1a: bobby witt jr|Tauros|13/100\n|move|p2a: Jynx|Ice Beam|p1a: bobby witt jr\n|-damage|p1a: bobby witt jr|0 fnt\n|faint|p1a: bobby witt jr\n|\n|t:|1781442766\n|switch|p1a: Chansey|Chansey|64/100\n|turn|35\n|\n|t:|1781442771\n|move|p1a: Chansey|Soft-Boiled|p1a: Chansey\n|-heal|p1a: Chansey|100/100\n|cant|p2a: Jynx|par\n|\n|upkeep\n|turn|36\n|\n|t:|1781442779\n|move|p1a: Chansey|Seismic Toss|p2a: Jynx\n|-damage|p2a: Jynx|10/100 par\n|move|p2a: Jynx|Ice Beam|p1a: Chansey\n|-crit|p1a: Chansey\n|-damage|p1a: Chansey|72/100\n|\n|upkeep\n|turn|37\n|\n|t:|1781442792\n|switch|p2a: Tauros|Tauros|44/100\n|move|p1a: Chansey|Seismic Toss|p2a: Tauros\n|-damage|p2a: Tauros|15/100\n|\n|upkeep\n|turn|38\n|\n|t:|1781442819\n|move|p2a: Tauros|Hyper Beam|p1a: Chansey\n|-damage|p1a: Chansey|8/100\n|-mustrecharge|p2a: Tauros\n|move|p1a: Chansey|Seismic Toss|p2a: Tauros\n|-damage|p2a: Tauros|0 fnt\n|faint|p2a: Tauros\n|\n|t:|1781442824\n|switch|p2a: Starmie|Starmie|100/100\n|turn|39\n|\n|t:|1781442831\n|switch|p1a: Gengar|Gengar|100/100 slp\n|move|p2a: Starmie|Surf|p1a: Gengar\n|-damage|p1a: Gengar|71/100 slp\n|\n|upkeep\n|turn|40\n|\n|t:|1781442837\n|move|p2a: Starmie|Surf|p1a: Gengar\n|-damage|p1a: Gengar|41/100 slp\n|cant|p1a: Gengar|slp\n|\n|upkeep\n|turn|41\n|\n|t:|1781442842\n|move|p2a: Starmie|Surf|p1a: Gengar\n|-damage|p1a: Gengar|13/100 slp\n|cant|p1a: Gengar|slp\n|\n|upkeep\n|turn|42\n|\n|t:|1781442845\n|move|p2a: Starmie|Surf|p1a: Gengar\n|-damage|p1a: Gengar|0 fnt\n|faint|p1a: Gengar\n|\n|t:|1781442847\n|switch|p1a: Exeggutor|Exeggutor|58/100 par\n|turn|43\n|inactive|AJ Duncan has 270 seconds left.\n|\n|t:|1781442881\n|move|p2a: Starmie|Surf|p1a: Exeggutor\n|-resisted|p1a: Exeggutor\n|-damage|p1a: Exeggutor|47/100 par\n|move|p1a: Exeggutor|Mega Drain|p2a: Starmie\n|-supereffective|p2a: Starmie\n|-damage|p2a: Starmie|66/100\n|-heal|p1a: Exeggutor|61/100 par|[from] drain|[of] p2a: Starmie\n|\n|upkeep\n|turn|44\n|inactive|AJ Duncan has 270 seconds left.\n|\n|t:|1781442898\n|move|p2a: Starmie|Recover|p2a: Starmie\n|-heal|p2a: Starmie|100/100\n|move|p1a: Exeggutor|Psychic|p2a: Starmie\n|-resisted|p2a: Starmie\n|-damage|p2a: Starmie|83/100\n|\n|upkeep\n|turn|45\n|\n|t:|1781442903\n|switch|p2a: Jynx|Jynx|10/100 par\n|move|p1a: Exeggutor|Mega Drain|p2a: Jynx\n|-damage|p2a: Jynx|0 fnt\n|-heal|p1a: Exeggutor|65/100 par|[from] drain|[of] p2a: Jynx\n|faint|p2a: Jynx\n|c|☆AJ Duncan|gg\n|c|☆16bit|gg\n|-message|AJ Duncan forfeited.\n|\n|win|16bit\n|player|p2|\n|player|p1|\n","uploadtime":1781442909,"views":"34","formatid":"gen1ou","rating":null,"private":0,"password":null}