{"id":"smogtours-gen1ou-817517","format":"[Gen 1] OU","players":["Prinz","WarumFelix"],"log":"|inactive|Battle timer is ON: inactive players will automatically lose when time's up.\n|t:|1738490289\n|gametype|singles\n|player|p1|Prinz|policeman-gen4|\n|player|p2|WarumFelix|boarder|\n|teamsize|p1|6\n|teamsize|p2|6\n|gen|1\n|tier|[Gen 1] OU\n|rule|Desync Clause Mod: Desyncs changed to move failure.\n|rule|Sleep Clause Mod: Limit one foe put to sleep\n|rule|Freeze Clause Mod: Limit one foe frozen\n|rule|Species Clause: Limit one of each Pokémon\n|rule|OHKO Clause: OHKO moves are banned\n|rule|Evasion Moves Clause: Evasion moves are banned\n|rule|Endless Battle Clause: Forcing endless battles is banned\n|rule|HP Percentage Mod: HP is shown in percentages\n|\n|t:|1738490289\n|start\n|switch|p1a: Alakazam|Alakazam|100/100\n|switch|p2a: Jynx|Jynx|100/100\n|turn|1\n|c|☆WarumFelix|glhf\n|c|☆Prinz|u2\n|\n|t:|1738490308\n|move|p1a: Alakazam|Seismic Toss|p2a: Jynx\n|-damage|p2a: Jynx|70/100\n|move|p2a: Jynx|Lovely Kiss|p1a: Alakazam|[miss]\n|-miss|p2a: Jynx\n|\n|upkeep\n|turn|2\n|\n|t:|1738490314\n|move|p1a: Alakazam|Thunder Wave|p2a: Jynx\n|-status|p2a: Jynx|par\n|cant|p2a: Jynx|par\n|\n|upkeep\n|turn|3\n|\n|t:|1738490318\n|move|p1a: Alakazam|Seismic Toss|p2a: Jynx\n|-damage|p2a: Jynx|40/100 par\n|move|p2a: Jynx|Lovely Kiss|p1a: Alakazam\n|-status|p1a: Alakazam|slp|[from] move: Lovely Kiss\n|\n|upkeep\n|turn|4\n|inactive|WarumFelix has 270 seconds left.\n|\n|t:|1738490350\n|switch|p1a: Chansey|Chansey|100/100\n|move|p2a: Jynx|Rest|p2a: Jynx\n|-status|p2a: Jynx|slp|[from] move: Rest\n|-heal|p2a: Jynx|100/100 slp|[silent]\n|\n|upkeep\n|turn|5\n|inactive|WarumFelix has 270 seconds left.\n|\n|t:|1738490365\n|move|p1a: Chansey|Seismic Toss|p2a: Jynx\n|-damage|p2a: Jynx|70/100 slp\n|cant|p2a: Jynx|slp\n|\n|upkeep\n|turn|6\n|\n|t:|1738490372\n|move|p1a: Chansey|Seismic Toss|p2a: Jynx\n|-damage|p2a: Jynx|40/100 slp\n|-curestatus|p2a: Jynx|slp|[msg]\n|\n|upkeep\n|turn|7\n|\n|t:|1738490378\n|move|p1a: Chansey|Seismic Toss|p2a: Jynx\n|-damage|p2a: Jynx|10/100\n|move|p2a: Jynx|Rest|p2a: Jynx\n|-status|p2a: Jynx|slp|[from] move: Rest\n|-heal|p2a: Jynx|100/100 slp|[silent]\n|\n|upkeep\n|turn|8\n|\n|t:|1738490382\n|move|p1a: Chansey|Seismic Toss|p2a: Jynx\n|-damage|p2a: Jynx|70/100 slp\n|cant|p2a: Jynx|slp\n|\n|upkeep\n|turn|9\n|\n|t:|1738490384\n|move|p1a: Chansey|Seismic Toss|p2a: Jynx\n|-damage|p2a: Jynx|40/100 slp\n|-curestatus|p2a: Jynx|slp|[msg]\n|\n|upkeep\n|turn|10\n|\n|t:|1738490388\n|switch|p2a: Chansey|Chansey|100/100\n|move|p1a: Chansey|Seismic Toss|p2a: Chansey\n|-damage|p2a: Chansey|86/100\n|\n|upkeep\n|turn|11\n|\n|t:|1738490404\n|switch|p2a: Jynx|Jynx|40/100\n|move|p1a: Chansey|Sing|p2a: Jynx|[miss]\n|-miss|p1a: Chansey\n|\n|upkeep\n|turn|12\n|\n|t:|1738490413\n|move|p2a: Jynx|Ice Beam|p1a: Chansey\n|-damage|p1a: Chansey|85/100\n|move|p1a: Chansey|Seismic Toss|p2a: Jynx\n|-damage|p2a: Jynx|10/100\n|\n|upkeep\n|turn|13\n|\n|t:|1738490418\n|switch|p1a: Tauros|Tauros|100/100\n|move|p2a: Jynx|Rest|p2a: Jynx\n|-status|p2a: Jynx|slp|[from] move: Rest\n|-heal|p2a: Jynx|100/100 slp|[silent]\n|\n|upkeep\n|turn|14\n|\n|t:|1738490421\n|switch|p2a: Snorlax|Snorlax|100/100\n|move|p1a: Tauros|Body Slam|p2a: Snorlax\n|-damage|p2a: Snorlax|75/100\n|\n|upkeep\n|turn|15\n|\n|t:|1738490437\n|switch|p1a: Chansey|Chansey|85/100\n|move|p2a: Snorlax|Body Slam|p1a: Chansey\n|-damage|p1a: Chansey|47/100\n|\n|upkeep\n|turn|16\n|rated|Smogon Premier League\n|inactive|WarumFelix has 270 seconds left.\n|\n|t:|1738490472\n|switch|p2a: Starmie|Starmie|100/100\n|move|p1a: Chansey|Soft-Boiled|p1a: Chansey\n|-heal|p1a: Chansey|97/100\n|\n|upkeep\n|turn|17\n|\n|t:|1738490480\n|move|p2a: Starmie|Thunder Wave|p1a: Chansey\n|-status|p1a: Chansey|par\n|move|p1a: Chansey|Sing|p2a: Starmie|[miss]\n|-miss|p1a: Chansey\n|\n|upkeep\n|turn|18\n|\n|t:|1738490490\n|switch|p2a: Jynx|Jynx|100/100 slp\n|move|p1a: Chansey|Sing|p2a: Jynx|[miss]\n|-miss|p1a: Chansey\n|\n|upkeep\n|turn|19\n|inactive|WarumFelix has 270 seconds left.\n|\n|t:|1738490513\n|switch|p2a: Snorlax|Snorlax|75/100\n|move|p1a: Chansey|Seismic Toss|p2a: Snorlax\n|-damage|p2a: Snorlax|56/100\n|\n|upkeep\n|turn|20\n|\n|t:|1738490520\n|move|p2a: Snorlax|Body Slam|p1a: Chansey\n|-damage|p1a: Chansey|58/100 par\n|move|p1a: Chansey|Thunder Wave|p2a: Snorlax\n|-status|p2a: Snorlax|par\n|\n|upkeep\n|turn|21\n|\n|t:|1738490529\n|switch|p1a: Snorlax|Snorlax|100/100\n|move|p2a: Snorlax|Body Slam|p1a: Snorlax\n|-damage|p1a: Snorlax|75/100\n|\n|upkeep\n|turn|22\n|\n|t:|1738490540\n|move|p1a: Snorlax|Body Slam|p2a: Snorlax\n|-damage|p2a: Snorlax|28/100 par\n|move|p2a: Snorlax|Self-Destruct|p1a: Snorlax\n|-crit|p1a: Snorlax\n|-damage|p1a: Snorlax|0 fnt\n|faint|p1a: Snorlax\n|faint|p2a: Snorlax\n|inactive|WarumFelix has 270 seconds left.\n|\n|t:|1738490560\n|switch|p1a: Exeggutor|Exeggutor|100/100\n|switch|p2a: Starmie|Starmie|100/100\n|turn|23\n|inactive|WarumFelix has 270 seconds left.\n|inactive|Prinz has 270 seconds left.\n|inactive|WarumFelix has 240 seconds left.\n|\n|t:|1738490609\n|switch|p2a: Jynx|Jynx|100/100 slp\n|move|p1a: Exeggutor|Sleep Powder|p2a: Jynx|[miss]\n|-miss|p1a: Exeggutor\n|\n|upkeep\n|turn|24\n|inactive|WarumFelix has 240 seconds left.\n|\n|t:|1738490623\n|cant|p2a: Jynx|slp\n|move|p1a: Exeggutor|Psychic|p2a: Jynx\n|-resisted|p2a: Jynx\n|-damage|p2a: Jynx|82/100 slp\n|\n|upkeep\n|turn|25\n|\n|t:|1738490627\n|-curestatus|p2a: Jynx|slp|[msg]\n|move|p1a: Exeggutor|Sleep Powder|p2a: Jynx\n|-status|p2a: Jynx|slp|[from] move: Sleep Powder\n|\n|upkeep\n|turn|26\n|inactive|WarumFelix has 240 seconds left.\n|\n|t:|1738490653\n|switch|p2a: Starmie|Starmie|100/100\n|switch|p1a: Chansey|Chansey|58/100 par\n|\n|upkeep\n|turn|27\n|\n|t:|1738490658\n|switch|p2a: Rhydon|Rhydon|100/100\n|move|p1a: Chansey|Soft-Boiled|p1a: Chansey\n|-heal|p1a: Chansey|100/100 par\n|\n|upkeep\n|turn|28\n|inactive|Prinz has 270 seconds left.\n|inactive|WarumFelix has 240 seconds left.\n|inactive|Prinz has 240 seconds left.\n|\n|t:|1738490705\n|switch|p1a: Starmie|Starmie|100/100\n|move|p2a: Rhydon|Body Slam|p1a: Starmie\n|-damage|p1a: Starmie|73/100\n|\n|upkeep\n|turn|29\n|inactive|Prinz has 240 seconds left.\n|\n|t:|1738490730\n|switch|p2a: Chansey|Chansey|86/100\n|move|p1a: Starmie|Psychic|p2a: Chansey\n|-damage|p2a: Chansey|71/100\n|\n|upkeep\n|turn|30\n|\n|t:|1738490740\n|move|p1a: Starmie|Thunder Wave|p2a: Chansey\n|-status|p2a: Chansey|par\n|move|p2a: Chansey|Thunder Wave|p1a: Starmie\n|-status|p1a: Starmie|par\n|\n|upkeep\n|turn|31\n|inactive|Prinz has 240 seconds left.\n|\n|t:|1738490759\n|switch|p1a: Tauros|Tauros|100/100\n|move|p2a: Chansey|Soft-Boiled|p2a: Chansey\n|-heal|p2a: Chansey|100/100 par\n|\n|upkeep\n|turn|32\n|\n|t:|1738490773\n|move|p1a: Tauros|Body Slam|p2a: Chansey\n|-damage|p2a: Chansey|65/100 par\n|move|p2a: Chansey|Thunder Wave|p1a: Tauros\n|-status|p1a: Tauros|par\n|\n|upkeep\n|turn|33\n|\n|t:|1738490785\n|switch|p2a: Starmie|Starmie|100/100\n|move|p1a: Tauros|Body Slam|p2a: Starmie\n|-damage|p2a: Starmie|68/100\n|\n|upkeep\n|turn|34\n|\n|t:|1738490791\n|move|p2a: Starmie|Recover|p2a: Starmie\n|-heal|p2a: Starmie|100/100\n|move|p1a: Tauros|Body Slam|p2a: Starmie\n|-damage|p2a: Starmie|63/100\n|\n|upkeep\n|turn|35\n|\n|t:|1738490796\n|move|p2a: Starmie|Recover|p2a: Starmie\n|-heal|p2a: Starmie|100/100\n|move|p1a: Tauros|Body Slam|p2a: Starmie\n|-damage|p2a: Starmie|63/100\n|\n|upkeep\n|turn|36\n|\n|t:|1738490801\n|move|p2a: Starmie|Psychic|p1a: Tauros\n|-damage|p1a: Tauros|65/100 par\n|-unboost|p1a: Tauros|spa|1\n|-unboost|p1a: Tauros|spd|1\n|cant|p1a: Tauros|par\n|\n|upkeep\n|turn|37\n|\n|t:|1738490810\n|switch|p1a: Chansey|Chansey|100/100 par\n|move|p2a: Starmie|Recover|p2a: Starmie\n|-heal|p2a: Starmie|100/100\n|\n|upkeep\n|turn|38\n|\n|t:|1738490825\n|switch|p2a: Rhydon|Rhydon|100/100\n|switch|p1a: Exeggutor|Exeggutor|100/100\n|\n|upkeep\n|turn|39\n|\n|t:|1738490830\n|switch|p2a: Starmie|Starmie|100/100\n|move|p1a: Exeggutor|Psychic|p2a: Starmie\n|-resisted|p2a: Starmie\n|-damage|p2a: Starmie|82/100\n|\n|upkeep\n|turn|40\n|inactive|WarumFelix has 270 seconds left.\n|\n|t:|1738490867\n|switch|p1a: Starmie|Starmie|73/100 par\n|move|p2a: Starmie|Thunder Wave|p1a: Starmie\n|-fail|p1a: Starmie|par\n|\n|upkeep\n|turn|41\n|inactive|WarumFelix has 270 seconds left.\n|\n|t:|1738490881\n|switch|p2a: Chansey|Chansey|65/100 par\n|move|p1a: Starmie|Recover|p1a: Starmie\n|-heal|p1a: Starmie|100/100 par\n|\n|upkeep\n|turn|42\n|\n|t:|1738490887\n|switch|p1a: Tauros|Tauros|65/100 par\n|move|p2a: Chansey|Thunderbolt|p1a: Tauros\n|-damage|p1a: Tauros|38/100 par\n|\n|upkeep\n|turn|43\n|\n|t:|1738490891\n|switch|p2a: Starmie|Starmie|82/100\n|move|p1a: Tauros|Rest|p1a: Tauros\n|-status|p1a: Tauros|slp|[from] move: Rest\n|-heal|p1a: Tauros|100/100 slp|[silent]\n|\n|upkeep\n|turn|44\n|\n|t:|1738490910\n|switch|p1a: Starmie|Starmie|100/100 par\n|move|p2a: Starmie|Psychic|p1a: Starmie\n|-resisted|p1a: Starmie\n|-damage|p1a: Starmie|84/100 par\n|-unboost|p1a: Starmie|spa|1\n|-unboost|p1a: Starmie|spd|1\n|\n|upkeep\n|turn|45\n|\n|t:|1738490920\n|switch|p2a: Chansey|Chansey|65/100 par\n|move|p1a: Starmie|Thunder Wave|p2a: Chansey\n|-fail|p2a: Chansey|par\n|\n|upkeep\n|turn|46\n|\n|t:|1738490929\n|switch|p2a: Rhydon|Rhydon|100/100\n|switch|p1a: Tauros|Tauros|100/100 slp\n|\n|upkeep\n|turn|47\n|\n|t:|1738490933\n|cant|p1a: Tauros|slp\n|move|p2a: Rhydon|Earthquake|p1a: Tauros\n|-damage|p1a: Tauros|56/100 slp\n|\n|upkeep\n|turn|48\n|\n|t:|1738490937\n|switch|p1a: Exeggutor|Exeggutor|100/100\n|move|p2a: Rhydon|Earthquake|p1a: Exeggutor\n|-resisted|p1a: Exeggutor\n|-damage|p1a: Exeggutor|80/100\n|\n|upkeep\n|turn|49\n|\n|t:|1738490954\n|switch|p1a: Starmie|Starmie|84/100 par\n|switch|p2a: Starmie|Starmie|82/100\n|\n|upkeep\n|turn|50\n|\n|t:|1738490964\n|switch|p2a: Chansey|Chansey|65/100 par\n|switch|p1a: Tauros|Tauros|56/100 slp\n|\n|upkeep\n|turn|51\n|\n|t:|1738490970\n|switch|p2a: Tauros|Tauros|100/100\n|-curestatus|p1a: Tauros|slp|[msg]\n|\n|upkeep\n|turn|52\n|\n|t:|1738490975\n|move|p1a: Tauros|Body Slam|p2a: Tauros\n|-damage|p2a: Tauros|72/100\n|move|p2a: Tauros|Body Slam|p1a: Tauros\n|-crit|p1a: Tauros\n|-damage|p1a: Tauros|1/100\n|\n|upkeep\n|turn|53\n|inactive|Prinz has 270 seconds left.\n|\n|t:|1738491017\n|move|p2a: Tauros|Body Slam|p1a: Tauros\n|-damage|p1a: Tauros|0 fnt\n|faint|p1a: Tauros\n|\n|t:|1738491022\n|switch|p1a: Exeggutor|Exeggutor|80/100\n|turn|54\n|\n|t:|1738491036\n|switch|p2a: Starmie|Starmie|82/100\n|move|p1a: Exeggutor|Psychic|p2a: Starmie\n|-resisted|p2a: Starmie\n|-damage|p2a: Starmie|62/100\n|\n|upkeep\n|turn|55\n|\n|t:|1738491041\n|switch|p1a: Alakazam|Alakazam|100/100 slp\n|move|p2a: Starmie|Recover|p2a: Starmie\n|-heal|p2a: Starmie|100/100\n|\n|upkeep\n|turn|56\n|\n|t:|1738491044\n|switch|p2a: Tauros|Tauros|72/100\n|cant|p1a: Alakazam|slp\n|\n|upkeep\n|turn|57\n|\n|t:|1738491052\n|switch|p1a: Chansey|Chansey|100/100 par\n|move|p2a: Tauros|Body Slam|p1a: Chansey\n|-damage|p1a: Chansey|61/100 par\n|\n|upkeep\n|turn|58\n|\n|t:|1738491058\n|switch|p2a: Rhydon|Rhydon|100/100\n|switch|p1a: Exeggutor|Exeggutor|80/100\n|\n|upkeep\n|turn|59\n|\n|t:|1738491070\n|switch|p1a: Alakazam|Alakazam|100/100 slp\n|switch|p2a: Starmie|Starmie|100/100\n|\n|upkeep\n|turn|60\n|\n|t:|1738491073\n|switch|p2a: Tauros|Tauros|72/100\n|cant|p1a: Alakazam|slp\n|\n|upkeep\n|turn|61\n|\n|t:|1738491080\n|switch|p1a: Starmie|Starmie|84/100 par\n|move|p2a: Tauros|Body Slam|p1a: Starmie\n|-damage|p1a: Starmie|51/100 par\n|\n|upkeep\n|turn|62\n|\n|t:|1738491087\n|move|p2a: Tauros|Hyper Beam|p1a: Starmie\n|-damage|p1a: Starmie|0 fnt\n|faint|p1a: Starmie\n|\n|t:|1738491090\n|switch|p1a: Exeggutor|Exeggutor|80/100\n|turn|63\n|\n|t:|1738491102\n|switch|p2a: Starmie|Starmie|100/100\n|move|p1a: Exeggutor|Psychic|p2a: Starmie\n|-resisted|p2a: Starmie\n|-damage|p2a: Starmie|80/100\n|\n|upkeep\n|turn|64\n|\n|t:|1738491107\n|switch|p1a: Alakazam|Alakazam|100/100 slp\n|move|p2a: Starmie|Blizzard|p1a: Alakazam\n|-damage|p1a: Alakazam|76/100 slp\n|\n|upkeep\n|turn|65\n|\n|t:|1738491111\n|switch|p2a: Tauros|Tauros|72/100\n|cant|p1a: Alakazam|slp\n|\n|upkeep\n|turn|66\n|\n|t:|1738491121\n|switch|p1a: Exeggutor|Exeggutor|80/100\n|move|p2a: Tauros|Body Slam|p1a: Exeggutor\n|-damage|p1a: Exeggutor|52/100\n|\n|upkeep\n|turn|67\n|\n|t:|1738491133\n|switch|p2a: Starmie|Starmie|80/100\n|move|p1a: Exeggutor|Psychic|p2a: Starmie\n|-resisted|p2a: Starmie\n|-damage|p2a: Starmie|63/100\n|-unboost|p2a: Starmie|spa|1\n|-unboost|p2a: Starmie|spd|1\n|\n|upkeep\n|turn|68\n|\n|t:|1738491142\n|switch|p1a: Alakazam|Alakazam|76/100 slp\n|move|p2a: Starmie|Blizzard|p1a: Alakazam\n|-damage|p1a: Alakazam|60/100 slp\n|\n|upkeep\n|turn|69\n|\n|t:|1738491147\n|switch|p2a: Tauros|Tauros|72/100\n|-curestatus|p1a: Alakazam|slp|[msg]\n|\n|upkeep\n|turn|70\n|\n|t:|1738491189\n|switch|p2a: Chansey|Chansey|65/100 par\n|move|p1a: Alakazam|Psychic|p2a: Chansey\n|-damage|p2a: Chansey|47/100 par\n|-unboost|p2a: Chansey|spa|1\n|-unboost|p2a: Chansey|spd|1\n|\n|upkeep\n|turn|71\n|inactive|Prinz has 270 seconds left.\n|inactive|WarumFelix has 270 seconds left.\n|\n|t:|1738491238\n|move|p1a: Alakazam|Psychic|p2a: Chansey\n|-damage|p2a: Chansey|20/100 par\n|-unboost|p2a: Chansey|spa|1\n|-unboost|p2a: Chansey|spd|1\n|move|p2a: Chansey|Thunder Wave|p1a: Alakazam\n|-status|p1a: Alakazam|par\n|\n|upkeep\n|turn|72\n|\n|t:|1738491260\n|switch|p2a: Rhydon|Rhydon|100/100\n|cant|p1a: Alakazam|par\n|\n|upkeep\n|turn|73\n|\n|t:|1738491275\n|switch|p1a: Exeggutor|Exeggutor|52/100\n|move|p2a: Rhydon|Earthquake|p1a: Exeggutor\n|-resisted|p1a: Exeggutor\n|-damage|p1a: Exeggutor|32/100\n|\n|upkeep\n|turn|74\n|\n|t:|1738491286\n|switch|p1a: Alakazam|Alakazam|60/100 par\n|switch|p2a: Chansey|Chansey|20/100 par\n|\n|upkeep\n|turn|75\n|\n|t:|1738491292\n|switch|p2a: Rhydon|Rhydon|100/100\n|move|p1a: Alakazam|Recover|p1a: Alakazam\n|-heal|p1a: Alakazam|100/100 par\n|\n|upkeep\n|turn|76\n|inactive|Prinz has 270 seconds left.\n|inactive|WarumFelix has 270 seconds left.\n|\n|t:|1738491304\n|switch|p1a: Exeggutor|Exeggutor|32/100\n|move|p2a: Rhydon|Earthquake|p1a: Exeggutor\n|-resisted|p1a: Exeggutor\n|-damage|p1a: Exeggutor|13/100\n|\n|upkeep\n|turn|77\n|inactive|WarumFelix has 270 seconds left.\n|inactive|Prinz has 270 seconds left.\n|\n|t:|1738491319\n|switch|p2a: Chansey|Chansey|20/100 par\n|move|p1a: Exeggutor|Psychic|p2a: Chansey\n|-damage|p2a: Chansey|3/100 par\n|\n|upkeep\n|turn|78\n|\n|t:|1738491326\n|switch|p1a: Alakazam|Alakazam|100/100 par\n|move|p2a: Chansey|Ice Beam|p1a: Alakazam\n|-damage|p1a: Alakazam|79/100 par\n|\n|upkeep\n|turn|79\n|inactive|WarumFelix has 270 seconds left.\n|\n|t:|1738491340\n|cant|p1a: Alakazam|par\n|cant|p2a: Chansey|par\n|\n|upkeep\n|turn|80\n|\n|t:|1738491345\n|switch|p2a: Rhydon|Rhydon|100/100\n|cant|p1a: Alakazam|par\n|\n|upkeep\n|turn|81\n|\n|t:|1738491349\n|move|p2a: Rhydon|Earthquake|p1a: Alakazam\n|-damage|p1a: Alakazam|12/100 par\n|cant|p1a: Alakazam|par\n|\n|upkeep\n|turn|82\n|c|☆Prinz|Gg\n|-message|Prinz forfeited.\n|\n|win|WarumFelix\n|c|☆WarumFelix|gg\n","uploadtime":1738491359,"views":"2302","formatid":"gen1ou","rating":null,"private":0,"password":null}