{"id":"smogtours-gen1ou-965196","format":"[Gen 1] OU","players":["Amaranth","Laroxyl"],"log":"|inactive|Battle timer is ON: inactive players will automatically lose when time's up.\n|t:|1787325278\n|gametype|singles\n|player|p1|Amaranth|#amaranth|\n|player|p2|Laroxyl|#wcop2026italy2|\n|gen|1\n|tier|[Gen 1] OU\n|rule|Desync Clause Mod: Desyncs resolve to link battle behavior from the acting player's perspective.\n|rule|HP Percentage Mod: HP is shown in percentages\n|rule|Endless Battle Clause: Forcing endless battles is banned\n|rule|Sleep Clause Mod: Limit one foe put to sleep\n|rule|Freeze Clause Mod: Limit one foe frozen\n|rule|Species Clause: Limit one of each Pokémon\n|rule|OHKO Clause: OHKO moves are banned\n|rule|Evasion Moves Clause: Evasion moves are banned\n|\n|t:|1787325278\n|teamsize|p1|6\n|teamsize|p2|6\n|start\n|switch|p1a: Gengar|Gengar|100/100\n|switch|p2a: Gengar|Gengar|100/100\n|turn|1\n|c|☆Amaranth|glhf\n|c|☆Laroxyl|u2\n|\n|t:|1787325298\n|move|p2a: Gengar|Hypnosis|p1a: Gengar|[miss]\n|-miss|p2a: Gengar\n|move|p1a: Gengar|Psychic|p2a: Gengar\n|-supereffective|p2a: Gengar\n|-damage|p2a: Gengar|56/100\n|-unboost|p2a: Gengar|spa|1\n|-unboost|p2a: Gengar|spd|1\n|\n|upkeep\n|turn|2\n|\n|t:|1787325305\n|switch|p2a: Exeggutor|Exeggutor|100/100\n|move|p1a: Gengar|Hypnosis|p2a: Exeggutor|[miss]\n|-miss|p1a: Gengar\n|\n|upkeep\n|turn|3\n|\n|t:|1787325326\n|switch|p2a: Gengar|Gengar|56/100\n|move|p1a: Gengar|Hypnosis|p2a: Gengar|[miss]\n|-miss|p1a: Gengar\n|\n|upkeep\n|turn|4\n|\n|t:|1787325338\n|switch|p2a: Exeggutor|Exeggutor|100/100\n|move|p1a: Gengar|Psychic|p2a: Exeggutor\n|-resisted|p2a: Exeggutor\n|-damage|p2a: Exeggutor|92/100\n|-unboost|p2a: Exeggutor|spa|1\n|-unboost|p2a: Exeggutor|spd|1\n|\n|upkeep\n|turn|5\n|\n|t:|1787325350\n|switch|p2a: Gengar|Gengar|56/100\n|move|p1a: Gengar|Hypnosis|p2a: Gengar\n|-status|p2a: Gengar|slp|[from] move: Hypnosis\n|\n|upkeep\n|turn|6\n|\n|t:|1787325373\n|switch|p2a: Chansey|Chansey|100/100\n|move|p1a: Gengar|Night Shade|p2a: Chansey\n|-damage|p2a: Chansey|86/100\n|\n|upkeep\n|turn|7\n|inactive|Laroxyl has 270 seconds left.\n|\n|t:|1787325389\n|switch|p1a: Chansey|Chansey|100/100\n|switch|p2a: Exeggutor|Exeggutor|92/100\n|\n|upkeep\n|turn|8\n|inactive|Laroxyl has 270 seconds left.\n|\n|t:|1787325403\n|move|p2a: Exeggutor|Psychic|p1a: Chansey\n|-damage|p1a: Chansey|85/100\n|move|p1a: Chansey|Thunder Wave|p2a: Exeggutor\n|-status|p2a: Exeggutor|par\n|\n|upkeep\n|turn|9\n|inactive|Laroxyl has 270 seconds left.\n|\n|t:|1787325414\n|move|p1a: Chansey|Seismic Toss|p2a: Exeggutor\n|-damage|p2a: Exeggutor|66/100 par\n|move|p2a: Exeggutor|Psychic|p1a: Chansey\n|-damage|p1a: Chansey|67/100\n|-unboost|p1a: Chansey|spa|1\n|-unboost|p1a: Chansey|spd|1\n|\n|upkeep\n|turn|10\n|\n|t:|1787325421\n|move|p1a: Chansey|Seismic Toss|p2a: Exeggutor\n|-damage|p2a: Exeggutor|41/100 par\n|move|p2a: Exeggutor|Sleep Powder|p1a: Chansey|[miss]\n|-miss|p2a: Exeggutor\n|\n|upkeep\n|turn|11\n|\n|t:|1787325431\n|move|p1a: Chansey|Seismic Toss|p2a: Exeggutor\n|-damage|p2a: Exeggutor|16/100 par\n|cant|p2a: Exeggutor|par\n|\n|upkeep\n|turn|12\n|\n|t:|1787325438\n|switch|p2a: Snorlax|Snorlax|100/100\n|move|p1a: Chansey|Seismic Toss|p2a: Snorlax\n|-damage|p2a: Snorlax|81/100\n|\n|upkeep\n|turn|13\n|\n|t:|1787325457\n|switch|p2a: Chansey|Chansey|86/100\n|move|p1a: Chansey|Thunder Wave|p2a: Chansey\n|-status|p2a: Chansey|par\n|\n|upkeep\n|turn|14\n|\n|t:|1787325477\n|move|p1a: Chansey|Soft-Boiled|p1a: Chansey\n|-heal|p1a: Chansey|100/100\n|cant|p2a: Chansey|par\n|\n|upkeep\n|turn|15\n|inactive|Laroxyl has 270 seconds left.\n|\n|t:|1787325504\n|move|p1a: Chansey|Seismic Toss|p2a: Chansey\n|-damage|p2a: Chansey|72/100 par\n|move|p2a: Chansey|Ice Beam|p1a: Chansey\n|-damage|p1a: Chansey|85/100\n|\n|upkeep\n|turn|16\n|inactive|Laroxyl has 270 seconds left.\n|inactive|Amaranth has 270 seconds left.\n|\n|t:|1787325539\n|switch|p1a: Cloyster|Cloyster|100/100\n|cant|p2a: Chansey|par\n|\n|upkeep\n|turn|17\n|inactive|Amaranth has 270 seconds left.\n|inactive|Laroxyl has 240 seconds left.\n|\n|t:|1787325584\n|move|p1a: Cloyster|Clamp|p2a: Chansey|[miss]\n|-miss|p1a: Cloyster\n|move|p2a: Chansey|Soft-Boiled|p2a: Chansey\n|-heal|p2a: Chansey|100/100 par\n|\n|upkeep\n|turn|18\n|\n|t:|1787325600\n|switch|p1a: Alakazam|Alakazam|100/100\n|move|p2a: Chansey|Thunderbolt|p1a: Alakazam\n|-damage|p1a: Alakazam|79/100\n|\n|upkeep\n|turn|19\n|inactive|Laroxyl has 210 seconds left.\n|\n|t:|1787325642\n|move|p1a: Alakazam|Psychic|p2a: Chansey\n|-damage|p2a: Chansey|83/100 par\n|-unboost|p2a: Chansey|spa|1\n|-unboost|p2a: Chansey|spd|1\n|move|p2a: Chansey|Ice Beam|p1a: Alakazam\n|-crit|p1a: Alakazam\n|-damage|p1a: Alakazam|41/100\n|\n|upkeep\n|turn|20\n|\n|t:|1787325654\n|move|p1a: Alakazam|Psychic|p2a: Chansey\n|-damage|p2a: Chansey|53/100 par\n|move|p2a: Chansey|Thunder Wave|p1a: Alakazam\n|-status|p1a: Alakazam|par\n|\n|upkeep\n|turn|21\n|\n|t:|1787325658\n|move|p1a: Alakazam|Psychic|p2a: Chansey\n|-damage|p2a: Chansey|24/100 par\n|move|p2a: Chansey|Soft-Boiled|p2a: Chansey\n|-heal|p2a: Chansey|74/100 par\n|\n|upkeep\n|turn|22\n|\n|t:|1787325669\n|switch|p2a: Snorlax|Snorlax|81/100\n|move|p1a: Alakazam|Recover|p1a: Alakazam\n|-heal|p1a: Alakazam|91/100 par\n|\n|upkeep\n|turn|23\n|\n|t:|1787325680\n|switch|p2a: Chansey|Chansey|74/100 par\n|switch|p1a: Chansey|Chansey|85/100\n|\n|upkeep\n|turn|24\n|\n|t:|1787325686\n|switch|p1a: Alakazam|Alakazam|91/100 par\n|move|p2a: Chansey|Soft-Boiled|p2a: Chansey\n|-heal|p2a: Chansey|100/100 par\n|\n|upkeep\n|turn|25\n|inactive|Laroxyl has 210 seconds left.\n|\n|t:|1787325697\n|move|p1a: Alakazam|Seismic Toss|p2a: Chansey\n|-damage|p2a: Chansey|86/100 par\n|cant|p2a: Chansey|par\n|\n|upkeep\n|turn|26\n|inactive|Laroxyl has 210 seconds left.\n|\n|t:|1787325704\n|cant|p1a: Alakazam|par\n|move|p2a: Chansey|Thunderbolt|p1a: Alakazam\n|-damage|p1a: Alakazam|70/100 par\n|\n|upkeep\n|turn|27\n|\n|t:|1787325707\n|move|p1a: Alakazam|Recover|p1a: Alakazam\n|-heal|p1a: Alakazam|100/100 par\n|move|p2a: Chansey|Thunderbolt|p1a: Alakazam\n|-damage|p1a: Alakazam|79/100 par\n|\n|upkeep\n|turn|28\n|\n|t:|1787325710\n|move|p1a: Alakazam|Recover|p1a: Alakazam\n|-heal|p1a: Alakazam|100/100 par\n|cant|p2a: Chansey|par\n|\n|upkeep\n|turn|29\n|\n|t:|1787325713\n|move|p1a: Alakazam|Seismic Toss|p2a: Chansey\n|-damage|p2a: Chansey|72/100 par\n|move|p2a: Chansey|Thunderbolt|p1a: Alakazam\n|-crit|p1a: Alakazam\n|-damage|p1a: Alakazam|62/100 par\n|\n|upkeep\n|turn|30\n|inactive|Laroxyl has 240 seconds left.\n|\n|t:|1787325725\n|switch|p2a: Snorlax|Snorlax|81/100\n|move|p1a: Alakazam|Recover|p1a: Alakazam\n|-heal|p1a: Alakazam|100/100 par\n|\n|upkeep\n|turn|31\n|\n|t:|1787325737\n|switch|p2a: Chansey|Chansey|72/100 par\n|switch|p1a: Chansey|Chansey|85/100\n|\n|upkeep\n|turn|32\n|\n|t:|1787325749\n|switch|p1a: Snorlax|Snorlax|100/100\n|move|p2a: Chansey|Thunderbolt|p1a: Snorlax\n|-damage|p1a: Snorlax|81/100\n|\n|upkeep\n|turn|33\n|\n|t:|1787325759\n|switch|p2a: Gengar|Gengar|56/100 slp\n|move|p1a: Snorlax|Body Slam|p2a: Gengar\n|-immune|p2a: Gengar\n|\n|upkeep\n|turn|34\n|inactive|Laroxyl has 240 seconds left.\n|\n|t:|1787325776\n|switch|p2a: Snorlax|Snorlax|81/100\n|move|p1a: Snorlax|Amnesia|p1a: Snorlax\n|-boost|p1a: Snorlax|spa|2\n|-boost|p1a: Snorlax|spd|2\n|\n|upkeep\n|turn|35\n|inactive|Laroxyl has 240 seconds left.\n|inactive|Amaranth has 270 seconds left.\n|inactive|Laroxyl has 210 seconds left.\n|\n|t:|1787325832\n|switch|p2a: Starmie|Starmie|100/100\n|switch|p1a: Chansey|Chansey|85/100\n|\n|upkeep\n|turn|36\n|\n|t:|1787325849\n|switch|p2a: Chansey|Chansey|72/100 par\n|switch|p1a: Snorlax|Snorlax|81/100\n|\n|upkeep\n|turn|37\n|\n|t:|1787325869\n|switch|p2a: Gengar|Gengar|56/100 slp\n|move|p1a: Snorlax|Body Slam|p2a: Gengar\n|-immune|p2a: Gengar\n|\n|upkeep\n|turn|38\n|\n|t:|1787325883\n|switch|p2a: Starmie|Starmie|100/100\n|move|p1a: Snorlax|Amnesia|p1a: Snorlax\n|-boost|p1a: Snorlax|spa|2\n|-boost|p1a: Snorlax|spd|2\n|\n|upkeep\n|turn|39\n|\n|t:|1787325888\n|move|p2a: Starmie|Thunder Wave|p1a: Snorlax\n|-status|p1a: Snorlax|par\n|move|p1a: Snorlax|Thunderbolt|p2a: Starmie\n|-supereffective|p2a: Starmie\n|-damage|p2a: Starmie|33/100\n|-status|p2a: Starmie|par\n|\n|upkeep\n|turn|40\n|c|☆Laroxyl|.-.\n|inactive|Laroxyl has 180 seconds left.\n|inactive|Laroxyl has 150 seconds left.\n|\n|t:|1787325951\n|switch|p2a: Chansey|Chansey|72/100 par\n|move|p1a: Snorlax|Thunderbolt|p2a: Chansey\n|-damage|p2a: Chansey|57/100 par\n|\n|upkeep\n|turn|41\n|inactive|Laroxyl has 150 seconds left.\n|inactive|Laroxyl has 120 seconds left.\n|\n|t:|1787325989\n|switch|p2a: Snorlax|Snorlax|81/100\n|move|p1a: Snorlax|Body Slam|p2a: Snorlax\n|-damage|p2a: Snorlax|54/100\n|\n|upkeep\n|turn|42\n|\n|t:|1787326014\n|move|p2a: Snorlax|Body Slam|p1a: Snorlax\n|-damage|p1a: Snorlax|52/100 par\n|move|p1a: Snorlax|Self-Destruct|p2a: Snorlax\n|-damage|p2a: Snorlax|0 fnt\n|faint|p2a: Snorlax\n|faint|p1a: Snorlax\n|inactive|Laroxyl has 120 seconds left.\n|inactive|Amaranth has 270 seconds left.\n|\n|t:|1787326036\n|switch|p2a: Tauros|Tauros|100/100\n|switch|p1a: Cloyster|Cloyster|100/100\n|turn|43\n|inactive|Laroxyl has 120 seconds left.\n|\n|t:|1787326067\n|switch|p2a: Chansey|Chansey|57/100 par\n|move|p1a: Cloyster|Blizzard|p2a: Chansey\n|-damage|p2a: Chansey|41/100 par\n|\n|upkeep\n|turn|44\n|inactive|Laroxyl has 90 seconds left.\n|\n|t:|1787326097\n|move|p1a: Cloyster|Clamp|p2a: Chansey\n|-damage|p2a: Chansey|36/100 par\n|cant|p2a: Chansey|partiallytrapped\n|\n|upkeep\n|turn|45\n|\n|t:|1787326106\n|switch|p1a: Tauros|Tauros|100/100\n|switch|p2a: Gengar|Gengar|56/100 slp\n|\n|upkeep\n|turn|46\n|inactive|Laroxyl has 90 seconds left.\n|\n|t:|1787326113\n|switch|p2a: Exeggutor|Exeggutor|16/100 par\n|move|p1a: Tauros|Earthquake|p2a: Exeggutor\n|-resisted|p2a: Exeggutor\n|-damage|p2a: Exeggutor|5/100 par\n|\n|upkeep\n|turn|47\n|inactive|Laroxyl has 90 seconds left.\n|\n|t:|1787326135\n|move|p1a: Tauros|Earthquake|p2a: Exeggutor\n|-resisted|p2a: Exeggutor\n|-damage|p2a: Exeggutor|0 fnt\n|faint|p2a: Exeggutor\n|c|☆Laroxyl|Egg era rest comunque\n|inactive|Laroxyl has 60 seconds left.\n|c|☆Amaranth|sì game falsato\n|c|☆Amaranth|un po' tutti game strani oggi mi spiace\n|\n|t:|1787326167\n|switch|p2a: Tauros|Tauros|100/100\n|turn|48\n|inactive|Laroxyl has 60 seconds left.\n|inactive|Amaranth has 270 seconds left.\n|inactive|Laroxyl has 30 seconds left.\n|inactive|Laroxyl has 20 seconds left.\n|inactive|Laroxyl has 15 seconds left.\n|inactive|Laroxyl has 10 seconds left.\n|inactive|Laroxyl has 5 seconds left.\n|\n|t:|1787326229\n|move|p2a: Tauros|Body Slam|p1a: Tauros\n|-damage|p1a: Tauros|71/100\n|move|p1a: Tauros|Body Slam|p2a: Tauros\n|-crit|p2a: Tauros\n|-damage|p2a: Tauros|43/100\n|\n|upkeep\n|turn|49\n|inactive|Laroxyl has 15 seconds left this turn.\n|c|☆Amaranth|pure\n|c|☆Amaranth|vbb\n|inactive|Laroxyl has 10 seconds left.\n|inactive|Laroxyl has 5 seconds left.\n|\n|t:|1787326248\n|switch|p1a: Cloyster|Cloyster|100/100\n|move|p2a: Tauros|Hyper Beam|p1a: Cloyster\n|-crit|p1a: Cloyster\n|-damage|p1a: Cloyster|29/100\n|-mustrecharge|p2a: Tauros\n|\n|upkeep\n|turn|50\n|inactive|Laroxyl has 15 seconds left this turn.\n|inactive|Laroxyl has 10 seconds left.\n|\n|t:|1787326253\n|cant|p2a: Tauros|recharge\n|move|p1a: Cloyster|Explosion|p2a: Tauros\n|-damage|p2a: Tauros|0 fnt\n|faint|p2a: Tauros\n|faint|p1a: Cloyster\n|inactive|Laroxyl has 15 seconds left this turn.\n|inactive|Laroxyl has 10 seconds left.\n|inactive|Laroxyl has 5 seconds left.\n|\n|t:|1787326264\n|switch|p2a: Chansey|Chansey|36/100 par\n|switch|p1a: Tauros|Tauros|71/100\n|turn|51\n|inactive|Laroxyl has 15 seconds left this turn.\n|inactive|Laroxyl has 10 seconds left.\n|inactive|Laroxyl has 5 seconds left.\n|\n|t:|1787326274\n|move|p1a: Tauros|Body Slam|p2a: Chansey\n|-crit|p2a: Chansey\n|-damage|p2a: Chansey|0 fnt\n|faint|p2a: Chansey\n|inactive|Laroxyl has 10 seconds left this turn.\n|\n|t:|1787326278\n|switch|p2a: Starmie|Starmie|33/100 par\n|turn|52\n|inactive|Laroxyl has 20 seconds left this turn.\n|\n|t:|1787326281\n|move|p1a: Tauros|Hyper Beam|p2a: Starmie|[miss]\n|-miss|p1a: Tauros\n|move|p2a: Starmie|Recover|p2a: Starmie\n|-heal|p2a: Starmie|83/100 par\n|\n|upkeep\n|turn|53\n|inactive|Laroxyl has 30 seconds left this turn.\n|inactive|Laroxyl has 20 seconds left.\n|inactive|Laroxyl has 15 seconds left.\n|\n|t:|1787326298\n|switch|p1a: Chansey|Chansey|85/100\n|move|p2a: Starmie|Recover|p2a: Starmie\n|-heal|p2a: Starmie|100/100 par\n|\n|upkeep\n|turn|54\n|inactive|Laroxyl has 25 seconds left this turn.\n|\n|t:|1787326303\n|move|p1a: Chansey|Seismic Toss|p2a: Starmie\n|-damage|p2a: Starmie|70/100 par\n|move|p2a: Starmie|Blizzard|p1a: Chansey\n|-damage|p1a: Chansey|72/100\n|\n|upkeep\n|turn|55\n|inactive|Laroxyl has 30 seconds left.\n|\n|t:|1787326309\n|switch|p1a: Alakazam|Alakazam|100/100 par\n|cant|p2a: Starmie|par\n|\n|upkeep\n|turn|56\n|\n|t:|1787326312\n|move|p1a: Alakazam|Psychic|p2a: Starmie\n|-resisted|p2a: Starmie\n|-damage|p2a: Starmie|50/100 par\n|-unboost|p2a: Starmie|spa|1\n|-unboost|p2a: Starmie|spd|1\n|cant|p2a: Starmie|par\n|\n|upkeep\n|turn|57\n|\n|t:|1787326316\n|move|p1a: Alakazam|Psychic|p2a: Starmie\n|-resisted|p2a: Starmie\n|-damage|p2a: Starmie|18/100 par\n|move|p2a: Starmie|Recover|p2a: Starmie\n|-heal|p2a: Starmie|68/100 par\n|\n|upkeep\n|turn|58\n|\n|t:|1787326318\n|cant|p1a: Alakazam|par\n|cant|p2a: Starmie|par\n|\n|upkeep\n|turn|59\n|\n|t:|1787326321\n|move|p1a: Alakazam|Psychic|p2a: Starmie\n|-resisted|p2a: Starmie\n|-damage|p2a: Starmie|40/100 par\n|cant|p2a: Starmie|par\n|\n|upkeep\n|turn|60\n|\n|t:|1787326323\n|move|p1a: Alakazam|Psychic|p2a: Starmie\n|-crit|p2a: Starmie\n|-resisted|p2a: Starmie\n|-damage|p2a: Starmie|3/100 par\n|cant|p2a: Starmie|par\n|\n|upkeep\n|turn|61\n|\n|t:|1787326326\n|move|p1a: Alakazam|Psychic|p2a: Starmie\n|-resisted|p2a: Starmie\n|-damage|p2a: Starmie|0 fnt\n|faint|p2a: Starmie\n|\n|t:|1787326328\n|switch|p2a: Gengar|Gengar|56/100 slp\n|turn|62\n|\n|t:|1787326329\n|cant|p2a: Gengar|slp\n|move|p1a: Alakazam|Psychic|p2a: Gengar\n|-supereffective|p2a: Gengar\n|-damage|p2a: Gengar|0 fnt\n|faint|p2a: Gengar\n|\n|win|Amaranth\n|c|☆Amaranth|ggs\n|c|☆Laroxyl|ggs\n","uploadtime":1787326329,"views":"109","formatid":"gen1ou","rating":null,"private":0,"password":null}