{"id":"smogtours-gen1ou-946127","format":"[Gen 1] OU","players":["justamente","SceptGilgeousPrinz"],"log":"|inactive|Battle timer is ON: inactive players will automatically lose when time's up.\n|t:|1781375693\n|gametype|singles\n|player|p1|justamente|zinnia|\n|player|p2|SceptGilgeousPrinz|lucas-gen4pt|\n|gen|1\n|tier|[Gen 1] OU\n|rule|Desync Clause Mod: Desyncs changed to move failure.\n|rule|HP Percentage Mod: HP is shown in percentages\n|rule|Endless Battle Clause: Forcing endless battles is banned\n|rule|Sleep Clause Mod: Limit one foe put to sleep\n|rule|Freeze Clause Mod: Limit one foe frozen\n|rule|Species Clause: Limit one of each Pokémon\n|rule|OHKO Clause: OHKO moves are banned\n|rule|Evasion Moves Clause: Evasion moves are banned\n|\n|t:|1781375693\n|teamsize|p1|6\n|teamsize|p2|6\n|start\n|switch|p1a: NIGHTMARE TWINK|Gengar|100/100\n|switch|p2a: NY Bunson|Gengar|100/100\n|turn|1\n|inactive|justamente also wants the timer to be on.\n|inactive|SceptGilgeousPrinz also wants the timer to be on.\n|\n|t:|1781375707\n|move|p2a: NY Bunson|Psychic|p1a: NIGHTMARE TWINK\n|-supereffective|p1a: NIGHTMARE TWINK\n|-damage|p1a: NIGHTMARE TWINK|55/100\n|-unboost|p1a: NIGHTMARE TWINK|spa|1\n|-unboost|p1a: NIGHTMARE TWINK|spd|1\n|move|p1a: NIGHTMARE TWINK|Hypnosis|p2a: NY Bunson\n|-status|p2a: NY Bunson|slp|[from] move: Hypnosis\n|\n|upkeep\n|turn|2\n|\n|t:|1781375713\n|switch|p2a: OJ Hart|Exeggutor|100/100\n|move|p1a: NIGHTMARE TWINK|Night Shade|p2a: OJ Hart\n|-damage|p2a: OJ Hart|75/100\n|\n|upkeep\n|turn|3\n|\n|t:|1781375725\n|switch|p2a: NY Bunson|Gengar|100/100 slp\n|move|p1a: NIGHTMARE TWINK|Explosion|p2a: NY Bunson\n|-immune|p2a: NY Bunson\n|faint|p1a: NIGHTMARE TWINK\n|\n|t:|1781375731\n|switch|p1a: Big Zapper|Zapdos|100/100\n|turn|4\n|\n|t:|1781375742\n|switch|p2a: Katass|Snorlax|100/100\n|move|p1a: Big Zapper|Thunder Wave|p2a: Katass\n|-status|p2a: Katass|par\n|\n|upkeep\n|turn|5\n|\n|t:|1781375746\n|switch|p1a: THE COLUSSUS|Snorlax|100/100\n|move|p2a: Katass|Body Slam|p1a: THE COLUSSUS\n|-damage|p1a: THE COLUSSUS|76/100\n|\n|upkeep\n|turn|6\n|\n|t:|1781375762\n|move|p1a: THE COLUSSUS|Body Slam|p2a: Katass\n|-damage|p2a: Katass|74/100 par\n|move|p2a: Katass|Counter|p1a: THE COLUSSUS\n|-damage|p1a: THE COLUSSUS|23/100\n|\n|upkeep\n|turn|7\n|\n|t:|1781375770\n|switch|p2a: NY Bunson|Gengar|100/100 slp\n|move|p1a: THE COLUSSUS|Hyper Beam|p2a: NY Bunson\n|-immune|p2a: NY Bunson\n|\n|upkeep\n|turn|8\n|\n|t:|1781375776\n|switch|p2a: OJ Hart|Exeggutor|75/100\n|move|p1a: THE COLUSSUS|Rest|p1a: THE COLUSSUS\n|-status|p1a: THE COLUSSUS|slp|[from] move: Rest\n|-heal|p1a: THE COLUSSUS|100/100 slp|[silent]\n|\n|upkeep\n|turn|9\n|\n|t:|1781375783\n|switch|p1a: Busting Nuts|Exeggutor|100/100\n|move|p2a: OJ Hart|Psychic|p1a: Busting Nuts\n|-resisted|p1a: Busting Nuts\n|-damage|p1a: Busting Nuts|88/100\n|\n|upkeep\n|turn|10\n|\n|t:|1781375786\n|move|p2a: OJ Hart|Sleep Powder|p1a: Busting Nuts\n|-status|p1a: Busting Nuts|slp|[from] move: Sleep Powder\n|-curestatus|p1a: Busting Nuts|slp|[msg]\n|\n|upkeep\n|turn|11\n|\n|t:|1781375788\n|move|p1a: Busting Nuts|Stun Spore|p2a: OJ Hart\n|-status|p2a: OJ Hart|par\n|move|p2a: OJ Hart|Sleep Powder|p1a: Busting Nuts\n|-status|p1a: Busting Nuts|slp|[from] move: Sleep Powder\n|\n|upkeep\n|turn|12\n|\n|t:|1781375790\n|cant|p1a: Busting Nuts|slp\n|move|p2a: OJ Hart|Psychic|p1a: Busting Nuts\n|-crit|p1a: Busting Nuts\n|-resisted|p1a: Busting Nuts\n|-damage|p1a: Busting Nuts|62/100 slp\n|-unboost|p1a: Busting Nuts|spa|1\n|-unboost|p1a: Busting Nuts|spd|1\n|\n|upkeep\n|turn|13\n|\n|t:|1781375793\n|switch|p1a: A Padeira|Chansey|100/100\n|switch|p2a: Wembumyama|Tauros|100/100\n|\n|upkeep\n|turn|14\n|\n|t:|1781375800\n|switch|p2a: NY Bunson|Gengar|100/100 slp\n|move|p1a: A Padeira|Seismic Toss|p2a: NY Bunson\n|-damage|p2a: NY Bunson|70/100 slp\n|\n|upkeep\n|turn|15\n|\n|t:|1781375816\n|switch|p2a: OJ Hart|Exeggutor|75/100 par\n|move|p1a: A Padeira|Seismic Toss|p2a: OJ Hart\n|-damage|p2a: OJ Hart|50/100 par\n|\n|upkeep\n|turn|16\n|\n|t:|1781375820\n|switch|p1a: Busting Nuts|Exeggutor|62/100 slp\n|move|p2a: OJ Hart|Explosion|p1a: Busting Nuts\n|-damage|p1a: Busting Nuts|0 fnt\n|faint|p1a: Busting Nuts\n|faint|p2a: OJ Hart\n|\n|t:|1781375825\n|switch|p1a: A Padeira|Chansey|100/100\n|switch|p2a: Katass|Snorlax|74/100 par\n|turn|17\n|\n|t:|1781375830\n|move|p1a: A Padeira|Seismic Toss|p2a: Katass\n|-damage|p2a: Katass|55/100 par\n|move|p2a: Katass|Self-Destruct|p1a: A Padeira\n|-damage|p1a: A Padeira|0 fnt\n|faint|p1a: A Padeira\n|faint|p2a: Katass\n|\n|t:|1781375838\n|switch|p1a: Big Zapper|Zapdos|100/100\n|switch|p2a: Sky Harper|Zapdos|100/100\n|turn|18\n|\n|t:|1781375841\n|move|p2a: Sky Harper|Thunder Wave|p1a: Big Zapper\n|-status|p1a: Big Zapper|par\n|cant|p1a: Big Zapper|par\n|\n|upkeep\n|turn|19\n|\n|t:|1781375845\n|move|p2a: Sky Harper|Thunderbolt|p1a: Big Zapper\n|-damage|p1a: Big Zapper|72/100 par\n|move|p1a: Big Zapper|Thunder Wave|p2a: Sky Harper\n|-status|p2a: Sky Harper|par\n|\n|upkeep\n|turn|20\n|\n|t:|1781375849\n|move|p2a: Sky Harper|Thunderbolt|p1a: Big Zapper\n|-damage|p1a: Big Zapper|45/100 par\n|move|p1a: Big Zapper|Thunderbolt|p2a: Sky Harper\n|-damage|p2a: Sky Harper|74/100 par\n|\n|upkeep\n|turn|21\n|\n|t:|1781375851\n|move|p2a: Sky Harper|Agility|p2a: Sky Harper\n|-boost|p2a: Sky Harper|spe|2\n|move|p1a: Big Zapper|Thunderbolt|p2a: Sky Harper\n|-damage|p2a: Sky Harper|46/100 par\n|\n|upkeep\n|turn|22\n|\n|t:|1781375853\n|move|p2a: Sky Harper|Thunderbolt|p1a: Big Zapper\n|-damage|p1a: Big Zapper|14/100 par\n|move|p1a: Big Zapper|Thunderbolt|p2a: Sky Harper\n|-damage|p2a: Sky Harper|16/100 par\n|\n|upkeep\n|turn|23\n|\n|t:|1781375856\n|move|p2a: Sky Harper|Thunderbolt|p1a: Big Zapper\n|-damage|p1a: Big Zapper|0 fnt\n|faint|p1a: Big Zapper\n|\n|t:|1781375864\n|switch|p1a: The Conqueror|Tauros|100/100\n|turn|24\n|\n|t:|1781375867\n|move|p2a: Sky Harper|Thunderbolt|p1a: The Conqueror\n|-damage|p1a: The Conqueror|57/100\n|move|p1a: The Conqueror|Body Slam|p2a: Sky Harper\n|-damage|p2a: Sky Harper|0 fnt\n|faint|p2a: Sky Harper\n|\n|t:|1781375870\n|switch|p2a: Wembumyama|Tauros|100/100\n|turn|25\n|\n|t:|1781375872\n|move|p1a: The Conqueror|Blizzard|p2a: Wembumyama\n|-damage|p2a: Wembumyama|75/100\n|move|p2a: Wembumyama|Body Slam|p1a: The Conqueror\n|-damage|p1a: The Conqueror|29/100\n|\n|upkeep\n|turn|26\n|\n|t:|1781375876\n|move|p2a: Wembumyama|Hyper Beam|p1a: The Conqueror\n|-damage|p1a: The Conqueror|0 fnt\n|faint|p1a: The Conqueror\n|-message|justamente forfeited.\n|\n|win|SceptGilgeousPrinz\n|player|p1|\n|c|☆SceptGilgeousPrinz|/log SceptGilgeousPrinz made the replay of this battle unlisted.\n","uploadtime":1781375878,"views":"110","formatid":"gen1ou","rating":null,"private":2,"password":null}