{"id":"smogtours-gen1ou-945444","format":"[Gen 1] OU","players":["phoopes","Deezcastforms"],"log":"|inactive|Battle timer is ON: inactive players will automatically lose when time's up.\n|t:|1781209028\n|gametype|singles\n|player|p1|phoopes|#phoopes|\n|player|p2|Deezcastforms|#adpl8|\n|gen|1\n|tier|[Gen 1] OU\n|rule|Desync Clause Mod: Desyncs changed to move failure.\n|rule|HP Percentage Mod: HP is shown in percentages\n|rule|Endless Battle Clause: Forcing endless battles is banned\n|rule|Sleep Clause Mod: Limit one foe put to sleep\n|rule|Freeze Clause Mod: Limit one foe frozen\n|rule|Species Clause: Limit one of each Pokémon\n|rule|OHKO Clause: OHKO moves are banned\n|rule|Evasion Moves Clause: Evasion moves are banned\n|\n|t:|1781209028\n|teamsize|p1|6\n|teamsize|p2|6\n|start\n|switch|p1a: Venomous Villain|Gengar|100/100\n|switch|p2a: Starmie|Starmie|100/100\n|turn|1\n|c|☆phoopes|gl\n|c|☆Deezcastforms|hf\n|\n|t:|1781209050\n|switch|p2a: Exeggutor|Exeggutor|100/100\n|switch|p1a: Key to the Kuffs|Chansey|100/100\n|\n|upkeep\n|turn|2\n|\n|t:|1781209064\n|switch|p1a: Venomous Villain|Gengar|100/100\n|move|p2a: Exeggutor|Sleep Powder|p1a: Venomous Villain|[miss]\n|-miss|p2a: Exeggutor\n|\n|upkeep\n|turn|3\n|\n|t:|1781209074\n|move|p1a: Venomous Villain|Hypnosis|p2a: Exeggutor\n|-status|p2a: Exeggutor|slp|[from] move: Hypnosis\n|cant|p2a: Exeggutor|slp\n|\n|upkeep\n|turn|4\n|\n|t:|1781209091\n|move|p1a: Venomous Villain|Thunderbolt|p2a: Exeggutor\n|-resisted|p2a: Exeggutor\n|-damage|p2a: Exeggutor|91/100 slp\n|cant|p2a: Exeggutor|slp\n|\n|upkeep\n|turn|5\n|\n|t:|1781209100\n|move|p1a: Venomous Villain|Thunderbolt|p2a: Exeggutor\n|-resisted|p2a: Exeggutor\n|-damage|p2a: Exeggutor|82/100 slp\n|cant|p2a: Exeggutor|slp\n|\n|upkeep\n|turn|6\n|\n|t:|1781209112\n|move|p1a: Venomous Villain|Thunderbolt|p2a: Exeggutor\n|-crit|p2a: Exeggutor\n|-resisted|p2a: Exeggutor\n|-damage|p2a: Exeggutor|63/100 slp\n|cant|p2a: Exeggutor|slp\n|\n|upkeep\n|turn|7\n|\n|t:|1781209122\n|move|p1a: Venomous Villain|Thunderbolt|p2a: Exeggutor\n|-resisted|p2a: Exeggutor\n|-damage|p2a: Exeggutor|52/100 slp\n|-curestatus|p2a: Exeggutor|slp|[msg]\n|\n|upkeep\n|turn|8\n|\n|t:|1781209128\n|move|p1a: Venomous Villain|Hypnosis|p2a: Exeggutor|[miss]\n|-miss|p1a: Venomous Villain\n|move|p2a: Exeggutor|Sleep Powder|p1a: Venomous Villain\n|-status|p1a: Venomous Villain|slp|[from] move: Sleep Powder\n|\n|upkeep\n|turn|9\n|\n|t:|1781209135\n|cant|p1a: Venomous Villain|slp\n|move|p2a: Exeggutor|Psychic|p1a: Venomous Villain\n|-supereffective|p1a: Venomous Villain\n|-damage|p1a: Venomous Villain|42/100 slp\n|\n|upkeep\n|turn|10\n|\n|t:|1781209140\n|switch|p1a: Key to the Kuffs|Chansey|100/100\n|move|p2a: Exeggutor|Stun Spore|p1a: Key to the Kuffs|[miss]\n|-miss|p2a: Exeggutor\n|\n|upkeep\n|turn|11\n|\n|t:|1781209157\n|move|p2a: Exeggutor|Stun Spore|p1a: Key to the Kuffs\n|-status|p1a: Key to the Kuffs|par\n|move|p1a: Key to the Kuffs|Thunder Wave|p2a: Exeggutor\n|-status|p2a: Exeggutor|par\n|\n|upkeep\n|turn|12\n|\n|t:|1781209175\n|cant|p2a: Exeggutor|par\n|cant|p1a: Key to the Kuffs|par\n|\n|upkeep\n|turn|13\n|\n|t:|1781209178\n|move|p2a: Exeggutor|Psychic|p1a: Key to the Kuffs\n|-damage|p1a: Key to the Kuffs|82/100 par\n|move|p1a: Key to the Kuffs|Ice Beam|p2a: Exeggutor\n|-supereffective|p2a: Exeggutor\n|-damage|p2a: Exeggutor|18/100 par\n|\n|upkeep\n|turn|14\n|\n|t:|1781209191\n|switch|p1a: Venomous Villain|Gengar|42/100 slp\n|move|p2a: Exeggutor|Psychic|p1a: Venomous Villain\n|-supereffective|p1a: Venomous Villain\n|-damage|p1a: Venomous Villain|0 fnt\n|faint|p1a: Venomous Villain\n|\n|t:|1781209199\n|switch|p1a: Madvillainy|Tauros|100/100\n|turn|15\n|\n|t:|1781209216\n|switch|p2a: Snorlax|Snorlax|100/100\n|move|p1a: Madvillainy|Body Slam|p2a: Snorlax\n|-damage|p2a: Snorlax|75/100\n|\n|upkeep\n|turn|16\n|inactive|phoopes has 270 seconds left.\n|\n|t:|1781209252\n|switch|p1a: Special Herbs|Exeggutor|100/100\n|move|p2a: Snorlax|Reflect|p2a: Snorlax\n|-start|p2a: Snorlax|Reflect\n|\n|upkeep\n|turn|17\n|inactive|phoopes has 270 seconds left.\n|\n|t:|1781209278\n|switch|p2a: Starmie|Starmie|100/100\n|move|p1a: Special Herbs|Psychic|p2a: Starmie\n|-resisted|p2a: Starmie\n|-damage|p2a: Starmie|82/100\n|-unboost|p2a: Starmie|spa|1\n|-unboost|p2a: Starmie|spd|1\n|\n|upkeep\n|turn|18\n|\n|t:|1781209285\n|switch|p2a: Exeggutor|Exeggutor|18/100 par\n|move|p1a: Special Herbs|Sleep Powder|p2a: Exeggutor\n|-fail|p2a: Exeggutor\n|\n|upkeep\n|turn|19\n|inactive|phoopes has 270 seconds left.\n|\n|t:|1781209304\n|move|p1a: Special Herbs|Psychic|p2a: Exeggutor\n|-crit|p2a: Exeggutor\n|-resisted|p2a: Exeggutor\n|-damage|p2a: Exeggutor|0 fnt\n|faint|p2a: Exeggutor\n|inactive|Deezcastforms has 270 seconds left.\n|inactive|Deezcastforms has 240 seconds left.\n|\n|t:|1781209382\n|switch|p2a: Starmie|Starmie|82/100\n|turn|20\n|\n|t:|1781209385\n|move|p2a: Starmie|Thunder Wave|p1a: Special Herbs\n|-status|p1a: Special Herbs|par\n|move|p1a: Special Herbs|Sleep Powder|p2a: Starmie\n|-status|p2a: Starmie|slp|[from] move: Sleep Powder\n|\n|upkeep\n|turn|21\n|\n|t:|1781209392\n|switch|p2a: Chansey|Chansey|100/100\n|move|p1a: Special Herbs|Psychic|p2a: Chansey\n|-damage|p2a: Chansey|84/100\n|\n|upkeep\n|turn|22\n|\n|t:|1781209403\n|switch|p1a: Key to the Kuffs|Chansey|82/100 par\n|move|p2a: Chansey|Seismic Toss|p1a: Key to the Kuffs\n|-damage|p1a: Key to the Kuffs|68/100 par\n|\n|upkeep\n|turn|23\n|\n|t:|1781209409\n|switch|p2a: Snorlax|Snorlax|75/100\n|move|p1a: Key to the Kuffs|Soft-Boiled|p1a: Key to the Kuffs\n|-heal|p1a: Key to the Kuffs|100/100 par\n|\n|upkeep\n|turn|24\n|\n|t:|1781209419\n|move|p2a: Snorlax|Body Slam|p1a: Key to the Kuffs\n|-damage|p1a: Key to the Kuffs|59/100 par\n|move|p1a: Key to the Kuffs|Thunder Wave|p2a: Snorlax\n|-status|p2a: Snorlax|par\n|\n|upkeep\n|turn|25\n|\n|t:|1781209427\n|switch|p1a: Special Herbs|Exeggutor|100/100 par\n|move|p2a: Snorlax|Body Slam|p1a: Special Herbs\n|-damage|p1a: Special Herbs|70/100 par\n|\n|upkeep\n|turn|26\n|inactive|Deezcastforms has 270 seconds left.\n|\n|t:|1781209436\n|switch|p2a: Chansey|Chansey|84/100\n|cant|p1a: Special Herbs|par\n|\n|upkeep\n|turn|27\n|inactive|Deezcastforms has 270 seconds left.\n|\n|t:|1781209458\n|move|p2a: Chansey|Seismic Toss|p1a: Special Herbs\n|-damage|p1a: Special Herbs|45/100 par\n|move|p1a: Special Herbs|Stun Spore|p2a: Chansey\n|-status|p2a: Chansey|par\n|\n|upkeep\n|turn|28\n|\n|t:|1781209472\n|switch|p1a: Key to the Kuffs|Chansey|59/100 par\n|switch|p2a: Starmie|Starmie|82/100 slp\n|\n|upkeep\n|turn|29\n|\n|t:|1781209478\n|switch|p2a: Snorlax|Snorlax|75/100 par\n|cant|p1a: Key to the Kuffs|par\n|\n|upkeep\n|turn|30\n|inactive|Deezcastforms has 270 seconds left.\n|\n|t:|1781209505\n|switch|p1a: Special Herbs|Exeggutor|45/100 par\n|move|p2a: Snorlax|Hyper Beam|p1a: Special Herbs\n|-damage|p1a: Special Herbs|0 fnt\n|faint|p1a: Special Herbs\n|\n|t:|1781209516\n|switch|p1a: Mm..Food|Snorlax|100/100\n|turn|31\n|inactive|Deezcastforms has 270 seconds left.\n|\n|t:|1781209539\n|move|p1a: Mm..Food|Body Slam|p2a: Snorlax\n|-crit|p2a: Snorlax\n|-damage|p2a: Snorlax|26/100 par\n|cant|p2a: Snorlax|par\n|\n|upkeep\n|turn|32\n|inactive|Deezcastforms has 240 seconds left.\n|\n|t:|1781209572\n|switch|p2a: Rhydon|Rhydon|100/100\n|move|p1a: Mm..Food|Body Slam|p2a: Rhydon\n|-resisted|p2a: Rhydon\n|-damage|p2a: Rhydon|89/100\n|\n|upkeep\n|turn|33\n|inactive|Deezcastforms has 240 seconds left.\n|\n|t:|1781209592\n|move|p2a: Rhydon|Earthquake|p1a: Mm..Food\n|-damage|p1a: Mm..Food|68/100\n|move|p1a: Mm..Food|Earthquake|p2a: Rhydon\n|-supereffective|p2a: Rhydon\n|-damage|p2a: Rhydon|54/100\n|\n|upkeep\n|turn|34\n|inactive|Deezcastforms has 240 seconds left.\n|inactive|phoopes has 270 seconds left.\n|\n|t:|1781209620\n|switch|p1a: Madvillainy|Tauros|100/100\n|move|p2a: Rhydon|Earthquake|p1a: Madvillainy\n|-damage|p1a: Madvillainy|59/100\n|\n|upkeep\n|turn|35\n|inactive|phoopes has 270 seconds left.\n|inactive|Deezcastforms has 240 seconds left.\n|\n|t:|1781209633\n|switch|p2a: Starmie|Starmie|82/100 slp\n|move|p1a: Madvillainy|Body Slam|p2a: Starmie\n|-damage|p2a: Starmie|45/100 slp\n|\n|upkeep\n|turn|36\n|inactive|Deezcastforms has 240 seconds left.\n|\n|t:|1781209639\n|cant|p2a: Starmie|slp\n|move|p1a: Madvillainy|Body Slam|p2a: Starmie\n|-damage|p2a: Starmie|13/100 slp\n|\n|upkeep\n|turn|37\n|\n|t:|1781209644\n|cant|p2a: Starmie|slp\n|move|p1a: Madvillainy|Body Slam|p2a: Starmie\n|-damage|p2a: Starmie|0 fnt\n|faint|p2a: Starmie\n|\n|t:|1781209648\n|switch|p2a: Tauros|Tauros|100/100\n|turn|38\n|\n|t:|1781209662\n|move|p1a: Madvillainy|Body Slam|p2a: Tauros\n|-damage|p2a: Tauros|73/100\n|move|p2a: Tauros|Body Slam|p1a: Madvillainy\n|-damage|p1a: Madvillainy|30/100\n|\n|upkeep\n|turn|39\n|inactive|Deezcastforms has 240 seconds left.\n|\n|t:|1781209701\n|move|p2a: Tauros|Body Slam|p1a: Madvillainy\n|-crit|p1a: Madvillainy\n|-damage|p1a: Madvillainy|0 fnt\n|faint|p1a: Madvillainy\n|inactive|phoopes has 270 seconds left.\n|\n|t:|1781209747\n|switch|p1a: Vaudeville Villain|Starmie|100/100\n|turn|40\n|inactive|Deezcastforms has 240 seconds left.\n|\n|t:|1781209771\n|switch|p1a: Mm..Food|Snorlax|68/100\n|switch|p2a: Chansey|Chansey|84/100 par\n|\n|upkeep\n|turn|41\n|\n|t:|1781209793\n|switch|p2a: Snorlax|Snorlax|26/100 par\n|move|p1a: Mm..Food|Earthquake|p2a: Snorlax\n|-damage|p2a: Snorlax|5/100 par\n|\n|upkeep\n|turn|42\n|inactive|phoopes has 270 seconds left.\n|\n|t:|1781209799\n|move|p1a: Mm..Food|Earthquake|p2a: Snorlax\n|-damage|p2a: Snorlax|0 fnt\n|faint|p2a: Snorlax\n|\n|t:|1781209802\n|switch|p2a: Rhydon|Rhydon|54/100\n|turn|43\n|inactive|phoopes has 270 seconds left.\n|\n|t:|1781209821\n|switch|p1a: Vaudeville Villain|Starmie|100/100\n|move|p2a: Rhydon|Earthquake|p1a: Vaudeville Villain\n|-damage|p1a: Vaudeville Villain|54/100\n|\n|upkeep\n|turn|44\n|inactive|Deezcastforms has 240 seconds left.\n|inactive|phoopes has 270 seconds left.\n|\n|t:|1781209832\n|switch|p2a: Chansey|Chansey|84/100 par\n|move|p1a: Vaudeville Villain|Surf|p2a: Chansey\n|-damage|p2a: Chansey|70/100 par\n|\n|upkeep\n|turn|45\n|inactive|Deezcastforms has 240 seconds left.\n|\n|t:|1781209840\n|switch|p1a: Mm..Food|Snorlax|68/100\n|cant|p2a: Chansey|par\n|\n|upkeep\n|turn|46\n|inactive|Deezcastforms has 240 seconds left.\n|\n|t:|1781209879\n|switch|p2a: Rhydon|Rhydon|54/100\n|move|p1a: Mm..Food|Earthquake|p2a: Rhydon\n|-supereffective|p2a: Rhydon\n|-damage|p2a: Rhydon|17/100\n|\n|upkeep\n|turn|47\n|inactive|phoopes has 270 seconds left.\n|\n|t:|1781209905\n|switch|p1a: Key to the Kuffs|Chansey|59/100 par\n|move|p2a: Rhydon|Earthquake|p1a: Key to the Kuffs\n|-damage|p1a: Key to the Kuffs|4/100 par\n|\n|upkeep\n|turn|48\n|inactive|phoopes has 270 seconds left.\n|\n|t:|1781209911\n|move|p2a: Rhydon|Body Slam|p1a: Key to the Kuffs\n|-damage|p1a: Key to the Kuffs|0 fnt\n|faint|p1a: Key to the Kuffs\n|\n|t:|1781209915\n|switch|p1a: Vaudeville Villain|Starmie|54/100\n|turn|49\n|\n|t:|1781209933\n|move|p1a: Vaudeville Villain|Surf|p2a: Rhydon\n|-crit|p2a: Rhydon\n|-supereffective|p2a: Rhydon\n|-damage|p2a: Rhydon|0 fnt\n|faint|p2a: Rhydon\n|\n|t:|1781209935\n|switch|p2a: Chansey|Chansey|70/100 par\n|turn|50\n|\n|t:|1781209943\n|switch|p1a: Mm..Food|Snorlax|68/100\n|move|p2a: Chansey|Sing|p1a: Mm..Food\n|-status|p1a: Mm..Food|slp|[from] move: Sing\n|\n|upkeep\n|turn|51\n|inactive|Deezcastforms has 240 seconds left.\n|\n|t:|1781209951\n|switch|p2a: Tauros|Tauros|73/100\n|cant|p1a: Mm..Food|slp\n|\n|upkeep\n|turn|52\n|\n|t:|1781209973\n|move|p2a: Tauros|Body Slam|p1a: Mm..Food\n|-damage|p1a: Mm..Food|45/100 slp\n|cant|p1a: Mm..Food|slp\n|\n|upkeep\n|turn|53\n|\n|t:|1781209980\n|switch|p1a: Vaudeville Villain|Starmie|54/100\n|move|p2a: Tauros|Body Slam|p1a: Vaudeville Villain\n|-damage|p1a: Vaudeville Villain|21/100\n|-status|p1a: Vaudeville Villain|par\n|\n|upkeep\n|turn|54\n|\n|t:|1781209988\n|move|p2a: Tauros|Body Slam|p1a: Vaudeville Villain\n|-damage|p1a: Vaudeville Villain|0 fnt\n|faint|p1a: Vaudeville Villain\n|\n|t:|1781209992\n|switch|p1a: Mm..Food|Snorlax|45/100 slp\n|turn|55\n|\n|t:|1781209995\n|move|p2a: Tauros|Body Slam|p1a: Mm..Food\n|-damage|p1a: Mm..Food|20/100 slp\n|cant|p1a: Mm..Food|slp\n|\n|upkeep\n|turn|56\n|c|☆Deezcastforms|ggs\n|\n|t:|1781209999\n|move|p2a: Tauros|Body Slam|p1a: Mm..Food\n|-crit|p1a: Mm..Food\n|-damage|p1a: Mm..Food|0 fnt\n|faint|p1a: Mm..Food\n|\n|win|Deezcastforms\n|c|☆phoopes|ggs\n|player|p2|\n","uploadtime":1781209999,"views":"133","formatid":"gen1ou","rating":null,"private":0,"password":null}