{"id":"smogtours-gen1ou-962896","format":"[Gen 1] OU","players":["BeeOrSomething","Girls See Ghosts"],"log":"|inactive|Battle timer is ON: inactive players will automatically lose when time's up.\n|t:|1786325174\n|gametype|singles\n|player|p1|BeeOrSomething|#beeorsomething|\n|player|p2|Girls See Ghosts|#adpl9|\n|gen|1\n|tier|[Gen 1] OU\n|rule|Desync Clause Mod: Desyncs resolve to link battle behavior from the acting player's perspective.\n|rule|HP Percentage Mod: HP is shown in percentages\n|rule|Endless Battle Clause: Forcing endless battles is banned\n|rule|Sleep Clause Mod: Limit one foe put to sleep\n|rule|Freeze Clause Mod: Limit one foe frozen\n|rule|Species Clause: Limit one of each Pokémon\n|rule|OHKO Clause: OHKO moves are banned\n|rule|Evasion Moves Clause: Evasion moves are banned\n|\n|t:|1786325174\n|teamsize|p1|6\n|teamsize|p2|6\n|start\n|switch|p1a: Owe Me A Coke|Jynx|100/100\n|switch|p2a: Zapdos|Zapdos|100/100\n|turn|1\n|c|☆Girls See Ghosts|glhf\n|c|☆BeeOrSomething|glhf\n|\n|t:|1786325191\n|move|p2a: Zapdos|Thunder Wave|p1a: Owe Me A Coke\n|-status|p1a: Owe Me A Coke|par\n|move|p1a: Owe Me A Coke|Lovely Kiss|p2a: Zapdos|[miss]\n|-miss|p1a: Owe Me A Coke\n|\n|upkeep\n|turn|2\n|\n|t:|1786325198\n|move|p2a: Zapdos|Drill Peck|p1a: Owe Me A Coke\n|-damage|p1a: Owe Me A Coke|54/100 par\n|move|p1a: Owe Me A Coke|Lovely Kiss|p2a: Zapdos\n|-status|p2a: Zapdos|slp|[from] move: Lovely Kiss\n|\n|upkeep\n|turn|3\n|\n|t:|1786325205\n|switch|p2a: Chansey|Chansey|100/100\n|move|p1a: Owe Me A Coke|Blizzard|p2a: Chansey\n|-damage|p2a: Chansey|83/100\n|\n|upkeep\n|turn|4\n|\n|t:|1786325209\n|move|p2a: Chansey|Seismic Toss|p1a: Owe Me A Coke\n|-damage|p1a: Owe Me A Coke|24/100 par\n|cant|p1a: Owe Me A Coke|par\n|\n|upkeep\n|turn|5\n|\n|t:|1786325215\n|switch|p1a: Shazam|Alakazam|100/100\n|move|p2a: Chansey|Seismic Toss|p1a: Shazam\n|-damage|p1a: Shazam|69/100\n|\n|upkeep\n|turn|6\n|\n|t:|1786325219\n|move|p1a: Shazam|Thunder Wave|p2a: Chansey\n|-status|p2a: Chansey|par\n|move|p2a: Chansey|Sing|p1a: Shazam\n|-status|p1a: Shazam|slp|[from] move: Sing\n|\n|upkeep\n|turn|7\n|\n|t:|1786325224\n|switch|p2a: Snorlax|Snorlax|100/100\n|cant|p1a: Shazam|slp\n|\n|upkeep\n|turn|8\n|\n|t:|1786325233\n|switch|p1a: Do Not|Cloyster|100/100\n|move|p2a: Snorlax|Body Slam|p1a: Do Not\n|-damage|p1a: Do Not|79/100\n|\n|upkeep\n|turn|9\n|\n|t:|1786325242\n|switch|p2a: Cloyster|Cloyster|100/100\n|move|p1a: Do Not|Blizzard|p2a: Cloyster\n|-resisted|p2a: Cloyster\n|-damage|p2a: Cloyster|88/100\n|\n|upkeep\n|turn|10\n|\n|t:|1786325251\n|move|p1a: Do Not|Clamp|p2a: Cloyster\n|-resisted|p2a: Cloyster\n|-damage|p2a: Cloyster|82/100\n|cant|p2a: Cloyster|partiallytrapped\n|\n|upkeep\n|turn|11\n|\n|t:|1786325255\n|move|p1a: Do Not|Clamp|p2a: Cloyster|[from] Clamp\n|-damage|p2a: Cloyster|76/100\n|\n|upkeep\n|turn|12\n|\n|t:|1786325258\n|move|p1a: Do Not|Clamp|p2a: Cloyster|[from] Clamp\n|-damage|p2a: Cloyster|69/100\n|\n|upkeep\n|turn|13\n|\n|t:|1786325262\n|move|p1a: Do Not|Clamp|p2a: Cloyster|[from] Clamp\n|-damage|p2a: Cloyster|63/100\n|\n|upkeep\n|turn|14\n|\n|t:|1786325266\n|move|p1a: Do Not|Clamp|p2a: Cloyster|[from] Clamp\n|-damage|p2a: Cloyster|57/100\n|\n|upkeep\n|turn|15\n|\n|t:|1786325270\n|move|p2a: Cloyster|Clamp|p1a: Do Not\n|-resisted|p1a: Do Not\n|-damage|p1a: Do Not|72/100\n|cant|p1a: Do Not|partiallytrapped\n|\n|upkeep\n|turn|16\n|\n|t:|1786325272\n|move|p2a: Cloyster|Clamp|p1a: Do Not|[from] Clamp\n|-damage|p1a: Do Not|65/100\n|\n|upkeep\n|turn|17\n|\n|t:|1786325275\n|move|p2a: Cloyster|Clamp|p1a: Do Not|[from] Clamp\n|-damage|p1a: Do Not|58/100\n|\n|upkeep\n|turn|18\n|\n|t:|1786325281\n|move|p1a: Do Not|Clamp|p2a: Cloyster\n|-resisted|p2a: Cloyster\n|-damage|p2a: Cloyster|51/100\n|cant|p2a: Cloyster|partiallytrapped\n|\n|upkeep\n|turn|19\n|\n|t:|1786325284\n|switch|p2a: Zapdos|Zapdos|100/100 slp\n|move|p1a: Do Not|Clamp|p2a: Zapdos\n|-damage|p2a: Zapdos|92/100 slp\n|\n|upkeep\n|turn|20\n|\n|t:|1786325289\n|switch|p2a: Cloyster|Cloyster|51/100\n|switch|p1a: Raging Bull|Tauros|100/100\n|\n|upkeep\n|turn|21\n|\n|t:|1786325298\n|switch|p1a: Do Not|Cloyster|58/100\n|move|p2a: Cloyster|Blizzard|p1a: Do Not\n|-resisted|p1a: Do Not\n|-damage|p1a: Do Not|46/100\n|\n|upkeep\n|turn|22\n|\n|t:|1786325303\n|move|p2a: Cloyster|Explosion|p1a: Do Not\n|-damage|p1a: Do Not|0 fnt\n|faint|p1a: Do Not\n|faint|p2a: Cloyster\n|inactive|Girls See Ghosts has 270 seconds left.\n|\n|t:|1786325334\n|switch|p2a: Snorlax|Snorlax|100/100\n|switch|p1a: Me On Weekends|Snorlax|100/100\n|turn|23\n|\n|t:|1786325349\n|move|p1a: Me On Weekends|Amnesia|p1a: Me On Weekends\n|-boost|p1a: Me On Weekends|spa|2\n|-boost|p1a: Me On Weekends|spd|2\n|move|p2a: Snorlax|Earthquake|p1a: Me On Weekends\n|-damage|p1a: Me On Weekends|78/100\n|\n|upkeep\n|turn|24\n|\n|t:|1786325357\n|move|p1a: Me On Weekends|Blizzard|p2a: Snorlax\n|-damage|p2a: Snorlax|64/100\n|move|p2a: Snorlax|Body Slam|p1a: Me On Weekends\n|-damage|p1a: Me On Weekends|51/100\n|\n|upkeep\n|turn|25\n|\n|t:|1786325365\n|move|p2a: Snorlax|Body Slam|p1a: Me On Weekends\n|-damage|p1a: Me On Weekends|23/100\n|move|p1a: Me On Weekends|Blizzard|p2a: Snorlax\n|-damage|p2a: Snorlax|26/100\n|\n|upkeep\n|turn|26\n|\n|t:|1786325385\n|move|p1a: Me On Weekends|Blizzard|p2a: Snorlax\n|-damage|p2a: Snorlax|0 fnt\n|faint|p2a: Snorlax\n|\n|t:|1786325388\n|switch|p2a: Tauros|Tauros|100/100\n|turn|27\n|\n|t:|1786325397\n|switch|p1a: Owe Me A Coke|Jynx|24/100 par\n|move|p2a: Tauros|Body Slam|p1a: Owe Me A Coke\n|-crit|p1a: Owe Me A Coke\n|-damage|p1a: Owe Me A Coke|0 fnt\n|faint|p1a: Owe Me A Coke\n|\n|t:|1786325400\n|switch|p1a: Shatter|Articuno|100/100\n|turn|28\n|\n|t:|1786325419\n|switch|p2a: Chansey|Chansey|83/100 par\n|move|p1a: Shatter|Blizzard|p2a: Chansey\n|-damage|p2a: Chansey|60/100 par\n|\n|upkeep\n|turn|29\n|\n|t:|1786325433\n|switch|p1a: Me On Weekends|Snorlax|23/100\n|move|p2a: Chansey|Seismic Toss|p1a: Me On Weekends\n|-damage|p1a: Me On Weekends|4/100\n|\n|upkeep\n|turn|30\n|\n|t:|1786325454\n|switch|p1a: Shatter|Articuno|100/100\n|switch|p2a: Zapdos|Zapdos|92/100 slp\n|\n|upkeep\n|turn|31\n|inactive|Girls See Ghosts has 270 seconds left.\n|\n|t:|1786325490\n|cant|p2a: Zapdos|slp\n|move|p1a: Shatter|Blizzard|p2a: Zapdos\n|-supereffective|p2a: Zapdos\n|-damage|p2a: Zapdos|20/100 slp\n|\n|upkeep\n|turn|32\n|\n|t:|1786325496\n|cant|p2a: Zapdos|slp\n|move|p1a: Shatter|Blizzard|p2a: Zapdos\n|-supereffective|p2a: Zapdos\n|-damage|p2a: Zapdos|0 fnt\n|faint|p2a: Zapdos\n|\n|t:|1786325498\n|switch|p2a: Chansey|Chansey|60/100 par\n|turn|33\n|\n|t:|1786325501\n|switch|p1a: Me On Weekends|Snorlax|4/100\n|move|p2a: Chansey|Thunder Wave|p1a: Me On Weekends\n|-status|p1a: Me On Weekends|par\n|\n|upkeep\n|turn|34\n|\n|t:|1786325520\n|move|p2a: Chansey|Seismic Toss|p1a: Me On Weekends\n|-damage|p1a: Me On Weekends|0 fnt\n|faint|p1a: Me On Weekends\n|\n|t:|1786325524\n|switch|p1a: Raging Bull|Tauros|100/100\n|turn|35\n|\n|t:|1786325534\n|switch|p2a: Articuno|Articuno|100/100\n|move|p1a: Raging Bull|Earthquake|p2a: Articuno\n|-immune|p2a: Articuno\n|\n|upkeep\n|turn|36\n|c|☆BeeOrSomething|ngl i deserve that one\n|c|☆BeeOrSomething|hey man u never know when someone runs fuckshit counter\n|inactive|Girls See Ghosts has 270 seconds left.\n|c|☆Girls See Ghosts|it's tough out here\n|inactive|BeeOrSomething has 270 seconds left.\n|c|☆BeeOrSomething|that's fo sho\n|\n|t:|1786325612\n|switch|p1a: Shatter|Articuno|100/100\n|move|p2a: Articuno|Blizzard|p1a: Shatter|[miss]\n|-miss|p2a: Articuno\n|\n|upkeep\n|turn|37\n|c|☆BeeOrSomething|all's well that ends well I guess\n|c|☆BeeOrSomething|well for me anyway.\n|c|☆BeeOrSomething|mb\n|\n|t:|1786325626\n|move|p1a: Shatter|Blizzard|p2a: Articuno\n|-crit|p2a: Articuno\n|-damage|p2a: Articuno|32/100\n|move|p2a: Articuno|Blizzard|p1a: Shatter|[miss]\n|-miss|p2a: Articuno\n|\n|upkeep\n|turn|38\n|c|☆Girls See Ghosts|cant be mad about a well-trained bird\n|\n|t:|1786325640\n|move|p2a: Articuno|Blizzard|p1a: Shatter|[miss]\n|-miss|p2a: Articuno\n|move|p1a: Shatter|Blizzard|p2a: Articuno\n|-damage|p2a: Articuno|0 fnt\n|faint|p2a: Articuno\n|c|☆Girls See Ghosts|ok\n|c|☆Girls See Ghosts|LOL\n|c|☆BeeOrSomething|really well trained I guess\n|c|☆BeeOrSomething|LOL\n|\n|t:|1786325649\n|switch|p2a: Chansey|Chansey|60/100 par\n|turn|39\n|\n|t:|1786325665\n|switch|p1a: Raging Bull|Tauros|100/100\n|move|p2a: Chansey|Soft-Boiled|p2a: Chansey\n|-heal|p2a: Chansey|100/100 par\n|\n|upkeep\n|turn|40\n|\n|t:|1786325671\n|move|p1a: Raging Bull|Body Slam|p2a: Chansey\n|-damage|p2a: Chansey|60/100 par\n|move|p2a: Chansey|Thunder Wave|p1a: Raging Bull\n|-status|p1a: Raging Bull|par\n|\n|upkeep\n|turn|41\n|inactive|Girls See Ghosts has 270 seconds left.\n|\n|t:|1786325690\n|switch|p1a: Shatter|Articuno|100/100\n|move|p2a: Chansey|Seismic Toss|p1a: Shatter\n|-damage|p1a: Shatter|74/100\n|\n|upkeep\n|turn|42\n|c|☆Girls See Ghosts|I respect the vision\n|inactive|Girls See Ghosts has 270 seconds left.\n|c|☆BeeOrSomething|diabolical seismic toss\n|\n|t:|1786325714\n|switch|p1a: Raging Bull|Tauros|100/100 par\n|cant|p2a: Chansey|par\n|\n|upkeep\n|turn|43\n|\n|t:|1786325725\n|move|p1a: Raging Bull|Hyper Beam|p2a: Chansey\n|-crit|p2a: Chansey\n|-damage|p2a: Chansey|0 fnt\n|faint|p2a: Chansey\n|\n|t:|1786325727\n|switch|p2a: Tauros|Tauros|100/100\n|turn|44\n|\n|t:|1786325733\n|move|p2a: Tauros|Body Slam|p1a: Raging Bull\n|-crit|p1a: Raging Bull\n|-damage|p1a: Raging Bull|44/100 par\n|move|p1a: Raging Bull|Hyper Beam|p2a: Tauros\n|-damage|p2a: Tauros|48/100\n|-mustrecharge|p1a: Raging Bull\n|\n|upkeep\n|turn|45\n|\n|t:|1786325739\n|move|p2a: Tauros|Hyper Beam|p1a: Raging Bull\n|-damage|p1a: Raging Bull|0 fnt\n|faint|p1a: Raging Bull\n|\n|t:|1786325741\n|switch|p1a: Shatter|Articuno|74/100\n|turn|46\n|c|☆Girls See Ghosts|every day of the week I dodge those\n|c|☆Girls See Ghosts|AND I crit\n|\n|t:|1786325749\n|move|p2a: Tauros|Hyper Beam|p1a: Shatter\n|-crit|p1a: Shatter\n|-damage|p1a: Shatter|0 fnt\n|faint|p1a: Shatter\n|c|☆BeeOrSomething|what the hell\n|\n|t:|1786325754\n|switch|p1a: Shazam|Alakazam|69/100 slp\n|turn|47\n|c|☆BeeOrSomething|yeah i deserve this LOL\n|c|☆BeeOrSomething|gg\n|\n|t:|1786325760\n|cant|p1a: Shazam|slp\n|move|p2a: Tauros|Hyper Beam|p1a: Shazam\n|-damage|p1a: Shazam|0 fnt\n|faint|p1a: Shazam\n|\n|win|Girls See Ghosts\n|c|☆Girls See Ghosts|gg\n|player|p1|\n","uploadtime":1786325760,"views":"80","formatid":"gen1ou","rating":null,"private":0,"password":null}