{"id":"smogtours-gen1ou-950651","format":"[Gen 1] OU","players":["TG2513","Soda Krys"],"log":"|inactive|Battle timer is ON: inactive players will automatically lose when time's up.\n|t:|1782578819\n|gametype|singles\n|player|p1|TG2513|brycenman|\n|player|p2|Soda Krys|gwynn|\n|gen|1\n|tier|[Gen 1] OU\n|rule|Desync Clause Mod: Desyncs changed to move failure.\n|rule|HP Percentage Mod: HP is shown in percentages\n|rule|Endless Battle Clause: Forcing endless battles is banned\n|rule|Sleep Clause Mod: Limit one foe put to sleep\n|rule|Freeze Clause Mod: Limit one foe frozen\n|rule|Species Clause: Limit one of each Pokémon\n|rule|OHKO Clause: OHKO moves are banned\n|rule|Evasion Moves Clause: Evasion moves are banned\n|\n|t:|1782578819\n|teamsize|p1|6\n|teamsize|p2|6\n|start\n|switch|p1a: Jynx|Jynx|100/100\n|switch|p2a: Jynx|Jynx|100/100\n|turn|1\n|\n|t:|1782578823\n|move|p1a: Jynx|Lovely Kiss|p2a: Jynx|[miss]\n|-miss|p1a: Jynx\n|move|p2a: Jynx|Lovely Kiss|p1a: Jynx|[miss]\n|-miss|p2a: Jynx\n|\n|upkeep\n|turn|2\n|\n|t:|1782578827\n|move|p2a: Jynx|Lovely Kiss|p1a: Jynx\n|-status|p1a: Jynx|slp|[from] move: Lovely Kiss\n|cant|p1a: Jynx|slp\n|\n|upkeep\n|turn|3\n|\n|t:|1782578829\n|cant|p1a: Jynx|slp\n|move|p2a: Jynx|Blizzard|p1a: Jynx\n|-resisted|p1a: Jynx\n|-damage|p1a: Jynx|79/100 slp\n|\n|upkeep\n|turn|4\n|\n|t:|1782578830\n|switch|p2a: Tauros|Tauros|100/100\n|cant|p1a: Jynx|slp\n|\n|upkeep\n|turn|5\n|\n|t:|1782578833\n|switch|p1a: Gengar|Gengar|100/100\n|move|p2a: Tauros|Body Slam|p1a: Gengar\n|-immune|p1a: Gengar\n|\n|upkeep\n|turn|6\n|\n|t:|1782578835\n|switch|p2a: Jynx|Jynx|100/100\n|move|p1a: Gengar|Hypnosis|p2a: Jynx\n|-status|p2a: Jynx|slp|[from] move: Hypnosis\n|\n|upkeep\n|turn|7\n|\n|t:|1782578837\n|switch|p2a: Snorlax|Snorlax|100/100\n|move|p1a: Gengar|Psychic|p2a: Snorlax\n|-crit|p2a: Snorlax\n|-damage|p2a: Snorlax|60/100\n|-unboost|p2a: Snorlax|spa|1\n|-unboost|p2a: Snorlax|spd|1\n|\n|upkeep\n|turn|8\n|\n|t:|1782578839\n|move|p1a: Gengar|Psychic|p2a: Snorlax\n|-crit|p2a: Snorlax\n|-damage|p2a: Snorlax|18/100\n|move|p2a: Snorlax|Earthquake|p1a: Gengar\n|-supereffective|p1a: Gengar\n|-damage|p1a: Gengar|25/100\n|\n|upkeep\n|turn|9\n|\n|t:|1782578845\n|move|p1a: Gengar|Thunderbolt|p2a: Snorlax\n|-damage|p2a: Snorlax|0 fnt\n|faint|p2a: Snorlax\n|\n|t:|1782578847\n|switch|p2a: Tauros|Tauros|100/100\n|turn|10\n|\n|t:|1782578851\n|switch|p1a: Lapras|Lapras|100/100\n|move|p2a: Tauros|Earthquake|p1a: Lapras\n|-damage|p1a: Lapras|82/100\n|\n|upkeep\n|turn|11\n|\n|t:|1782578854\n|switch|p2a: Chansey|Chansey|100/100\n|move|p1a: Lapras|Body Slam|p2a: Chansey\n|-damage|p2a: Chansey|76/100\n|\n|upkeep\n|turn|12\n|\n|t:|1782578865\n|switch|p1a: Jynx|Jynx|79/100 slp\n|move|p2a: Chansey|Thunder Wave|p1a: Jynx\n|-fail|p1a: Jynx\n|\n|upkeep\n|turn|13\n|\n|t:|1782578867\n|switch|p2a: Tauros|Tauros|100/100\n|cant|p1a: Jynx|slp\n|\n|upkeep\n|turn|14\n|\n|t:|1782578870\n|move|p2a: Tauros|Earthquake|p1a: Jynx\n|-crit|p1a: Jynx\n|-damage|p1a: Jynx|2/100 slp\n|cant|p1a: Jynx|slp\n|\n|upkeep\n|turn|15\n|\n|t:|1782578873\n|switch|p1a: Zapdos|Zapdos|100/100\n|move|p2a: Tauros|Earthquake|p1a: Zapdos\n|-immune|p1a: Zapdos\n|\n|upkeep\n|turn|16\n|\n|t:|1782578879\n|switch|p2a: Chansey|Chansey|76/100\n|move|p1a: Zapdos|Thunder Wave|p2a: Chansey\n|-status|p2a: Chansey|par\n|\n|upkeep\n|turn|17\n|\n|t:|1782578882\n|move|p1a: Zapdos|Drill Peck|p2a: Chansey\n|-damage|p2a: Chansey|40/100 par\n|move|p2a: Chansey|Thunder Wave|p1a: Zapdos\n|-status|p1a: Zapdos|par\n|\n|upkeep\n|turn|18\n|\n|t:|1782578885\n|move|p1a: Zapdos|Agility|p1a: Zapdos\n|-boost|p1a: Zapdos|spe|2\n|cant|p2a: Chansey|par\n|\n|upkeep\n|turn|19\n|\n|t:|1782578886\n|cant|p1a: Zapdos|par\n|move|p2a: Chansey|Soft-Boiled|p2a: Chansey\n|-heal|p2a: Chansey|90/100 par\n|\n|upkeep\n|turn|20\n|\n|t:|1782578888\n|switch|p2a: Jolteon|Jolteon|100/100\n|move|p1a: Zapdos|Drill Peck|p2a: Jolteon\n|-resisted|p2a: Jolteon\n|-damage|p2a: Jolteon|83/100\n|\n|upkeep\n|turn|21\n|\n|t:|1782578890\n|cant|p1a: Zapdos|par\n|move|p2a: Jolteon|Thunderbolt|p1a: Zapdos\n|-crit|p1a: Zapdos\n|-damage|p1a: Zapdos|49/100 par\n|\n|upkeep\n|turn|22\n|\n|t:|1782578893\n|move|p1a: Zapdos|Thunder Wave|p2a: Jolteon\n|-status|p2a: Jolteon|par\n|cant|p2a: Jolteon|par\n|\n|upkeep\n|turn|23\n|\n|t:|1782578896\n|switch|p1a: Gengar|Gengar|25/100\n|move|p2a: Jolteon|Thunderbolt|p1a: Gengar\n|-damage|p1a: Gengar|0 fnt\n|faint|p1a: Gengar\n|\n|t:|1782578899\n|switch|p1a: Snorlax|Snorlax|100/100\n|turn|24\n|\n|t:|1782578901\n|move|p1a: Snorlax|Body Slam|p2a: Jolteon\n|-damage|p2a: Jolteon|37/100 par\n|cant|p2a: Jolteon|par\n|\n|upkeep\n|turn|25\n|\n|t:|1782578904\n|switch|p2a: Tauros|Tauros|100/100\n|move|p1a: Snorlax|Body Slam|p2a: Tauros\n|-damage|p2a: Tauros|68/100\n|\n|upkeep\n|turn|26\n|\n|t:|1782578907\n|move|p2a: Tauros|Body Slam|p1a: Snorlax\n|-damage|p1a: Snorlax|75/100\n|move|p1a: Snorlax|Reflect|p1a: Snorlax\n|-start|p1a: Snorlax|Reflect\n|\n|upkeep\n|turn|27\n|\n|t:|1782578909\n|move|p2a: Tauros|Blizzard|p1a: Snorlax\n|-damage|p1a: Snorlax|57/100\n|-status|p1a: Snorlax|frz\n|cant|p1a: Snorlax|frz\n|\n|upkeep\n|turn|28\n|\n|t:|1782578913\n|switch|p1a: Lapras|Lapras|82/100\n|move|p2a: Tauros|Body Slam|p1a: Lapras\n|-crit|p1a: Lapras\n|-damage|p1a: Lapras|37/100\n|-status|p1a: Lapras|par\n|\n|upkeep\n|turn|29\n|\n|t:|1782578920\n|switch|p2a: Jolteon|Jolteon|37/100 par\n|cant|p1a: Lapras|par\n|\n|upkeep\n|turn|30\n|\n|t:|1782578922\n|move|p2a: Jolteon|Rest|p2a: Jolteon\n|-status|p2a: Jolteon|slp|[from] move: Rest\n|-heal|p2a: Jolteon|100/100 slp|[silent]\n|move|p1a: Lapras|Blizzard|p2a: Jolteon\n|-damage|p2a: Jolteon|64/100 slp\n|\n|upkeep\n|turn|31\n|\n|t:|1782578924\n|switch|p2a: Chansey|Chansey|90/100 par\n|move|p1a: Lapras|Blizzard|p2a: Chansey\n|-damage|p2a: Chansey|70/100 par\n|\n|upkeep\n|turn|32\n|\n|t:|1782578926\n|move|p1a: Lapras|Body Slam|p2a: Chansey\n|-damage|p2a: Chansey|47/100 par\n|move|p2a: Chansey|Seismic Toss|p1a: Lapras\n|-damage|p1a: Lapras|15/100 par\n|\n|upkeep\n|turn|33\n|\n|t:|1782578928\n|move|p1a: Lapras|Hyper Beam|p2a: Chansey\n|-damage|p2a: Chansey|4/100 par\n|-mustrecharge|p1a: Lapras\n|cant|p2a: Chansey|par\n|\n|upkeep\n|turn|34\n|\n|t:|1782578930\n|cant|p1a: Lapras|recharge\n|move|p2a: Chansey|Soft-Boiled|p2a: Chansey\n|-heal|p2a: Chansey|54/100 par\n|\n|upkeep\n|turn|35\n|\n|t:|1782578932\n|move|p1a: Lapras|Hyper Beam|p2a: Chansey|[miss]\n|-miss|p1a: Lapras\n|cant|p2a: Chansey|par\n|\n|upkeep\n|turn|36\n|\n|t:|1782578933\n|move|p1a: Lapras|Hyper Beam|p2a: Chansey\n|-damage|p2a: Chansey|13/100 par\n|-mustrecharge|p1a: Lapras\n|move|p2a: Chansey|Soft-Boiled|p2a: Chansey\n|-heal|p2a: Chansey|63/100 par\n|\n|upkeep\n|turn|37\n|\n|t:|1782578935\n|cant|p1a: Lapras|recharge\n|move|p2a: Chansey|Soft-Boiled|p2a: Chansey\n|-heal|p2a: Chansey|100/100 par\n|\n|upkeep\n|turn|38\n|\n|t:|1782578937\n|move|p1a: Lapras|Hyper Beam|p2a: Chansey\n|-crit|p2a: Chansey\n|-damage|p2a: Chansey|25/100 par\n|-mustrecharge|p1a: Lapras\n|move|p2a: Chansey|Seismic Toss|p1a: Lapras\n|-damage|p1a: Lapras|0 fnt\n|faint|p1a: Lapras\n|\n|t:|1782578938\n|switch|p1a: Tauros|Tauros|100/100\n|turn|39\n|\n|t:|1782578941\n|move|p1a: Tauros|Body Slam|p2a: Chansey\n|-damage|p2a: Chansey|0 fnt\n|faint|p2a: Chansey\n|\n|t:|1782578942\n|switch|p2a: Tauros|Tauros|68/100\n|turn|40\n|\n|t:|1782578945\n|move|p2a: Tauros|Body Slam|p1a: Tauros\n|-damage|p1a: Tauros|71/100\n|move|p1a: Tauros|Body Slam|p2a: Tauros\n|-damage|p2a: Tauros|40/100\n|\n|upkeep\n|turn|41\n|\n|t:|1782578947\n|move|p1a: Tauros|Hyper Beam|p2a: Tauros\n|-damage|p2a: Tauros|0 fnt\n|faint|p2a: Tauros\n|\n|t:|1782578949\n|switch|p2a: Kingler|Kingler|100/100\n|turn|42\n|\n|t:|1782578954\n|move|p1a: Tauros|Body Slam|p2a: Kingler\n|-crit|p2a: Kingler\n|-damage|p2a: Kingler|44/100\n|move|p2a: Kingler|Crabhammer|p1a: Tauros|[miss]\n|-miss|p2a: Kingler\n|\n|upkeep\n|turn|43\n|\n|t:|1782578958\n|move|p1a: Tauros|Hyper Beam|p2a: Kingler\n|-damage|p2a: Kingler|0 fnt\n|faint|p2a: Kingler\n|c|☆Soda Krys|all the shitmons are losing this set holy\n|c|☆Soda Krys|11-16\n|-message|Soda Krys forfeited.\n|\n|win|TG2513\n","uploadtime":1782578974,"views":"68","formatid":"gen1ou","rating":null,"private":0,"password":null}