{"id":"smogtours-gen1ou-906586","format":"[Gen 1] OU","players":["Ct0wn","nicole7735"],"log":"|inactive|Battle timer is ON: inactive players will automatically lose when time's up.\n|t:|1770508309\n|gametype|singles\n|player|p1|Ct0wn|#splxviiclassiest2|\n|player|p2|nicole7735|#splxviiscooters|\n|gen|1\n|tier|[Gen 1] OU\n|rule|Desync Clause Mod: Desyncs changed to move failure.\n|rule|Sleep Clause Mod: Limit one foe put to sleep\n|rule|Freeze Clause Mod: Limit one foe frozen\n|rule|Species Clause: Limit one of each Pokémon\n|rule|OHKO Clause: OHKO moves are banned\n|rule|Evasion Moves Clause: Evasion moves are banned\n|rule|Endless Battle Clause: Forcing endless battles is banned\n|rule|HP Percentage Mod: HP is shown in percentages\n|\n|t:|1770508309\n|teamsize|p1|6\n|teamsize|p2|6\n|start\n|switch|p1a: Alakazam|Alakazam|100/100\n|switch|p2a: Jynx|Jynx|100/100\n|turn|1\n|c|☆Ct0wn|Hf\n|c|☆nicole7735|hf\n|\n|t:|1770508329\n|switch|p1a: Gengar|Gengar|100/100\n|switch|p2a: Chansey|Chansey|100/100\n|\n|upkeep\n|turn|2\n|\n|t:|1770508359\n|switch|p2a: Jynx|Jynx|100/100\n|move|p1a: Gengar|Explosion|p2a: Jynx\n|-crit|p2a: Jynx\n|-damage|p2a: Jynx|0 fnt\n|faint|p2a: Jynx\n|faint|p1a: Gengar\n|\n|t:|1770508371\n|switch|p1a: Jynx|Jynx|100/100\n|switch|p2a: Tauros|Tauros|100/100\n|turn|3\n|\n|t:|1770508378\n|move|p2a: Tauros|Body Slam|p1a: Jynx\n|-damage|p1a: Jynx|45/100\n|-status|p1a: Jynx|par\n|move|p1a: Jynx|Lovely Kiss|p2a: Tauros\n|-status|p2a: Tauros|slp|[from] move: Lovely Kiss\n|\n|upkeep\n|turn|4\n|\n|t:|1770508394\n|switch|p2a: Chansey|Chansey|100/100\n|move|p1a: Jynx|Blizzard|p2a: Chansey\n|-damage|p2a: Chansey|83/100\n|-status|p2a: Chansey|frz\n|\n|upkeep\n|turn|5\n|inactive|nicole7735 has 270 seconds left.\n|rated|Smogon Premier League\n|\n|t:|1770508435\n|switch|p2a: Starmie|Starmie|100/100\n|switch|p1a: Chansey|Chansey|100/100\n|\n|upkeep\n|turn|6\n|\n|t:|1770508440\n|move|p2a: Starmie|Thunder Wave|p1a: Chansey\n|-status|p1a: Chansey|par\n|move|p1a: Chansey|Thunder Wave|p2a: Starmie\n|-status|p2a: Starmie|par\n|\n|upkeep\n|turn|7\n|inactive|nicole7735 has 240 seconds left.\n|inactive|nicole7735 has 210 seconds left.\n|\n|t:|1770508502\n|switch|p2a: Rhydon|Rhydon|100/100\n|move|p1a: Chansey|Reflect|p1a: Chansey\n|-start|p1a: Chansey|Reflect\n|\n|upkeep\n|turn|8\n|inactive|nicole7735 has 210 seconds left.\n|\n|t:|1770508519\n|move|p2a: Rhydon|Substitute|p2a: Rhydon\n|-start|p2a: Rhydon|Substitute\n|-damage|p2a: Rhydon|76/100\n|move|p1a: Chansey|Seismic Toss|p2a: Rhydon\n|-activate|p2a: Rhydon|Substitute|[damage]\n|\n|upkeep\n|turn|9\n|\n|t:|1770508522\n|move|p2a: Rhydon|Earthquake|p1a: Chansey\n|-damage|p1a: Chansey|74/100 par\n|move|p1a: Chansey|Seismic Toss|p2a: Rhydon\n|-end|p2a: Rhydon|Substitute\n|\n|upkeep\n|turn|10\n|\n|t:|1770508527\n|move|p2a: Rhydon|Substitute|p2a: Rhydon\n|-start|p2a: Rhydon|Substitute\n|-damage|p2a: Rhydon|51/100\n|move|p1a: Chansey|Seismic Toss|p2a: Rhydon\n|-activate|p2a: Rhydon|Substitute|[damage]\n|\n|upkeep\n|turn|11\n|\n|t:|1770508530\n|move|p2a: Rhydon|Earthquake|p1a: Chansey\n|-damage|p1a: Chansey|44/100 par\n|move|p1a: Chansey|Soft-Boiled|p1a: Chansey\n|-heal|p1a: Chansey|94/100 par\n|\n|upkeep\n|turn|12\n|\n|t:|1770508533\n|move|p2a: Rhydon|Earthquake|p1a: Chansey\n|-damage|p1a: Chansey|66/100 par\n|move|p1a: Chansey|Seismic Toss|p2a: Rhydon\n|-end|p2a: Rhydon|Substitute\n|\n|upkeep\n|turn|13\n|\n|t:|1770508555\n|switch|p1a: Tauros|Tauros|100/100\n|move|p2a: Rhydon|Substitute|p2a: Rhydon\n|-start|p2a: Rhydon|Substitute\n|-damage|p2a: Rhydon|26/100\n|\n|upkeep\n|turn|14\n|\n|t:|1770508561\n|move|p1a: Tauros|Earthquake|p2a: Rhydon\n|-supereffective|p2a: Rhydon\n|-end|p2a: Rhydon|Substitute\n|move|p2a: Rhydon|Earthquake|p1a: Tauros\n|-crit|p1a: Tauros\n|-damage|p1a: Tauros|19/100\n|\n|upkeep\n|turn|15\n|inactive|nicole7735 has 240 seconds left.\n|\n|t:|1770508589\n|switch|p2a: Chansey|Chansey|83/100 frz\n|move|p1a: Tauros|Earthquake|p2a: Chansey\n|-damage|p2a: Chansey|50/100 frz\n|\n|upkeep\n|turn|16\n|\n|t:|1770508602\n|move|p1a: Tauros|Earthquake|p2a: Chansey\n|-damage|p2a: Chansey|19/100 frz\n|cant|p2a: Chansey|frz\n|\n|upkeep\n|turn|17\n|\n|t:|1770508617\n|move|p1a: Tauros|Body Slam|p2a: Chansey\n|-crit|p2a: Chansey\n|-damage|p2a: Chansey|0 fnt\n|faint|p2a: Chansey\n|\n|t:|1770508634\n|switch|p2a: Starmie|Starmie|100/100 par\n|turn|18\n|inactive|nicole7735 has 240 seconds left.\n|\n|t:|1770508652\n|switch|p1a: Jynx|Jynx|45/100 par\n|move|p2a: Starmie|Surf|p1a: Jynx\n|-crit|p1a: Jynx\n|-damage|p1a: Jynx|0 fnt\n|faint|p1a: Jynx\n|\n|t:|1770508669\n|switch|p1a: Chansey|Chansey|66/100 par\n|turn|19\n|inactive|nicole7735 has 240 seconds left.\n|\n|t:|1770508700\n|switch|p2a: Rhydon|Rhydon|26/100\n|move|p1a: Chansey|Seismic Toss|p2a: Rhydon\n|-damage|p2a: Rhydon|1/100\n|\n|upkeep\n|turn|20\n|\n|t:|1770508711\n|move|p2a: Rhydon|Rest|p2a: Rhydon\n|-status|p2a: Rhydon|slp|[from] move: Rest\n|-heal|p2a: Rhydon|100/100 slp|[silent]\n|move|p1a: Chansey|Seismic Toss|p2a: Rhydon\n|-damage|p2a: Rhydon|76/100 slp\n|\n|upkeep\n|turn|21\n|\n|t:|1770508720\n|switch|p1a: Tauros|Tauros|19/100\n|cant|p2a: Rhydon|slp\n|\n|upkeep\n|turn|22\n|inactive|nicole7735 has 240 seconds left.\n|inactive|nicole7735 has 210 seconds left.\n|\n|t:|1770508762\n|switch|p2a: Starmie|Starmie|100/100 par\n|move|p1a: Tauros|Earthquake|p2a: Starmie\n|-damage|p2a: Starmie|74/100 par\n|\n|upkeep\n|turn|23\n|inactive|nicole7735 has 210 seconds left.\n|\n|t:|1770508779\n|move|p1a: Tauros|Body Slam|p2a: Starmie\n|-damage|p2a: Starmie|43/100 par\n|cant|p2a: Starmie|par\n|\n|upkeep\n|turn|24\n|\n|t:|1770508813\n|switch|p2a: Tauros|Tauros|100/100 slp\n|move|p1a: Tauros|Earthquake|p2a: Tauros\n|-damage|p2a: Tauros|78/100 slp\n|\n|upkeep\n|turn|25\n|\n|t:|1770508818\n|cant|p2a: Tauros|slp\n|move|p1a: Tauros|Body Slam|p2a: Tauros\n|-damage|p2a: Tauros|48/100 slp\n|\n|upkeep\n|turn|26\n|\n|t:|1770508820\n|cant|p2a: Tauros|slp\n|move|p1a: Tauros|Hyper Beam|p2a: Tauros\n|-damage|p2a: Tauros|0 fnt\n|faint|p2a: Tauros\n|\n|t:|1770508825\n|switch|p2a: Slowbro|Slowbro|100/100\n|turn|27\n|inactive|nicole7735 has 210 seconds left.\n|\n|t:|1770508856\n|switch|p1a: Chansey|Chansey|66/100 par\n|move|p2a: Slowbro|Surf|p1a: Chansey\n|-damage|p1a: Chansey|52/100 par\n|\n|upkeep\n|turn|28\n|\n|t:|1770508872\n|switch|p2a: Starmie|Starmie|43/100 par\n|move|p1a: Chansey|Seismic Toss|p2a: Starmie\n|-damage|p2a: Starmie|12/100 par\n|\n|upkeep\n|turn|29\n|\n|t:|1770508889\n|switch|p1a: Tauros|Tauros|19/100\n|cant|p2a: Starmie|par\n|\n|upkeep\n|turn|30\n|inactive|nicole7735 has 180 seconds left.\n|\n|t:|1770508931\n|move|p1a: Tauros|Body Slam|p2a: Starmie\n|-damage|p2a: Starmie|0 fnt\n|faint|p2a: Starmie\n|\n|t:|1770508933\n|switch|p2a: Slowbro|Slowbro|100/100\n|turn|31\n|\n|t:|1770508942\n|switch|p1a: Chansey|Chansey|52/100 par\n|move|p2a: Slowbro|Surf|p1a: Chansey\n|-crit|p1a: Chansey\n|-damage|p1a: Chansey|25/100 par\n|\n|upkeep\n|turn|32\n|inactive|nicole7735 has 180 seconds left.\n|\n|t:|1770508960\n|move|p2a: Slowbro|Amnesia|p2a: Slowbro\n|-boost|p2a: Slowbro|spa|2\n|-boost|p2a: Slowbro|spd|2\n|move|p1a: Chansey|Seismic Toss|p2a: Slowbro\n|-damage|p2a: Slowbro|75/100\n|\n|upkeep\n|turn|33\n|inactive|nicole7735 has 180 seconds left.\n|inactive|nicole7735 has 150 seconds left.\n|\n|t:|1770509000\n|move|p2a: Slowbro|Surf|p1a: Chansey\n|-damage|p1a: Chansey|0 fnt\n|faint|p1a: Chansey\n|\n|t:|1770509016\n|switch|p1a: Alakazam|Alakazam|100/100\n|turn|34\n|\n|t:|1770509020\n|move|p1a: Alakazam|Thunder Wave|p2a: Slowbro\n|-status|p2a: Slowbro|par\n|move|p2a: Slowbro|Thunder Wave|p1a: Alakazam\n|-status|p1a: Alakazam|par\n|\n|upkeep\n|turn|35\n|\n|t:|1770509023\n|switch|p1a: Snorlax|Snorlax|100/100\n|cant|p2a: Slowbro|par\n|\n|upkeep\n|turn|36\n|\n|t:|1770509039\n|move|p1a: Snorlax|Body Slam|p2a: Slowbro\n|-damage|p2a: Slowbro|48/100 par\n|cant|p2a: Slowbro|par\n|\n|upkeep\n|turn|37\n|\n|t:|1770509051\n|move|p1a: Snorlax|Body Slam|p2a: Slowbro\n|-damage|p2a: Slowbro|24/100 par\n|move|p2a: Slowbro|Thunder Wave|p1a: Snorlax\n|-status|p1a: Snorlax|par\n|\n|upkeep\n|turn|38\n|\n|t:|1770509061\n|cant|p2a: Slowbro|par\n|move|p1a: Snorlax|Self-Destruct|p2a: Slowbro\n|-damage|p2a: Slowbro|0 fnt\n|faint|p2a: Slowbro\n|faint|p1a: Snorlax\n|\n|t:|1770509064\n|switch|p1a: Tauros|Tauros|19/100\n|switch|p2a: Rhydon|Rhydon|76/100 slp\n|turn|39\n|\n|t:|1770509068\n|move|p1a: Tauros|Earthquake|p2a: Rhydon\n|-supereffective|p2a: Rhydon\n|-damage|p2a: Rhydon|43/100 slp\n|-curestatus|p2a: Rhydon|slp|[msg]\n|\n|upkeep\n|turn|40\n|\n|t:|1770509070\n|move|p1a: Tauros|Blizzard|p2a: Rhydon\n|-supereffective|p2a: Rhydon\n|-damage|p2a: Rhydon|0 fnt\n|faint|p2a: Rhydon\n|\n|win|Ct0wn\n|c|☆nicole7735|ggs\n|c|☆Ct0wn|Ggs\n|c|☆Ct0wn|sorry for this one\n","uploadtime":1770509070,"views":"1034","formatid":"gen1ou","rating":null,"private":0,"password":null}