{"id":"smogtours-gen1ou-967660","format":"[Gen 1] OU","players":["LNumbers","oligen1"],"log":"|inactive|Battle timer is ON: inactive players will automatically lose when time's up.\n|t:|1788122033\n|gametype|singles\n|player|p1|LNumbers|#rbywc2026|\n|player|p2|oligen1|blue-gen1rbtwo|\n|gen|1\n|tier|[Gen 1] OU\n|rule|Desync Clause Mod: Desyncs resolve to link battle behavior from the acting player's perspective.\n|rule|HP Percentage Mod: HP is shown in percentages\n|rule|Endless Battle Clause: Forcing endless battles is banned\n|rule|Sleep Clause Mod: Limit one foe put to sleep\n|rule|Freeze Clause Mod: Limit one foe frozen\n|rule|Species Clause: Limit one of each Pokémon\n|rule|OHKO Clause: OHKO moves are banned\n|rule|Evasion Moves Clause: Evasion moves are banned\n|\n|t:|1788122033\n|teamsize|p1|6\n|teamsize|p2|6\n|start\n|switch|p1a: Gengar|Gengar|100/100\n|switch|p2a: Alakazam|Alakazam|100/100\n|turn|1\n|inactive|oligen1 also wants the timer to be on.\n|c|☆LNumbers|hf\n|c|☆oligen1|Enjoy :-)\n|\n|t:|1788122047\n|switch|p1a: Exeggutor|Exeggutor|100/100\n|move|p2a: Alakazam|Psychic|p1a: Exeggutor\n|-resisted|p1a: Exeggutor\n|-damage|p1a: Exeggutor|87/100\n|\n|upkeep\n|turn|2\n|\n|t:|1788122054\n|move|p2a: Alakazam|Seismic Toss|p1a: Exeggutor\n|-damage|p1a: Exeggutor|62/100\n|move|p1a: Exeggutor|Sleep Powder|p2a: Alakazam\n|-status|p2a: Alakazam|slp|[from] move: Sleep Powder\n|\n|upkeep\n|turn|3\n|\n|t:|1788122064\n|cant|p2a: Alakazam|slp\n|move|p1a: Exeggutor|Stun Spore|p2a: Alakazam\n|-fail|p2a: Alakazam\n|\n|upkeep\n|turn|4\n|\n|t:|1788122082\n|cant|p2a: Alakazam|slp\n|move|p1a: Exeggutor|Stun Spore|p2a: Alakazam\n|-fail|p2a: Alakazam\n|\n|upkeep\n|turn|5\n|\n|t:|1788122089\n|switch|p2a: Exeggutor|Exeggutor|100/100\n|move|p1a: Exeggutor|Psychic|p2a: Exeggutor\n|-resisted|p2a: Exeggutor\n|-damage|p2a: Exeggutor|88/100\n|\n|upkeep\n|turn|6\n|inactive|LNumbers has 270 seconds left.\n|inactive|LNumbers has 240 seconds left.\n|inactive|LNumbers has 210 seconds left.\n|\n|t:|1788122198\n|move|p1a: Exeggutor|Explosion|p2a: Exeggutor\n|-damage|p2a: Exeggutor|18/100\n|faint|p1a: Exeggutor\n|\n|t:|1788122201\n|switch|p1a: Tauros|Tauros|100/100\n|turn|7\n|\n|t:|1788122220\n|switch|p2a: Starmie|Starmie|100/100\n|move|p1a: Tauros|Body Slam|p2a: Starmie\n|-crit|p2a: Starmie\n|-damage|p2a: Starmie|35/100\n|\n|upkeep\n|turn|8\n|inactive|LNumbers has 210 seconds left.\n|inactive|LNumbers has 180 seconds left.\n|\n|t:|1788122261\n|move|p2a: Starmie|Thunder Wave|p1a: Tauros\n|-status|p1a: Tauros|par\n|move|p1a: Tauros|Thunderbolt|p2a: Starmie\n|-crit|p2a: Starmie\n|-supereffective|p2a: Starmie\n|-damage|p2a: Starmie|0 fnt\n|faint|p2a: Starmie\n|\n|t:|1788122271\n|switch|p2a: Snorlax|Snorlax|100/100\n|turn|9\n|inactive|LNumbers has 180 seconds left.\n|inactive|LNumbers has 150 seconds left.\n|inactive|LNumbers has 120 seconds left.\n|\n|t:|1788122373\n|switch|p1a: Snorlax|Snorlax|100/100\n|move|p2a: Snorlax|Reflect|p2a: Snorlax\n|-start|p2a: Snorlax|Reflect\n|\n|upkeep\n|turn|10\n|\n|t:|1788122387\n|switch|p1a: Gengar|Gengar|100/100\n|move|p2a: Snorlax|Body Slam|p1a: Gengar\n|-immune|p1a: Gengar\n|\n|upkeep\n|turn|11\n|inactive|LNumbers has 90 seconds left.\n|\n|t:|1788122412\n|move|p1a: Gengar|Psychic|p2a: Snorlax\n|-damage|p2a: Snorlax|79/100\n|move|p2a: Snorlax|Body Slam|p1a: Gengar\n|-immune|p1a: Gengar\n|\n|upkeep\n|turn|12\n|inactive|LNumbers has 90 seconds left.\n|\n|t:|1788122420\n|move|p1a: Gengar|Psychic|p2a: Snorlax\n|-damage|p2a: Snorlax|58/100\n|-unboost|p2a: Snorlax|spa|1\n|-unboost|p2a: Snorlax|spd|1\n|move|p2a: Snorlax|Earthquake|p1a: Gengar\n|-supereffective|p1a: Gengar\n|-damage|p1a: Gengar|26/100\n|\n|upkeep\n|turn|13\n|inactive|LNumbers has 90 seconds left.\n|inactive|LNumbers has 60 seconds left.\n|\n|t:|1788122473\n|switch|p1a: Zapdos|Zapdos|100/100\n|move|p2a: Snorlax|Earthquake|p1a: Zapdos\n|-immune|p1a: Zapdos\n|\n|upkeep\n|turn|14\n|\n|t:|1788122485\n|switch|p2a: Chansey|Chansey|100/100\n|move|p1a: Zapdos|Thunderbolt|p2a: Chansey\n|-damage|p2a: Chansey|83/100\n|\n|upkeep\n|turn|15\n|\n|t:|1788122502\n|move|p1a: Zapdos|Thunder Wave|p2a: Chansey\n|-status|p2a: Chansey|par\n|move|p2a: Chansey|Thunder Wave|p1a: Zapdos\n|-status|p1a: Zapdos|par\n|\n|upkeep\n|turn|16\n|inactive|LNumbers has 60 seconds left.\n|\n|t:|1788122522\n|switch|p1a: Tauros|Tauros|100/100 par\n|move|p2a: Chansey|Ice Beam|p1a: Tauros\n|-damage|p1a: Tauros|75/100 par\n|\n|upkeep\n|turn|17\n|\n|t:|1788122528\n|switch|p2a: Snorlax|Snorlax|58/100\n|move|p1a: Tauros|Body Slam|p2a: Snorlax\n|-crit|p2a: Snorlax\n|-damage|p2a: Snorlax|12/100\n|\n|upkeep\n|turn|18\n|\n|t:|1788122539\n|switch|p1a: Starmie|Starmie|100/100\n|move|p2a: Snorlax|Rest|p2a: Snorlax\n|-status|p2a: Snorlax|slp|[from] move: Rest\n|-heal|p2a: Snorlax|100/100 slp|[silent]\n|\n|upkeep\n|turn|19\n|\n|t:|1788122549\n|move|p1a: Starmie|Psychic|p2a: Snorlax\n|-damage|p2a: Snorlax|72/100 slp\n|-unboost|p2a: Snorlax|spa|1\n|-unboost|p2a: Snorlax|spd|1\n|cant|p2a: Snorlax|slp\n|\n|upkeep\n|turn|20\n|\n|t:|1788122565\n|switch|p2a: Chansey|Chansey|83/100 par\n|move|p1a: Starmie|Psychic|p2a: Chansey\n|-damage|p2a: Chansey|70/100 par\n|\n|upkeep\n|turn|21\n|\n|t:|1788122575\n|switch|p2a: Snorlax|Snorlax|72/100 slp\n|move|p1a: Starmie|Psychic|p2a: Snorlax\n|-crit|p2a: Snorlax\n|-damage|p2a: Snorlax|25/100 slp\n|\n|upkeep\n|turn|22\n|\n|t:|1788122585\n|switch|p2a: Chansey|Chansey|70/100 par\n|move|p1a: Starmie|Psychic|p2a: Chansey\n|-damage|p2a: Chansey|54/100 par\n|\n|upkeep\n|turn|23\n|\n|t:|1788122595\n|switch|p1a: Snorlax|Snorlax|100/100\n|move|p2a: Chansey|Soft-Boiled|p2a: Chansey\n|-heal|p2a: Chansey|100/100 par\n|\n|upkeep\n|turn|24\n|inactive|LNumbers has 90 seconds left.\n|\n|t:|1788122610\n|move|p1a: Snorlax|Earthquake|p2a: Chansey\n|-damage|p2a: Chansey|66/100 par\n|move|p2a: Chansey|Thunder Wave|p1a: Snorlax\n|-status|p1a: Snorlax|par\n|\n|upkeep\n|turn|25\n|\n|t:|1788122638\n|switch|p2a: Alakazam|Alakazam|100/100 slp\n|cant|p1a: Snorlax|par\n|\n|upkeep\n|turn|26\n|\n|t:|1788122643\n|cant|p2a: Alakazam|slp\n|move|p1a: Snorlax|Body Slam|p2a: Alakazam\n|-damage|p2a: Alakazam|50/100 slp\n|\n|upkeep\n|turn|27\n|\n|t:|1788122649\n|cant|p2a: Alakazam|slp\n|move|p1a: Snorlax|Body Slam|p2a: Alakazam\n|-crit|p2a: Alakazam\n|-damage|p2a: Alakazam|0 fnt\n|faint|p2a: Alakazam\n|\n|t:|1788122655\n|switch|p2a: Exeggutor|Exeggutor|18/100\n|turn|28\n|inactive|LNumbers has 120 seconds left.\n|inactive|LNumbers has 90 seconds left.\n|\n|t:|1788122702\n|move|p2a: Exeggutor|Psychic|p1a: Snorlax\n|-crit|p1a: Snorlax\n|-damage|p1a: Snorlax|45/100 par\n|cant|p1a: Snorlax|par\n|\n|upkeep\n|turn|29\n|inactive|LNumbers has 60 seconds left.\n|\n|t:|1788122736\n|move|p2a: Exeggutor|Psychic|p1a: Snorlax\n|-crit|p1a: Snorlax\n|-damage|p1a: Snorlax|0 fnt\n|faint|p1a: Snorlax\n|c|☆LNumbers|bruh\n|inactive|LNumbers has 60 seconds left.\n|\n|t:|1788122748\n|switch|p1a: Gengar|Gengar|26/100\n|turn|30\n|inactive|LNumbers has 60 seconds left.\n|\n|t:|1788122760\n|move|p1a: Gengar|Night Shade|p2a: Exeggutor\n|-damage|p2a: Exeggutor|0 fnt\n|faint|p2a: Exeggutor\n|\n|t:|1788122767\n|switch|p2a: Tauros|Tauros|100/100\n|turn|31\n|inactive|oligen1 has 270 seconds left.\n|\n|t:|1788122789\n|switch|p1a: Starmie|Starmie|100/100\n|move|p2a: Tauros|Blizzard|p1a: Starmie\n|-resisted|p1a: Starmie\n|-damage|p1a: Starmie|90/100\n|\n|upkeep\n|turn|32\n|\n|t:|1788122801\n|switch|p2a: Chansey|Chansey|66/100 par\n|move|p1a: Starmie|Psychic|p2a: Chansey\n|-damage|p2a: Chansey|52/100 par\n|-unboost|p2a: Chansey|spa|1\n|-unboost|p2a: Chansey|spd|1\n|\n|upkeep\n|turn|33\n|\n|t:|1788122819\n|switch|p1a: Tauros|Tauros|75/100 par\n|move|p2a: Chansey|Soft-Boiled|p2a: Chansey\n|-heal|p2a: Chansey|100/100 par\n|\n|upkeep\n|turn|34\n|\n|t:|1788122828\n|switch|p2a: Snorlax|Snorlax|25/100 slp\n|move|p1a: Tauros|Body Slam|p2a: Snorlax\n|-crit|p2a: Snorlax\n|-damage|p2a: Snorlax|0 fnt\n|faint|p2a: Snorlax\n|\n|t:|1788122834\n|switch|p2a: Tauros|Tauros|100/100\n|turn|35\n|inactive|LNumbers has 60 seconds left.\n|inactive|LNumbers has 30 seconds left.\n|inactive|LNumbers has 20 seconds left.\n|inactive|LNumbers has 15 seconds left.\n|inactive|LNumbers has 10 seconds left.\n|inactive|LNumbers has 5 seconds left.\n|\n|t:|1788122923\n|switch|p1a: Starmie|Starmie|90/100\n|move|p2a: Tauros|Body Slam|p1a: Starmie\n|-damage|p1a: Starmie|56/100\n|\n|upkeep\n|turn|36\n|inactive|LNumbers has 15 seconds left this turn.\n|inactive|LNumbers has 10 seconds left.\n|\n|t:|1788122929\n|move|p1a: Starmie|Recover|p1a: Starmie\n|-heal|p1a: Starmie|100/100\n|move|p2a: Tauros|Body Slam|p1a: Starmie\n|-crit|p1a: Starmie\n|-damage|p1a: Starmie|35/100\n|\n|upkeep\n|turn|37\n|inactive|LNumbers has 20 seconds left this turn.\n|inactive|LNumbers has 15 seconds left.\n|\n|t:|1788122940\n|switch|p2a: Chansey|Chansey|100/100 par\n|move|p1a: Starmie|Thunder Wave|p2a: Chansey\n|-fail|p2a: Chansey|par\n|\n|upkeep\n|turn|38\n|inactive|LNumbers has 25 seconds left this turn.\n|inactive|LNumbers has 20 seconds left.\n|\n|t:|1788122956\n|switch|p1a: Gengar|Gengar|26/100\n|move|p2a: Chansey|Thunderbolt|p1a: Gengar\n|-damage|p1a: Gengar|7/100\n|\n|upkeep\n|turn|39\n|inactive|LNumbers has 30 seconds left this turn.\n|\n|t:|1788122964\n|switch|p2a: Tauros|Tauros|100/100\n|move|p1a: Gengar|Explosion|p2a: Tauros\n|-damage|p2a: Tauros|38/100\n|faint|p1a: Gengar\n|inactive|LNumbers has 30 seconds left this turn.\n|\n|t:|1788122967\n|switch|p1a: Starmie|Starmie|35/100\n|turn|40\n|inactive|LNumbers has 30 seconds left.\n|inactive|oligen1 has 270 seconds left.\n|\n|t:|1788122998\n|switch|p2a: Chansey|Chansey|100/100 par\n|move|p1a: Starmie|Recover|p1a: Starmie\n|-heal|p1a: Starmie|85/100\n|\n|upkeep\n|turn|41\n|inactive|LNumbers has 30 seconds left.\n|inactive|oligen1 has 270 seconds left.\n|inactive|LNumbers has 20 seconds left.\n|inactive|LNumbers has 15 seconds left.\n|\n|t:|1788123019\n|switch|p1a: Zapdos|Zapdos|100/100 par\n|move|p2a: Chansey|Thunderbolt|p1a: Zapdos\n|-damage|p1a: Zapdos|83/100 par\n|\n|upkeep\n|turn|42\n|inactive|LNumbers has 25 seconds left this turn.\n|\n|t:|1788123024\n|move|p1a: Zapdos|Drill Peck|p2a: Chansey\n|-crit|p2a: Chansey\n|-damage|p2a: Chansey|38/100 par\n|move|p2a: Chansey|Ice Beam|p1a: Zapdos\n|-supereffective|p1a: Zapdos\n|-damage|p1a: Zapdos|48/100 par\n|\n|upkeep\n|turn|43\n|\n|t:|1788123034\n|move|p1a: Zapdos|Drill Peck|p2a: Chansey\n|-damage|p2a: Chansey|5/100 par\n|cant|p2a: Chansey|par\n|\n|upkeep\n|turn|44\n|\n|t:|1788123040\n|cant|p1a: Zapdos|par\n|move|p2a: Chansey|Soft-Boiled|p2a: Chansey\n|-heal|p2a: Chansey|55/100 par\n|\n|upkeep\n|turn|45\n|\n|t:|1788123051\n|move|p1a: Zapdos|Drill Peck|p2a: Chansey\n|-damage|p2a: Chansey|23/100 par\n|move|p2a: Chansey|Soft-Boiled|p2a: Chansey\n|-heal|p2a: Chansey|73/100 par\n|\n|upkeep\n|turn|46\n|\n|t:|1788123060\n|cant|p1a: Zapdos|par\n|cant|p2a: Chansey|par\n|\n|upkeep\n|turn|47\n|\n|t:|1788123064\n|move|p1a: Zapdos|Drill Peck|p2a: Chansey\n|-damage|p2a: Chansey|38/100 par\n|move|p2a: Chansey|Soft-Boiled|p2a: Chansey\n|-heal|p2a: Chansey|88/100 par\n|\n|upkeep\n|turn|48\n|inactive|oligen1 has 270 seconds left.\n|\n|t:|1788123106\n|cant|p1a: Zapdos|par\n|move|p2a: Chansey|Soft-Boiled|p2a: Chansey\n|-heal|p2a: Chansey|100/100 par\n|\n|upkeep\n|turn|49\n|\n|t:|1788123111\n|move|p1a: Zapdos|Drill Peck|p2a: Chansey\n|-damage|p2a: Chansey|67/100 par\n|cant|p2a: Chansey|par\n|\n|upkeep\n|turn|50\n|inactive|oligen1 has 270 seconds left.\n|\n|t:|1788123118\n|move|p1a: Zapdos|Drill Peck|p2a: Chansey\n|-damage|p2a: Chansey|31/100 par\n|move|p2a: Chansey|Soft-Boiled|p2a: Chansey\n|-heal|p2a: Chansey|81/100 par\n|\n|upkeep\n|turn|51\n|\n|t:|1788123124\n|cant|p1a: Zapdos|par\n|move|p2a: Chansey|Soft-Boiled|p2a: Chansey\n|-heal|p2a: Chansey|100/100 par\n|\n|upkeep\n|turn|52\n|\n|t:|1788123129\n|move|p1a: Zapdos|Drill Peck|p2a: Chansey\n|-damage|p2a: Chansey|68/100 par\n|move|p2a: Chansey|Ice Beam|p1a: Zapdos\n|-supereffective|p1a: Zapdos\n|-damage|p1a: Zapdos|15/100 par\n|\n|upkeep\n|turn|53\n|inactive|LNumbers has 90 seconds left.\n|\n|t:|1788123169\n|move|p1a: Zapdos|Rest|p1a: Zapdos\n|-status|p1a: Zapdos|slp|[from] move: Rest\n|-heal|p1a: Zapdos|100/100 slp|[silent]\n|cant|p2a: Chansey|par\n|\n|upkeep\n|turn|54\n|\n|t:|1788123176\n|cant|p1a: Zapdos|slp\n|cant|p2a: Chansey|par\n|\n|upkeep\n|turn|55\n|inactive|LNumbers has 90 seconds left.\n|\n|t:|1788123190\n|switch|p1a: Tauros|Tauros|75/100 par\n|cant|p2a: Chansey|par\n|\n|upkeep\n|turn|56\n|\n|t:|1788123198\n|cant|p1a: Tauros|par\n|move|p2a: Chansey|Soft-Boiled|p2a: Chansey\n|-heal|p2a: Chansey|100/100 par\n|\n|upkeep\n|turn|57\n|\n|t:|1788123204\n|move|p1a: Tauros|Body Slam|p2a: Chansey\n|-crit|p2a: Chansey\n|-damage|p2a: Chansey|30/100 par\n|cant|p2a: Chansey|par\n|\n|upkeep\n|turn|58\n|\n|t:|1788123212\n|move|p1a: Tauros|Hyper Beam|p2a: Chansey\n|-damage|p2a: Chansey|0 fnt\n|faint|p2a: Chansey\n|\n|t:|1788123217\n|switch|p2a: Tauros|Tauros|38/100\n|turn|59\n|\n|t:|1788123222\n|move|p2a: Tauros|Body Slam|p1a: Tauros\n|-crit|p1a: Tauros\n|-damage|p1a: Tauros|22/100 par\n|move|p1a: Tauros|Body Slam|p2a: Tauros\n|-damage|p2a: Tauros|9/100\n|\n|upkeep\n|turn|60\n|\n|t:|1788123228\n|move|p2a: Tauros|Body Slam|p1a: Tauros\n|-damage|p1a: Tauros|0 fnt\n|faint|p1a: Tauros\n|\n|t:|1788123230\n|switch|p1a: Starmie|Starmie|85/100\n|turn|61\n|\n|t:|1788123233\n|move|p1a: Starmie|Psychic|p2a: Tauros\n|-damage|p2a: Tauros|0 fnt\n|faint|p2a: Tauros\n|\n|win|LNumbers\n|c|☆LNumbers|ggs\n|c|☆oligen1|ggs wp\n","uploadtime":1788123233,"views":"101","formatid":"gen1ou","rating":null,"private":2,"password":null}