{"id":"smogtours-gen1ou-968731","format":"[Gen 1] OU","players":["LNumbers","Serpi"],"log":"|inactive|Battle timer is ON: inactive players will automatically lose when time's up.\n|t:|1788628021\n|gametype|singles\n|player|p1|LNumbers|#rbywc2026|\n|player|p2|Serpi|#rbywc2023|\n|gen|1\n|tier|[Gen 1] OU\n|rule|Desync Clause Mod: Desyncs resolve to link battle behavior from the acting player's perspective.\n|rule|HP Percentage Mod: HP is shown in percentages\n|rule|Endless Battle Clause: Forcing endless battles is banned\n|rule|Sleep Clause Mod: Limit one foe put to sleep\n|rule|Freeze Clause Mod: Limit one foe frozen\n|rule|Species Clause: Limit one of each Pokémon\n|rule|OHKO Clause: OHKO moves are banned\n|rule|Evasion Moves Clause: Evasion moves are banned\n|\n|t:|1788628021\n|teamsize|p1|6\n|teamsize|p2|6\n|start\n|switch|p1a: Starmie|Starmie|100/100\n|switch|p2a: Exeggutor|Exeggutor|100/100\n|turn|1\n|c|☆Serpi|hf\n|c|☆LNumbers|hf\n|inactive|LNumbers has 270 seconds left.\n|inactive|Serpi has 270 seconds left.\n|\n|t:|1788628071\n|move|p1a: Starmie|Blizzard|p2a: Exeggutor\n|-supereffective|p2a: Exeggutor\n|-damage|p2a: Exeggutor|62/100\n|move|p2a: Exeggutor|Sleep Powder|p1a: Starmie|[miss]\n|-miss|p2a: Exeggutor\n|\n|upkeep\n|turn|2\n|inactive|LNumbers has 270 seconds left.\n|\n|t:|1788628115\n|switch|p2a: Lapras|Lapras|100/100\n|move|p1a: Starmie|Blizzard|p2a: Lapras|[miss]\n|-miss|p1a: Starmie\n|\n|upkeep\n|turn|3\n|inactive|LNumbers has 240 seconds left.\n|inactive|Serpi has 270 seconds left.\n|\n|t:|1788628179\n|move|p1a: Starmie|Thunder Wave|p2a: Lapras\n|-status|p2a: Lapras|par\n|cant|p2a: Lapras|par\n|\n|upkeep\n|turn|4\n|inactive|LNumbers has 210 seconds left.\n|\n|t:|1788628197\n|move|p1a: Starmie|Psychic|p2a: Lapras\n|-damage|p2a: Lapras|77/100 par\n|cant|p2a: Lapras|par\n|\n|upkeep\n|turn|5\n|inactive|Serpi has 270 seconds left.\n|inactive|LNumbers has 210 seconds left.\n|\n|t:|1788628221\n|move|p1a: Starmie|Psychic|p2a: Lapras\n|-damage|p2a: Lapras|54/100 par\n|move|p2a: Lapras|Sing|p1a: Starmie\n|-status|p1a: Starmie|slp|[from] move: Sing\n|\n|upkeep\n|turn|6\n|inactive|Serpi has 270 seconds left.\n|inactive|Serpi has 240 seconds left.\n|inactive|Serpi has 210 seconds left.\n|\n|t:|1788628309\n|switch|p1a: Chansey|Chansey|100/100\n|switch|p2a: Alakazam|Alakazam|100/100\n|\n|upkeep\n|turn|7\n|inactive|LNumbers has 180 seconds left.\n|\n|t:|1788628340\n|move|p2a: Alakazam|Thunder Wave|p1a: Chansey\n|-status|p1a: Chansey|par\n|cant|p1a: Chansey|par\n|\n|upkeep\n|turn|8\n|\n|t:|1788628358\n|switch|p2a: Lapras|Lapras|54/100 par\n|move|p1a: Chansey|Thunder Wave|p2a: Lapras\n|-fail|p2a: Lapras|par\n|\n|upkeep\n|turn|9\n|inactive|Serpi has 180 seconds left.\n|inactive|Serpi has 150 seconds left.\n|\n|t:|1788628430\n|switch|p2a: Alakazam|Alakazam|100/100\n|move|p1a: Chansey|Reflect|p1a: Chansey\n|-start|p1a: Chansey|Reflect\n|\n|upkeep\n|turn|10\n|\n|t:|1788628437\n|move|p2a: Alakazam|Psychic|p1a: Chansey|[miss]\n|-miss|p2a: Alakazam\n|-hint|In Gen 1, moves with 100% accuracy can still miss 1/256 of the time.\n|cant|p1a: Chansey|par\n|\n|upkeep\n|turn|11\n|\n|t:|1788628441\n|move|p2a: Alakazam|Psychic|p1a: Chansey\n|-damage|p1a: Chansey|83/100 par\n|move|p1a: Chansey|Thunder Wave|p2a: Alakazam\n|-status|p2a: Alakazam|par\n|\n|upkeep\n|turn|12\n|\n|t:|1788628448\n|move|p2a: Alakazam|Seismic Toss|p1a: Chansey\n|-damage|p1a: Chansey|69/100 par\n|cant|p1a: Chansey|par\n|\n|upkeep\n|turn|13\n|\n|t:|1788628453\n|cant|p2a: Alakazam|par\n|move|p1a: Chansey|Soft-Boiled|p1a: Chansey\n|-heal|p1a: Chansey|100/100 par\n|\n|upkeep\n|turn|14\n|\n|t:|1788628455\n|cant|p2a: Alakazam|par\n|move|p1a: Chansey|Seismic Toss|p2a: Alakazam\n|-damage|p2a: Alakazam|69/100 par\n|\n|upkeep\n|turn|15\n|\n|t:|1788628458\n|move|p2a: Alakazam|Recover|p2a: Alakazam\n|-heal|p2a: Alakazam|100/100 par\n|cant|p1a: Chansey|par\n|\n|upkeep\n|turn|16\n|\n|t:|1788628462\n|cant|p2a: Alakazam|par\n|move|p1a: Chansey|Seismic Toss|p2a: Alakazam\n|-damage|p2a: Alakazam|69/100 par\n|\n|upkeep\n|turn|17\n|\n|t:|1788628465\n|move|p2a: Alakazam|Recover|p2a: Alakazam\n|-heal|p2a: Alakazam|100/100 par\n|move|p1a: Chansey|Seismic Toss|p2a: Alakazam\n|-damage|p2a: Alakazam|69/100 par\n|\n|upkeep\n|turn|18\n|\n|t:|1788628467\n|cant|p2a: Alakazam|par\n|cant|p1a: Chansey|par\n|\n|upkeep\n|turn|19\n|\n|t:|1788628469\n|cant|p2a: Alakazam|par\n|move|p1a: Chansey|Seismic Toss|p2a: Alakazam\n|-damage|p2a: Alakazam|37/100 par\n|\n|upkeep\n|turn|20\n|inactive|LNumbers has 240 seconds left.\n|inactive|LNumbers has 210 seconds left.\n|\n|t:|1788628521\n|cant|p2a: Alakazam|par\n|cant|p1a: Chansey|par\n|\n|upkeep\n|turn|21\n|inactive|LNumbers has 210 seconds left.\n|\n|t:|1788628531\n|move|p2a: Alakazam|Recover|p2a: Alakazam\n|-heal|p2a: Alakazam|86/100 par\n|move|p1a: Chansey|Seismic Toss|p2a: Alakazam\n|-damage|p2a: Alakazam|54/100 par\n|\n|upkeep\n|turn|22\n|\n|t:|1788628534\n|move|p2a: Alakazam|Recover|p2a: Alakazam\n|-heal|p2a: Alakazam|100/100 par\n|cant|p1a: Chansey|par\n|\n|upkeep\n|turn|23\n|\n|t:|1788628537\n|cant|p2a: Alakazam|par\n|move|p1a: Chansey|Seismic Toss|p2a: Alakazam\n|-damage|p2a: Alakazam|69/100 par\n|\n|upkeep\n|turn|24\n|\n|t:|1788628538\n|move|p2a: Alakazam|Recover|p2a: Alakazam\n|-heal|p2a: Alakazam|100/100 par\n|cant|p1a: Chansey|par\n|\n|upkeep\n|turn|25\n|\n|t:|1788628540\n|move|p2a: Alakazam|Psychic|p1a: Chansey\n|-crit|p1a: Chansey\n|-damage|p1a: Chansey|67/100 par\n|move|p1a: Chansey|Seismic Toss|p2a: Alakazam\n|-damage|p2a: Alakazam|69/100 par\n|\n|upkeep\n|turn|26\n|\n|t:|1788628543\n|move|p2a: Alakazam|Recover|p2a: Alakazam\n|-heal|p2a: Alakazam|100/100 par\n|move|p1a: Chansey|Soft-Boiled|p1a: Chansey\n|-heal|p1a: Chansey|100/100 par\n|\n|upkeep\n|turn|27\n|\n|t:|1788628545\n|move|p2a: Alakazam|Psychic|p1a: Chansey\n|-damage|p1a: Chansey|81/100 par\n|move|p1a: Chansey|Seismic Toss|p2a: Alakazam\n|-damage|p2a: Alakazam|69/100 par\n|\n|upkeep\n|turn|28\n|\n|t:|1788628547\n|move|p2a: Alakazam|Recover|p2a: Alakazam\n|-heal|p2a: Alakazam|100/100 par\n|cant|p1a: Chansey|par\n|\n|upkeep\n|turn|29\n|\n|t:|1788628549\n|move|p2a: Alakazam|Psychic|p1a: Chansey\n|-damage|p1a: Chansey|62/100 par\n|move|p1a: Chansey|Soft-Boiled|p1a: Chansey\n|-heal|p1a: Chansey|100/100 par\n|\n|upkeep\n|turn|30\n|\n|t:|1788628551\n|cant|p2a: Alakazam|par\n|move|p1a: Chansey|Seismic Toss|p2a: Alakazam\n|-damage|p2a: Alakazam|69/100 par\n|\n|upkeep\n|turn|31\n|\n|t:|1788628553\n|move|p2a: Alakazam|Recover|p2a: Alakazam\n|-heal|p2a: Alakazam|100/100 par\n|cant|p1a: Chansey|par\n|\n|upkeep\n|turn|32\n|\n|t:|1788628554\n|move|p2a: Alakazam|Psychic|p1a: Chansey\n|-crit|p1a: Chansey\n|-damage|p1a: Chansey|63/100 par\n|move|p1a: Chansey|Seismic Toss|p2a: Alakazam\n|-damage|p2a: Alakazam|69/100 par\n|\n|upkeep\n|turn|33\n|\n|t:|1788628561\n|cant|p2a: Alakazam|par\n|move|p1a: Chansey|Soft-Boiled|p1a: Chansey\n|-heal|p1a: Chansey|100/100 par\n|\n|upkeep\n|turn|34\n|\n|t:|1788628563\n|move|p2a: Alakazam|Recover|p2a: Alakazam\n|-heal|p2a: Alakazam|100/100 par\n|cant|p1a: Chansey|par\n|\n|upkeep\n|turn|35\n|\n|t:|1788628571\n|move|p2a: Alakazam|Psychic|p1a: Chansey\n|-damage|p1a: Chansey|83/100 par\n|move|p1a: Chansey|Seismic Toss|p2a: Alakazam|[miss]\n|-miss|p1a: Chansey\n|-hint|In Gen 1, moves with 100% accuracy can still miss 1/256 of the time.\n|\n|upkeep\n|turn|36\n|\n|t:|1788628579\n|move|p2a: Alakazam|Psychic|p1a: Chansey\n|-damage|p1a: Chansey|66/100 par\n|move|p1a: Chansey|Seismic Toss|p2a: Alakazam\n|-damage|p2a: Alakazam|69/100 par\n|\n|upkeep\n|turn|37\n|\n|t:|1788628582\n|move|p2a: Alakazam|Psychic|p1a: Chansey\n|-damage|p1a: Chansey|47/100 par\n|move|p1a: Chansey|Soft-Boiled|p1a: Chansey\n|-heal|p1a: Chansey|97/100 par\n|\n|upkeep\n|turn|38\n|\n|t:|1788628586\n|move|p2a: Alakazam|Recover|p2a: Alakazam\n|-heal|p2a: Alakazam|100/100 par\n|move|p1a: Chansey|Seismic Toss|p2a: Alakazam\n|-damage|p2a: Alakazam|69/100 par\n|\n|upkeep\n|turn|39\n|\n|t:|1788628588\n|move|p2a: Alakazam|Recover|p2a: Alakazam\n|-heal|p2a: Alakazam|100/100 par\n|move|p1a: Chansey|Seismic Toss|p2a: Alakazam\n|-damage|p2a: Alakazam|69/100 par\n|\n|upkeep\n|turn|40\n|\n|t:|1788628589\n|move|p2a: Alakazam|Recover|p2a: Alakazam\n|-heal|p2a: Alakazam|100/100 par\n|move|p1a: Chansey|Seismic Toss|p2a: Alakazam\n|-damage|p2a: Alakazam|69/100 par\n|\n|upkeep\n|turn|41\n|\n|t:|1788628591\n|move|p2a: Alakazam|Recover|p2a: Alakazam\n|-heal|p2a: Alakazam|100/100 par\n|move|p1a: Chansey|Seismic Toss|p2a: Alakazam\n|-damage|p2a: Alakazam|69/100 par\n|\n|upkeep\n|turn|42\n|\n|t:|1788628592\n|move|p2a: Alakazam|Recover|p2a: Alakazam\n|-heal|p2a: Alakazam|100/100 par\n|move|p1a: Chansey|Seismic Toss|p2a: Alakazam\n|-damage|p2a: Alakazam|69/100 par\n|\n|upkeep\n|turn|43\n|\n|t:|1788628593\n|cant|p2a: Alakazam|par\n|cant|p1a: Chansey|par\n|\n|upkeep\n|turn|44\n|\n|t:|1788628595\n|move|p2a: Alakazam|Recover|p2a: Alakazam\n|-heal|p2a: Alakazam|100/100 par\n|move|p1a: Chansey|Seismic Toss|p2a: Alakazam\n|-damage|p2a: Alakazam|69/100 par\n|\n|upkeep\n|turn|45\n|\n|t:|1788628596\n|move|p2a: Alakazam|Recover|p2a: Alakazam\n|-heal|p2a: Alakazam|100/100 par\n|cant|p1a: Chansey|par\n|\n|upkeep\n|turn|46\n|\n|t:|1788628599\n|move|p2a: Alakazam|Seismic Toss|p1a: Chansey\n|-damage|p1a: Chansey|83/100 par\n|move|p1a: Chansey|Seismic Toss|p2a: Alakazam\n|-damage|p2a: Alakazam|69/100 par\n|\n|upkeep\n|turn|47\n|\n|t:|1788628602\n|cant|p2a: Alakazam|par\n|move|p1a: Chansey|Seismic Toss|p2a: Alakazam\n|-damage|p2a: Alakazam|37/100 par\n|\n|upkeep\n|turn|48\n|\n|t:|1788628607\n|switch|p1a: Snorlax|Snorlax|100/100\n|move|p2a: Alakazam|Recover|p2a: Alakazam\n|-heal|p2a: Alakazam|86/100 par\n|\n|upkeep\n|turn|49\n|inactive|Serpi has 270 seconds left.\n|\n|t:|1788628650\n|move|p1a: Snorlax|Body Slam|p2a: Alakazam\n|-damage|p2a: Alakazam|28/100 par\n|move|p2a: Alakazam|Thunder Wave|p1a: Snorlax\n|-status|p1a: Snorlax|par\n|\n|upkeep\n|turn|50\n|inactive|Serpi has 240 seconds left.\n|\n|t:|1788628689\n|switch|p2a: Snorlax|Snorlax|100/100\n|switch|p1a: Exeggutor|Exeggutor|100/100\n|\n|upkeep\n|turn|51\n|inactive|Serpi has 240 seconds left.\n|inactive|LNumbers has 270 seconds left.\n|inactive|Serpi has 210 seconds left.\n|inactive|LNumbers has 240 seconds left.\n|inactive|LNumbers has 210 seconds left.\n|\n|t:|1788628773\n|switch|p2a: Exeggutor|Exeggutor|62/100\n|move|p1a: Exeggutor|Sleep Powder|p2a: Exeggutor\n|-status|p2a: Exeggutor|slp|[from] move: Sleep Powder\n|\n|upkeep\n|turn|52\n|inactive|LNumbers has 210 seconds left.\n|inactive|Serpi has 210 seconds left.\n|\n|t:|1788628790\n|switch|p2a: Lapras|Lapras|54/100 par\n|move|p1a: Exeggutor|Double-Edge|p2a: Lapras\n|-crit|p2a: Lapras\n|-damage|p2a: Lapras|16/100 par\n|-damage|p1a: Exeggutor|90/100|[from] Recoil\n|\n|upkeep\n|turn|53\n|\n|t:|1788628798\n|switch|p2a: Exeggutor|Exeggutor|62/100 slp\n|move|p1a: Exeggutor|Psychic|p2a: Exeggutor\n|-resisted|p2a: Exeggutor\n|-damage|p2a: Exeggutor|49/100 slp\n|-unboost|p2a: Exeggutor|spa|1\n|-unboost|p2a: Exeggutor|spd|1\n|\n|upkeep\n|turn|54\n|inactive|LNumbers has 210 seconds left.\n|\n|t:|1788628825\n|move|p1a: Exeggutor|Psychic|p2a: Exeggutor\n|-resisted|p2a: Exeggutor\n|-damage|p2a: Exeggutor|28/100 slp\n|cant|p2a: Exeggutor|slp\n|\n|upkeep\n|turn|55\n|\n|t:|1788628833\n|cant|p2a: Exeggutor|slp\n|move|p1a: Exeggutor|Psychic|p2a: Exeggutor\n|-crit|p2a: Exeggutor\n|-resisted|p2a: Exeggutor\n|-damage|p2a: Exeggutor|2/100 slp\n|\n|upkeep\n|turn|56\n|\n|t:|1788628840\n|switch|p2a: Lapras|Lapras|16/100 par\n|move|p1a: Exeggutor|Psychic|p2a: Lapras\n|-damage|p2a: Lapras|0 fnt\n|faint|p2a: Lapras\n|\n|t:|1788628846\n|switch|p2a: Zapdos|Zapdos|100/100\n|turn|57\n|inactive|LNumbers has 210 seconds left.\n|inactive|Serpi has 210 seconds left.\n|inactive|LNumbers has 180 seconds left.\n|inactive|Serpi has 180 seconds left.\n|inactive|LNumbers has 150 seconds left.\n|\n|t:|1788628933\n|switch|p1a: Snorlax|Snorlax|100/100 par\n|move|p2a: Zapdos|Drill Peck|p1a: Snorlax\n|-damage|p1a: Snorlax|78/100 par\n|\n|upkeep\n|turn|58\n|inactive|Serpi has 180 seconds left.\n|\n|t:|1788628954\n|switch|p2a: Snorlax|Snorlax|100/100\n|move|p1a: Snorlax|Self-Destruct|p2a: Snorlax\n|-damage|p2a: Snorlax|13/100\n|faint|p1a: Snorlax\n|\n|t:|1788628957\n|switch|p1a: Tauros|Tauros|100/100\n|turn|59\n|inactive|Serpi has 180 seconds left.\n|\n|t:|1788628973\n|switch|p2a: Alakazam|Alakazam|28/100 par\n|move|p1a: Tauros|Body Slam|p2a: Alakazam\n|-damage|p2a: Alakazam|0 fnt\n|faint|p2a: Alakazam\n|\n|t:|1788628985\n|switch|p2a: Tauros|Tauros|100/100\n|turn|60\n|inactive|LNumbers has 150 seconds left.\n|inactive|LNumbers has 120 seconds left.\n|\n|t:|1788629027\n|switch|p1a: Starmie|Starmie|100/100 slp\n|move|p2a: Tauros|Body Slam|p1a: Starmie\n|-damage|p1a: Starmie|66/100 slp\n|\n|upkeep\n|turn|61\n|\n|t:|1788629031\n|cant|p1a: Starmie|slp\n|move|p2a: Tauros|Body Slam|p1a: Starmie\n|-crit|p1a: Starmie\n|-damage|p1a: Starmie|0 fnt\n|faint|p1a: Starmie\n|inactive|LNumbers has 120 seconds left.\n|\n|t:|1788629056\n|switch|p1a: Lapras|Lapras|100/100\n|turn|62\n|inactive|LNumbers has 120 seconds left.\n|inactive|Serpi has 180 seconds left.\n|inactive|Serpi has 150 seconds left.\n|\n|t:|1788629119\n|switch|p2a: Exeggutor|Exeggutor|2/100 slp\n|move|p1a: Lapras|Blizzard|p2a: Exeggutor\n|-supereffective|p2a: Exeggutor\n|-damage|p2a: Exeggutor|0 fnt\n|faint|p2a: Exeggutor\n|\n|t:|1788629122\n|switch|p2a: Zapdos|Zapdos|100/100\n|turn|63\n|inactive|LNumbers has 120 seconds left.\n|\n|t:|1788629154\n|switch|p1a: Chansey|Chansey|83/100 par\n|move|p2a: Zapdos|Thunderbolt|p1a: Chansey\n|-damage|p1a: Chansey|64/100 par\n|\n|upkeep\n|turn|64\n|\n|t:|1788629157\n|move|p2a: Zapdos|Drill Peck|p1a: Chansey\n|-damage|p1a: Chansey|30/100 par\n|move|p1a: Chansey|Thunder Wave|p2a: Zapdos\n|-status|p2a: Zapdos|par\n|\n|upkeep\n|turn|65\n|inactive|LNumbers has 120 seconds left.\n|\n|t:|1788629180\n|move|p2a: Zapdos|Agility|p2a: Zapdos\n|-boost|p2a: Zapdos|spe|2\n|cant|p1a: Chansey|par\n|\n|upkeep\n|turn|66\n|\n|t:|1788629186\n|cant|p2a: Zapdos|par\n|move|p1a: Chansey|Seismic Toss|p2a: Zapdos\n|-damage|p2a: Zapdos|74/100 par\n|\n|upkeep\n|turn|67\n|inactive|LNumbers has 120 seconds left.\n|\n|t:|1788629193\n|cant|p2a: Zapdos|par\n|move|p1a: Chansey|Soft-Boiled|p1a: Chansey\n|-heal|p1a: Chansey|80/100 par\n|\n|upkeep\n|turn|68\n|\n|t:|1788629195\n|move|p2a: Zapdos|Drill Peck|p1a: Chansey\n|-damage|p1a: Chansey|45/100 par\n|cant|p1a: Chansey|par\n|\n|upkeep\n|turn|69\n|\n|t:|1788629198\n|move|p2a: Zapdos|Drill Peck|p1a: Chansey\n|-damage|p1a: Chansey|10/100 par\n|move|p1a: Chansey|Seismic Toss|p2a: Zapdos\n|-damage|p2a: Zapdos|48/100 par\n|\n|upkeep\n|turn|70\n|\n|t:|1788629203\n|move|p2a: Zapdos|Drill Peck|p1a: Chansey\n|-crit|p1a: Chansey\n|-damage|p1a: Chansey|0 fnt\n|faint|p1a: Chansey\n|inactive|LNumbers has 150 seconds left.\n|inactive|LNumbers has 120 seconds left.\n|inactive|LNumbers has 90 seconds left.\n|inactive|LNumbers has 60 seconds left.\n|inactive|LNumbers has 30 seconds left.\n|inactive|LNumbers has 20 seconds left.\n|inactive|LNumbers has 15 seconds left.\n|inactive|LNumbers has 10 seconds left.\n|inactive|LNumbers has 5 seconds left.\n|\n|t:|1788629353\n|switch|p1a: Tauros|Tauros|100/100\n|turn|71\n|inactive|LNumbers has 15 seconds left this turn.\n|inactive|LNumbers has 10 seconds left.\n|\n|t:|1788629359\n|cant|p2a: Zapdos|par\n|move|p1a: Tauros|Hyper Beam|p2a: Zapdos\n|-damage|p2a: Zapdos|0 fnt\n|faint|p2a: Zapdos\n|\n|t:|1788629367\n|switch|p2a: Tauros|Tauros|100/100\n|turn|72\n|inactive|LNumbers has 25 seconds left this turn.\n|inactive|LNumbers has 20 seconds left.\n|\n|t:|1788629372\n|move|p2a: Tauros|Blizzard|p1a: Tauros\n|-damage|p1a: Tauros|74/100\n|move|p1a: Tauros|Body Slam|p2a: Tauros\n|-crit|p2a: Tauros\n|-damage|p2a: Tauros|48/100\n|\n|upkeep\n|turn|73\n|inactive|LNumbers has 30 seconds left this turn.\n|\n|t:|1788629375\n|move|p1a: Tauros|Hyper Beam|p2a: Tauros\n|-damage|p2a: Tauros|0 fnt\n|faint|p2a: Tauros\n|\n|t:|1788629377\n|switch|p2a: Snorlax|Snorlax|13/100\n|turn|74\n|c|☆Serpi|gg\n|\n|t:|1788629379\n|move|p1a: Tauros|Body Slam|p2a: Snorlax\n|-damage|p2a: Snorlax|0 fnt\n|faint|p2a: Snorlax\n|\n|win|LNumbers\n|c|☆LNumbers|gg\n|player|p2|\n|c|☆LNumbers|/log LNumbers made the replay of this battle unlisted.\n|player|p1|\n","uploadtime":1788629379,"views":"110","formatid":"gen1ou","rating":null,"private":2,"password":null}