{"id":"smogtours-gen1ou-959285","format":"[Gen 1] OU","players":["LNumbers","squirtlonyourpuffs"],"log":"|inactive|Battle timer is ON: inactive players will automatically lose when time's up.\n|t:|1785089633\n|gametype|singles\n|player|p1|LNumbers|#rbywc2026|\n|player|p2|squirtlonyourpuffs|youngster-gen4dp|\n|gen|1\n|tier|[Gen 1] OU\n|rule|Desync Clause Mod: Desyncs resolve to link battle behavior from the acting player's perspective.\n|rule|HP Percentage Mod: HP is shown in percentages\n|rule|Endless Battle Clause: Forcing endless battles is banned\n|rule|Sleep Clause Mod: Limit one foe put to sleep\n|rule|Freeze Clause Mod: Limit one foe frozen\n|rule|Species Clause: Limit one of each Pokémon\n|rule|OHKO Clause: OHKO moves are banned\n|rule|Evasion Moves Clause: Evasion moves are banned\n|\n|t:|1785089633\n|teamsize|p1|6\n|teamsize|p2|6\n|start\n|switch|p1a: Jynx|Jynx|100/100\n|switch|p2a: Chansey|Chansey|100/100\n|turn|1\n|c|☆LNumbers|hf\n|inactive|LNumbers has 270 seconds left.\n|inactive|squirtlonyourpuffs has 270 seconds left.\n|\n|t:|1785089667\n|switch|p2a: Lapras|Lapras|100/100\n|move|p1a: Jynx|Lovely Kiss|p2a: Lapras\n|-status|p2a: Lapras|slp|[from] move: Lovely Kiss\n|\n|upkeep\n|turn|2\n|\n|t:|1785089680\n|switch|p2a: Chansey|Chansey|100/100\n|move|p1a: Jynx|Blizzard|p2a: Chansey\n|-damage|p2a: Chansey|82/100\n|\n|upkeep\n|turn|3\n|\n|t:|1785089686\n|move|p1a: Jynx|Blizzard|p2a: Chansey\n|-damage|p2a: Chansey|64/100\n|move|p2a: Chansey|Sing|p1a: Jynx|[miss]\n|-miss|p2a: Chansey\n|\n|upkeep\n|turn|4\n|\n|t:|1785089692\n|move|p1a: Jynx|Blizzard|p2a: Chansey|[miss]\n|-miss|p1a: Jynx\n|move|p2a: Chansey|Sing|p1a: Jynx\n|-status|p1a: Jynx|slp|[from] move: Sing\n|\n|upkeep\n|turn|5\n|inactive|LNumbers has 270 seconds left.\n|\n|t:|1785089729\n|switch|p1a: Exeggutor|Exeggutor|100/100\n|move|p2a: Chansey|Soft-Boiled|p2a: Chansey\n|-heal|p2a: Chansey|100/100\n|\n|upkeep\n|turn|6\n|inactive|LNumbers has 270 seconds left.\n|\n|t:|1785089743\n|move|p1a: Exeggutor|Stun Spore|p2a: Chansey\n|-status|p2a: Chansey|par\n|cant|p2a: Chansey|par\n|\n|upkeep\n|turn|7\n|inactive|LNumbers has 270 seconds left.\n|\n|t:|1785089757\n|switch|p1a: Jynx|Jynx|100/100 slp\n|cant|p2a: Chansey|par\n|\n|upkeep\n|turn|8\n|inactive|LNumbers has 270 seconds left.\n|\n|t:|1785089777\n|switch|p1a: Cloyster|Cloyster|100/100\n|move|p2a: Chansey|Seismic Toss|p1a: Cloyster\n|-damage|p1a: Cloyster|67/100\n|\n|upkeep\n|turn|9\n|inactive|LNumbers has 270 seconds left.\n|\n|t:|1785089783\n|move|p1a: Cloyster|Clamp|p2a: Chansey\n|-damage|p2a: Chansey|96/100 par\n|cant|p2a: Chansey|partiallytrapped\n|\n|upkeep\n|turn|10\n|inactive|LNumbers has 270 seconds left.\n|inactive|LNumbers has 240 seconds left.\n|\n|t:|1785089826\n|switch|p2a: Alakazam|Alakazam|100/100\n|move|p1a: Cloyster|Clamp|p2a: Alakazam\n|-damage|p2a: Alakazam|90/100\n|\n|upkeep\n|turn|11\n|inactive|LNumbers has 240 seconds left.\n|inactive|LNumbers has 210 seconds left.\n|\n|t:|1785089885\n|switch|p2a: Cloyster|Cloyster|100/100\n|switch|p1a: Exeggutor|Exeggutor|100/100\n|\n|upkeep\n|turn|12\n|inactive|LNumbers has 180 seconds left.\n|\n|t:|1785089918\n|switch|p1a: Cloyster|Cloyster|67/100\n|move|p2a: Cloyster|Clamp|p1a: Cloyster\n|-resisted|p1a: Cloyster\n|-damage|p1a: Cloyster|60/100\n|\n|upkeep\n|turn|13\n|inactive|LNumbers has 180 seconds left.\n|\n|t:|1785089930\n|switch|p2a: Alakazam|Alakazam|90/100\n|switch|p1a: Starmie|Starmie|100/100\n|\n|upkeep\n|turn|14\n|inactive|LNumbers has 180 seconds left.\n|\n|t:|1785089964\n|switch|p2a: Chansey|Chansey|96/100 par\n|move|p1a: Starmie|Thunder Wave|p2a: Chansey\n|-fail|p2a: Chansey|par\n|\n|upkeep\n|turn|15\n|inactive|squirtlonyourpuffs has 270 seconds left.\n|inactive|LNumbers has 150 seconds left.\n|\n|t:|1785089988\n|switch|p1a: Jynx|Jynx|100/100 slp\n|move|p2a: Chansey|Seismic Toss|p1a: Jynx\n|-damage|p1a: Jynx|70/100 slp\n|\n|upkeep\n|turn|16\n|inactive|squirtlonyourpuffs has 270 seconds left.\n|inactive|LNumbers has 150 seconds left.\n|\n|t:|1785090004\n|switch|p1a: Exeggutor|Exeggutor|100/100\n|move|p2a: Chansey|Thunder Wave|p1a: Exeggutor\n|-status|p1a: Exeggutor|par\n|\n|upkeep\n|turn|17\n|inactive|squirtlonyourpuffs has 270 seconds left.\n|\n|t:|1785090022\n|move|p1a: Exeggutor|Psychic|p2a: Chansey\n|-crit|p2a: Chansey\n|-damage|p2a: Chansey|63/100 par\n|-unboost|p2a: Chansey|spa|1\n|-unboost|p2a: Chansey|spd|1\n|move|p2a: Chansey|Seismic Toss|p1a: Exeggutor\n|-damage|p1a: Exeggutor|75/100 par\n|\n|upkeep\n|turn|18\n|inactive|LNumbers has 150 seconds left.\n|\n|t:|1785090041\n|move|p1a: Exeggutor|Explosion|p2a: Chansey\n|-damage|p2a: Chansey|0 fnt\n|faint|p2a: Chansey\n|faint|p1a: Exeggutor\n|inactive|LNumbers has 150 seconds left.\n|inactive|LNumbers has 120 seconds left.\n|inactive|LNumbers has 90 seconds left.\n|inactive|LNumbers has 60 seconds left.\n|\n|t:|1785090147\n|switch|p1a: Tauros|Tauros|100/100\n|switch|p2a: Alakazam|Alakazam|90/100\n|turn|19\n|\n|t:|1785090169\n|move|p2a: Alakazam|Thunder Wave|p1a: Tauros\n|-status|p1a: Tauros|par\n|move|p1a: Tauros|Body Slam|p2a: Alakazam\n|-damage|p2a: Alakazam|37/100\n|-status|p2a: Alakazam|par\n|\n|upkeep\n|turn|20\n|inactive|squirtlonyourpuffs has 270 seconds left.\n|\n|t:|1785090192\n|move|p2a: Alakazam|Reflect|p2a: Alakazam\n|-start|p2a: Alakazam|Reflect\n|cant|p1a: Tauros|par\n|\n|upkeep\n|turn|21\n|\n|t:|1785090211\n|switch|p1a: Cloyster|Cloyster|60/100\n|move|p2a: Alakazam|Recover|p2a: Alakazam\n|-heal|p2a: Alakazam|87/100 par\n|\n|upkeep\n|turn|22\n|\n|t:|1785090224\n|move|p1a: Cloyster|Clamp|p2a: Alakazam\n|-damage|p2a: Alakazam|77/100 par\n|cant|p2a: Alakazam|partiallytrapped\n|\n|upkeep\n|turn|23\n|\n|t:|1785090238\n|switch|p2a: Cloyster|Cloyster|100/100\n|move|p1a: Cloyster|Clamp|p2a: Cloyster|[miss]\n|-miss|p1a: Cloyster\n|\n|upkeep\n|turn|24\n|\n|t:|1785090243\n|move|p1a: Cloyster|Clamp|p2a: Cloyster|[miss]\n|-miss|p1a: Cloyster\n|move|p2a: Cloyster|Clamp|p1a: Cloyster\n|-resisted|p1a: Cloyster\n|-damage|p1a: Cloyster|53/100\n|\n|upkeep\n|turn|25\n|\n|t:|1785090251\n|switch|p1a: Starmie|Starmie|100/100\n|move|p2a: Cloyster|Clamp|p1a: Starmie\n|-resisted|p1a: Starmie\n|-damage|p1a: Starmie|94/100\n|\n|upkeep\n|turn|26\n|\n|t:|1785090263\n|switch|p2a: Alakazam|Alakazam|77/100 par\n|\n|upkeep\n|turn|27\n|inactive|LNumbers has 60 seconds left.\n|\n|t:|1785090284\n|move|p1a: Starmie|Blizzard|p2a: Alakazam\n|-crit|p2a: Alakazam\n|-damage|p2a: Alakazam|33/100 par\n|cant|p2a: Alakazam|par\n|\n|upkeep\n|turn|28\n|inactive|LNumbers has 60 seconds left.\n|\n|t:|1785090314\n|switch|p1a: Tauros|Tauros|100/100 par\n|move|p2a: Alakazam|Recover|p2a: Alakazam\n|-heal|p2a: Alakazam|83/100 par\n|\n|upkeep\n|turn|29\n|\n|t:|1785090321\n|switch|p2a: Cloyster|Cloyster|100/100\n|move|p1a: Tauros|Body Slam|p2a: Cloyster\n|-damage|p2a: Cloyster|79/100\n|\n|upkeep\n|turn|30\n|\n|t:|1785090333\n|switch|p1a: Cloyster|Cloyster|53/100\n|move|p2a: Cloyster|Clamp|p1a: Cloyster\n|-resisted|p1a: Cloyster\n|-damage|p1a: Cloyster|47/100\n|\n|upkeep\n|turn|31\n|\n|t:|1785090351\n|switch|p1a: Starmie|Starmie|94/100\n|move|p2a: Cloyster|Clamp|p1a: Starmie|[miss]\n|-miss|p2a: Cloyster\n|\n|upkeep\n|turn|32\n|inactive|LNumbers has 30 seconds left.\n|inactive|squirtlonyourpuffs has 270 seconds left.\n|inactive|LNumbers has 20 seconds left.\n|inactive|LNumbers has 15 seconds left.\n|inactive|LNumbers has 10 seconds left.\n|\n|t:|1785090403\n|switch|p1a: Snorlax|Snorlax|100/100\n|switch|p2a: Lapras|Lapras|100/100 slp\n|\n|upkeep\n|turn|33\n|inactive|LNumbers has 20 seconds left this turn.\n|inactive|squirtlonyourpuffs has 240 seconds left.\n|\n|t:|1785090447\n|switch|p2a: Rhydon|Rhydon|100/100\n|move|p1a: Snorlax|Body Slam|p2a: Rhydon\n|-resisted|p2a: Rhydon\n|-damage|p2a: Rhydon|89/100\n|\n|upkeep\n|turn|34\n|inactive|LNumbers has 30 seconds left this turn.\n|inactive|LNumbers has 20 seconds left.\n|inactive|LNumbers has 15 seconds left.\n|inactive|LNumbers has 10 seconds left.\n|\n|t:|1785090469\n|move|p2a: Rhydon|Earthquake|p1a: Snorlax\n|-damage|p1a: Snorlax|65/100\n|move|p1a: Snorlax|Earthquake|p2a: Rhydon\n|-supereffective|p2a: Rhydon\n|-damage|p2a: Rhydon|50/100\n|\n|upkeep\n|turn|35\n|inactive|LNumbers has 20 seconds left this turn.\n|\n|t:|1785090472\n|switch|p1a: Starmie|Starmie|94/100\n|move|p2a: Rhydon|Earthquake|p1a: Starmie\n|-damage|p1a: Starmie|44/100\n|\n|upkeep\n|turn|36\n|inactive|LNumbers has 30 seconds left this turn.\n|inactive|LNumbers has 20 seconds left.\n|inactive|squirtlonyourpuffs has 240 seconds left.\n|inactive|LNumbers has 15 seconds left.\n|inactive|LNumbers has 10 seconds left.\n|\n|t:|1785090494\n|switch|p2a: Alakazam|Alakazam|83/100 par\n|move|p1a: Starmie|Recover|p1a: Starmie\n|-heal|p1a: Starmie|94/100\n|\n|upkeep\n|turn|37\n|inactive|LNumbers has 20 seconds left this turn.\n|inactive|LNumbers has 15 seconds left.\n|inactive|LNumbers has 10 seconds left.\n|inactive|LNumbers has 5 seconds left.\n|\n|t:|1785090512\n|move|p1a: Starmie|Blizzard|p2a: Alakazam|[miss]\n|-miss|p1a: Starmie\n|cant|p2a: Alakazam|par\n|\n|upkeep\n|turn|38\n|inactive|LNumbers has 15 seconds left this turn.\n|\n|t:|1785090515\n|switch|p1a: Tauros|Tauros|100/100 par\n|move|p2a: Alakazam|Thunder Wave|p1a: Tauros\n|-fail|p1a: Tauros|par\n|\n|upkeep\n|turn|39\n|inactive|LNumbers has 25 seconds left this turn.\n|\n|t:|1785090522\n|switch|p2a: Cloyster|Cloyster|79/100\n|move|p1a: Tauros|Body Slam|p2a: Cloyster\n|-damage|p2a: Cloyster|59/100\n|\n|upkeep\n|turn|40\n|inactive|LNumbers has 30 seconds left.\n|\n|t:|1785090530\n|switch|p1a: Cloyster|Cloyster|47/100\n|move|p2a: Cloyster|Clamp|p1a: Cloyster\n|-resisted|p1a: Cloyster\n|-damage|p1a: Cloyster|40/100\n|\n|upkeep\n|turn|41\n|\n|t:|1785090536\n|move|p2a: Cloyster|Clamp|p1a: Cloyster|[from] Clamp\n|-damage|p1a: Cloyster|34/100\n|\n|upkeep\n|turn|42\n|\n|t:|1785090544\n|switch|p2a: Tauros|Tauros|100/100\n|\n|upkeep\n|turn|43\n|\n|t:|1785090560\n|switch|p1a: Starmie|Starmie|94/100\n|move|p2a: Tauros|Body Slam|p1a: Starmie\n|-damage|p1a: Starmie|58/100\n|\n|upkeep\n|turn|44\n|\n|t:|1785090575\n|switch|p2a: Alakazam|Alakazam|83/100 par\n|move|p1a: Starmie|Recover|p1a: Starmie\n|-heal|p1a: Starmie|100/100\n|\n|upkeep\n|turn|45\n|inactive|LNumbers has 30 seconds left.\n|inactive|LNumbers has 20 seconds left.\n|\n|t:|1785090609\n|switch|p1a: Tauros|Tauros|100/100 par\n|move|p2a: Alakazam|Recover|p2a: Alakazam\n|-heal|p2a: Alakazam|100/100 par\n|\n|upkeep\n|turn|46\n|inactive|LNumbers has 30 seconds left this turn.\n|\n|t:|1785090623\n|switch|p2a: Cloyster|Cloyster|59/100\n|cant|p1a: Tauros|par\n|\n|upkeep\n|turn|47\n|inactive|LNumbers has 30 seconds left.\n|\n|t:|1785090631\n|move|p2a: Cloyster|Clamp|p1a: Tauros\n|-damage|p1a: Tauros|87/100 par\n|cant|p1a: Tauros|partiallytrapped\n|\n|upkeep\n|turn|48\n|\n|t:|1785090635\n|switch|p1a: Starmie|Starmie|100/100\n|move|p2a: Cloyster|Clamp|p1a: Starmie\n|-resisted|p1a: Starmie\n|-damage|p1a: Starmie|95/100\n|\n|upkeep\n|turn|49\n|\n|t:|1785090641\n|switch|p1a: Cloyster|Cloyster|34/100\n|move|p2a: Cloyster|Clamp|p1a: Cloyster\n|-crit|p1a: Cloyster\n|-resisted|p1a: Cloyster\n|-damage|p1a: Cloyster|21/100\n|\n|upkeep\n|turn|50\n|\n|t:|1785090650\n|switch|p1a: Starmie|Starmie|95/100\n|move|p2a: Cloyster|Clamp|p1a: Starmie\n|-resisted|p1a: Starmie\n|-damage|p1a: Starmie|89/100\n|\n|upkeep\n|turn|51\n|\n|t:|1785090658\n|move|p2a: Cloyster|Clamp|p1a: Starmie|[from] Clamp\n|-damage|p1a: Starmie|83/100\n|\n|upkeep\n|turn|52\n|inactive|LNumbers has 60 seconds left.\n|\n|t:|1785090663\n|switch|p1a: Tauros|Tauros|87/100 par\n|switch|p2a: Alakazam|Alakazam|100/100 par\n|\n|upkeep\n|turn|53\n|\n|t:|1785090684\n|switch|p2a: Cloyster|Cloyster|59/100\n|move|p1a: Tauros|Body Slam|p2a: Cloyster\n|-damage|p2a: Cloyster|38/100\n|\n|upkeep\n|turn|54\n|inactive|squirtlonyourpuffs has 270 seconds left.\n|inactive|LNumbers has 60 seconds left.\n|\n|t:|1785090722\n|move|p2a: Cloyster|Blizzard|p1a: Tauros|[miss]\n|-miss|p2a: Cloyster\n|cant|p1a: Tauros|par\n|\n|upkeep\n|turn|55\n|inactive|squirtlonyourpuffs has 270 seconds left.\n|inactive|LNumbers has 30 seconds left.\n|inactive|LNumbers has 20 seconds left.\n|inactive|LNumbers has 15 seconds left.\n|inactive|LNumbers has 10 seconds left.\n|\n|t:|1785090772\n|switch|p1a: Starmie|Starmie|83/100\n|move|p2a: Cloyster|Clamp|p1a: Starmie\n|-resisted|p1a: Starmie\n|-damage|p1a: Starmie|77/100\n|\n|upkeep\n|turn|56\n|inactive|LNumbers has 20 seconds left this turn.\n|inactive|LNumbers has 15 seconds left.\n|inactive|squirtlonyourpuffs has 270 seconds left.\n|\n|t:|1785090784\n|switch|p1a: Cloyster|Cloyster|21/100\n|switch|p2a: Tauros|Tauros|100/100\n|\n|upkeep\n|turn|57\n|inactive|LNumbers has 25 seconds left this turn.\n|inactive|LNumbers has 20 seconds left.\n|\n|t:|1785090792\n|switch|p1a: Jynx|Jynx|70/100 slp\n|move|p2a: Tauros|Body Slam|p1a: Jynx\n|-crit|p1a: Jynx\n|-damage|p1a: Jynx|0 fnt\n|faint|p1a: Jynx\n|inactive|LNumbers has 25 seconds left this turn.\n|\n|t:|1785090795\n|switch|p1a: Starmie|Starmie|77/100\n|turn|58\n|inactive|LNumbers has 30 seconds left.\n|\n|t:|1785090803\n|switch|p1a: Snorlax|Snorlax|65/100\n|move|p2a: Tauros|Body Slam|p1a: Snorlax\n|-damage|p1a: Snorlax|40/100\n|\n|upkeep\n|turn|59\n|inactive|LNumbers has 30 seconds left.\n|inactive|squirtlonyourpuffs has 270 seconds left.\n|\n|t:|1785090843\n|switch|p1a: Starmie|Starmie|77/100\n|move|p2a: Tauros|Body Slam|p1a: Starmie\n|-crit|p1a: Starmie\n|-damage|p1a: Starmie|11/100\n|-status|p1a: Starmie|par\n|\n|upkeep\n|turn|60\n|inactive|squirtlonyourpuffs has 270 seconds left.\n|\n|t:|1785090850\n|move|p2a: Tauros|Body Slam|p1a: Starmie\n|-damage|p1a: Starmie|0 fnt\n|faint|p1a: Starmie\n|\n|t:|1785090852\n|switch|p1a: Snorlax|Snorlax|40/100\n|turn|61\n|inactive|squirtlonyourpuffs has 270 seconds left.\n|\n|t:|1785090871\n|move|p2a: Tauros|Body Slam|p1a: Snorlax\n|-crit|p1a: Snorlax\n|-damage|p1a: Snorlax|0 fnt\n|faint|p1a: Snorlax\n|c|☆LNumbers|well\n|\n|t:|1785090878\n|switch|p1a: Tauros|Tauros|87/100 par\n|turn|62\n|\n|t:|1785090887\n|switch|p2a: Rhydon|Rhydon|50/100\n|cant|p1a: Tauros|par\n|\n|upkeep\n|turn|63\n|\n|t:|1785090893\n|move|p2a: Rhydon|Earthquake|p1a: Tauros\n|-crit|p1a: Tauros\n|-damage|p1a: Tauros|2/100 par\n|move|p1a: Tauros|Earthquake|p2a: Rhydon\n|-supereffective|p2a: Rhydon\n|-damage|p2a: Rhydon|15/100\n|\n|upkeep\n|turn|64\n|\n|t:|1785090898\n|move|p2a: Rhydon|Earthquake|p1a: Tauros\n|-damage|p1a: Tauros|0 fnt\n|faint|p1a: Tauros\n|\n|t:|1785090899\n|switch|p1a: Cloyster|Cloyster|21/100\n|turn|65\n|\n|t:|1785090926\n|move|p1a: Cloyster|Rest|p1a: Cloyster\n|-status|p1a: Cloyster|slp|[from] move: Rest\n|-heal|p1a: Cloyster|100/100 slp|[silent]\n|move|p2a: Rhydon|Earthquake|p1a: Cloyster\n|-crit|p1a: Cloyster\n|-damage|p1a: Cloyster|36/100 slp\n|\n|upkeep\n|turn|66\n|c|☆LNumbers|gg\n|\n|t:|1785090932\n|cant|p1a: Cloyster|slp\n|move|p2a: Rhydon|Earthquake|p1a: Cloyster\n|-damage|p1a: Cloyster|6/100 slp\n|\n|upkeep\n|turn|67\n|c|☆LNumbers|/log LNumbers made the replay of this battle unlisted.\n|\n|t:|1785090936\n|-curestatus|p1a: Cloyster|slp|[msg]\n|move|p2a: Rhydon|Earthquake|p1a: Cloyster\n|-damage|p1a: Cloyster|0 fnt\n|faint|p1a: Cloyster\n|\n|win|squirtlonyourpuffs\n|player|p1|\n","uploadtime":1785090936,"views":"85","formatid":"gen1ou","rating":null,"private":2,"password":null}