{"id":"smogtours-gen1ou-907230","format":"[Gen 1] OU","players":["BeeOrSomething","LNumbers"],"log":"|inactive|Battle timer is ON: inactive players will automatically lose when time's up.\n|t:|1770578731\n|gametype|singles\n|player|p1|BeeOrSomething|#beeorsomething|\n|player|p2|LNumbers|#splxviityrants2|\n|gen|1\n|tier|[Gen 1] OU\n|rule|Desync Clause Mod: Desyncs changed to move failure.\n|rule|Sleep Clause Mod: Limit one foe put to sleep\n|rule|Freeze Clause Mod: Limit one foe frozen\n|rule|Species Clause: Limit one of each Pokémon\n|rule|OHKO Clause: OHKO moves are banned\n|rule|Evasion Moves Clause: Evasion moves are banned\n|rule|Endless Battle Clause: Forcing endless battles is banned\n|rule|HP Percentage Mod: HP is shown in percentages\n|\n|t:|1770578731\n|teamsize|p1|6\n|teamsize|p2|6\n|start\n|switch|p1a: Peace Is A Lie|Jynx|100/100\n|switch|p2a: Starmie|Starmie|100/100\n|turn|1\n|c|☆LNumbers|hf\n|c|☆BeeOrSomething|glhf\n|\n|t:|1770578740\n|move|p2a: Starmie|Thunder Wave|p1a: Peace Is A Lie\n|-status|p1a: Peace Is A Lie|par\n|cant|p1a: Peace Is A Lie|par\n|\n|upkeep\n|turn|2\n|\n|t:|1770578760\n|move|p2a: Starmie|Thunderbolt|p1a: Peace Is A Lie\n|-damage|p1a: Peace Is A Lie|76/100 par\n|move|p1a: Peace Is A Lie|Lovely Kiss|p2a: Starmie\n|-status|p2a: Starmie|slp|[from] move: Lovely Kiss\n|\n|upkeep\n|turn|3\n|inactive|LNumbers has 270 seconds left.\n|inactive|BeeOrSomething has 270 seconds left.\n|inactive|LNumbers has 240 seconds left.\n|inactive|BeeOrSomething has 240 seconds left.\n|\n|t:|1770578828\n|cant|p2a: Starmie|slp\n|move|p1a: Peace Is A Lie|Blizzard|p2a: Starmie\n|-resisted|p2a: Starmie\n|-damage|p2a: Starmie|79/100 slp\n|\n|upkeep\n|turn|4\n|rated|Smogon Premier League\n|\n|t:|1770578838\n|switch|p2a: Lapras|Lapras|100/100\n|move|p1a: Peace Is A Lie|Blizzard|p2a: Lapras\n|-resisted|p2a: Lapras\n|-damage|p2a: Lapras|94/100\n|\n|upkeep\n|turn|5\n|\n|t:|1770578847\n|move|p2a: Lapras|Body Slam|p1a: Peace Is A Lie\n|-damage|p1a: Peace Is A Lie|43/100 par\n|move|p1a: Peace Is A Lie|Psychic|p2a: Lapras\n|-damage|p2a: Lapras|72/100\n|-unboost|p2a: Lapras|spa|1\n|-unboost|p2a: Lapras|spd|1\n|\n|upkeep\n|turn|6\n|inactive|LNumbers has 240 seconds left.\n|\n|t:|1770578858\n|switch|p1a: Galaxy In Flames|Starmie|100/100\n|move|p2a: Lapras|Body Slam|p1a: Galaxy In Flames\n|-crit|p1a: Galaxy In Flames\n|-damage|p1a: Galaxy In Flames|63/100\n|\n|upkeep\n|turn|7\n|inactive|LNumbers has 240 seconds left.\n|\n|t:|1770578873\n|switch|p2a: Starmie|Starmie|79/100 slp\n|move|p1a: Galaxy In Flames|Thunder Wave|p2a: Starmie\n|-fail|p2a: Starmie\n|\n|upkeep\n|turn|8\n|inactive|LNumbers has 240 seconds left.\n|\n|t:|1770578884\n|switch|p2a: Snorlax|Snorlax|100/100\n|move|p1a: Galaxy In Flames|Recover|p1a: Galaxy In Flames\n|-heal|p1a: Galaxy In Flames|100/100\n|\n|upkeep\n|turn|9\n|inactive|BeeOrSomething has 270 seconds left.\n|inactive|LNumbers has 240 seconds left.\n|\n|t:|1770578892\n|move|p1a: Galaxy In Flames|Thunder Wave|p2a: Snorlax\n|-status|p2a: Snorlax|par\n|move|p2a: Snorlax|Body Slam|p1a: Galaxy In Flames\n|-damage|p1a: Galaxy In Flames|66/100\n|\n|upkeep\n|turn|10\n|\n|t:|1770578899\n|switch|p1a: Die Well|Snorlax|100/100\n|cant|p2a: Snorlax|par\n|\n|upkeep\n|turn|11\n|\n|t:|1770578903\n|move|p1a: Die Well|Reflect|p1a: Die Well\n|-start|p1a: Die Well|Reflect\n|move|p2a: Snorlax|Reflect|p2a: Snorlax\n|-start|p2a: Snorlax|Reflect\n|\n|upkeep\n|turn|12\n|\n|t:|1770578906\n|move|p1a: Die Well|Body Slam|p2a: Snorlax\n|-damage|p2a: Snorlax|86/100 par\n|move|p2a: Snorlax|Body Slam|p1a: Die Well\n|-damage|p1a: Die Well|87/100\n|\n|upkeep\n|turn|13\n|\n|t:|1770578911\n|move|p1a: Die Well|Body Slam|p2a: Snorlax\n|-damage|p2a: Snorlax|74/100 par\n|cant|p2a: Snorlax|par\n|\n|upkeep\n|turn|14\n|\n|t:|1770578914\n|move|p1a: Die Well|Body Slam|p2a: Snorlax\n|-damage|p2a: Snorlax|60/100 par\n|move|p2a: Snorlax|Body Slam|p1a: Die Well\n|-damage|p1a: Die Well|73/100\n|\n|upkeep\n|turn|15\n|\n|t:|1770578916\n|move|p1a: Die Well|Body Slam|p2a: Snorlax\n|-damage|p2a: Snorlax|47/100 par\n|move|p2a: Snorlax|Rest|p2a: Snorlax\n|-status|p2a: Snorlax|slp|[from] move: Rest\n|-heal|p2a: Snorlax|100/100 slp|[silent]\n|\n|upkeep\n|turn|16\n|\n|t:|1770578922\n|switch|p1a: Galaxy In Flames|Starmie|66/100\n|cant|p2a: Snorlax|slp\n|\n|upkeep\n|turn|17\n|\n|t:|1770578928\n|move|p1a: Galaxy In Flames|Psychic|p2a: Snorlax\n|-damage|p2a: Snorlax|76/100 slp\n|-unboost|p2a: Snorlax|spa|1\n|-unboost|p2a: Snorlax|spd|1\n|-curestatus|p2a: Snorlax|slp|[msg]\n|\n|upkeep\n|turn|18\n|inactive|LNumbers has 270 seconds left.\n|\n|t:|1770578966\n|switch|p2a: Starmie|Starmie|79/100 slp\n|move|p1a: Galaxy In Flames|Psychic|p2a: Starmie\n|-resisted|p2a: Starmie\n|-damage|p2a: Starmie|62/100 slp\n|-unboost|p2a: Starmie|spa|1\n|-unboost|p2a: Starmie|spd|1\n|\n|upkeep\n|turn|19\n|inactive|LNumbers has 270 seconds left.\n|\n|t:|1770578975\n|switch|p2a: Alakazam|Alakazam|100/100\n|move|p1a: Galaxy In Flames|Psychic|p2a: Alakazam\n|-resisted|p2a: Alakazam\n|-damage|p2a: Alakazam|87/100\n|\n|upkeep\n|turn|20\n|inactive|LNumbers has 270 seconds left.\n|inactive|LNumbers has 240 seconds left.\n|inactive|LNumbers has 210 seconds left.\n|inactive|LNumbers has 180 seconds left.\n|\n|t:|1770579087\n|move|p2a: Alakazam|Seismic Toss|p1a: Galaxy In Flames\n|-damage|p1a: Galaxy In Flames|35/100\n|move|p1a: Galaxy In Flames|Thunder Wave|p2a: Alakazam\n|-status|p2a: Alakazam|par\n|\n|upkeep\n|turn|21\n|inactive|LNumbers has 180 seconds left.\n|\n|t:|1770579119\n|switch|p1a: Peace Is A Lie|Jynx|43/100 par\n|move|p2a: Alakazam|Thunder Wave|p1a: Peace Is A Lie\n|-fail|p1a: Peace Is A Lie|par\n|\n|upkeep\n|turn|22\n|inactive|LNumbers has 150 seconds left.\n|\n|t:|1770579145\n|move|p2a: Alakazam|Psychic|p1a: Peace Is A Lie\n|-resisted|p1a: Peace Is A Lie\n|-damage|p1a: Peace Is A Lie|22/100 par\n|cant|p1a: Peace Is A Lie|par\n|\n|upkeep\n|turn|23\n|inactive|LNumbers has 150 seconds left.\n|inactive|BeeOrSomething has 270 seconds left.\n|inactive|LNumbers has 120 seconds left.\n|\n|t:|1770579196\n|switch|p1a: Die Well|Snorlax|73/100\n|cant|p2a: Alakazam|par\n|\n|upkeep\n|turn|24\n|inactive|LNumbers has 120 seconds left.\n|\n|t:|1770579201\n|switch|p2a: Snorlax|Snorlax|76/100\n|move|p1a: Die Well|Body Slam|p2a: Snorlax\n|-damage|p2a: Snorlax|51/100\n|\n|upkeep\n|turn|25\n|inactive|LNumbers has 120 seconds left.\n|inactive|BeeOrSomething has 270 seconds left.\n|inactive|LNumbers has 90 seconds left.\n|inactive|LNumbers has 60 seconds left.\n|inactive|BeeOrSomething has 240 seconds left.\n|inactive|LNumbers has 30 seconds left.\n|inactive|LNumbers has 20 seconds left.\n|\n|t:|1770579311\n|move|p1a: Die Well|Body Slam|p2a: Snorlax\n|-damage|p2a: Snorlax|24/100\n|move|p2a: Snorlax|Body Slam|p1a: Die Well\n|-damage|p1a: Die Well|47/100\n|\n|upkeep\n|turn|26\n|inactive|LNumbers has 30 seconds left this turn.\n|inactive|LNumbers has 20 seconds left.\n|inactive|LNumbers has 15 seconds left.\n|inactive|LNumbers has 10 seconds left.\n|inactive|BeeOrSomething has 210 seconds left.\n|inactive|LNumbers has 5 seconds left.\n|\n|t:|1770579343\n|move|p1a: Die Well|Body Slam|p2a: Snorlax\n|-damage|p2a: Snorlax|0 fnt\n|faint|p2a: Snorlax\n|inactive|LNumbers has 10 seconds left this turn.\n|\n|t:|1770579345\n|switch|p2a: Lapras|Lapras|72/100\n|turn|27\n|inactive|LNumbers has 20 seconds left this turn.\n|inactive|LNumbers has 15 seconds left.\n|\n|t:|1770579351\n|switch|p1a: Peace Is A Lie|Jynx|22/100 par\n|move|p2a: Lapras|Sing|p1a: Peace Is A Lie\n|-fail|p1a: Peace Is A Lie\n|\n|upkeep\n|turn|28\n|inactive|LNumbers has 25 seconds left this turn.\n|inactive|LNumbers has 20 seconds left.\n|inactive|LNumbers has 15 seconds left.\n|\n|t:|1770579364\n|move|p2a: Lapras|Body Slam|p1a: Peace Is A Lie\n|-damage|p1a: Peace Is A Lie|0 fnt\n|faint|p1a: Peace Is A Lie\n|\n|t:|1770579366\n|switch|p1a: Galaxy In Flames|Starmie|35/100\n|turn|29\n|inactive|LNumbers has 30 seconds left this turn.\n|\n|t:|1770579386\n|switch|p2a: Alakazam|Alakazam|87/100 par\n|move|p1a: Galaxy In Flames|Recover|p1a: Galaxy In Flames\n|-heal|p1a: Galaxy In Flames|84/100\n|\n|upkeep\n|turn|30\n|inactive|LNumbers has 30 seconds left.\n|\n|t:|1770579395\n|switch|p1a: No Escape|Chansey|100/100\n|move|p2a: Alakazam|Psychic|p1a: No Escape\n|-damage|p1a: No Escape|84/100\n|\n|upkeep\n|turn|31\n|inactive|LNumbers has 30 seconds left.\n|\n|t:|1770579407\n|move|p1a: No Escape|Thunderbolt|p2a: Alakazam\n|-damage|p2a: Alakazam|68/100 par\n|cant|p2a: Alakazam|par\n|\n|upkeep\n|turn|32\n|\n|t:|1770579413\n|switch|p1a: Die Well|Snorlax|47/100\n|switch|p2a: Exeggutor|Exeggutor|100/100\n|\n|upkeep\n|turn|33\n|\n|t:|1770579424\n|move|p2a: Exeggutor|Sleep Powder|p1a: Die Well|[miss]\n|-miss|p2a: Exeggutor\n|move|p1a: Die Well|Body Slam|p2a: Exeggutor\n|-crit|p2a: Exeggutor\n|-damage|p2a: Exeggutor|37/100\n|\n|upkeep\n|turn|34\n|\n|t:|1770579433\n|move|p2a: Exeggutor|Sleep Powder|p1a: Die Well\n|-status|p1a: Die Well|slp|[from] move: Sleep Powder\n|cant|p1a: Die Well|slp\n|\n|upkeep\n|turn|35\n|\n|t:|1770579445\n|switch|p2a: Alakazam|Alakazam|68/100 par\n|switch|p1a: No Escape|Chansey|84/100\n|\n|upkeep\n|turn|36\n|\n|t:|1770579467\n|move|p1a: No Escape|Ice Beam|p2a: Alakazam\n|-damage|p2a: Alakazam|48/100 par\n|move|p2a: Alakazam|Recover|p2a: Alakazam\n|-heal|p2a: Alakazam|98/100 par\n|\n|upkeep\n|turn|37\n|inactive|LNumbers has 30 seconds left.\n|inactive|LNumbers has 20 seconds left.\n|\n|t:|1770579499\n|move|p1a: No Escape|Ice Beam|p2a: Alakazam\n|-damage|p2a: Alakazam|80/100 par\n|move|p2a: Alakazam|Psychic|p1a: No Escape\n|-damage|p1a: No Escape|64/100\n|-unboost|p1a: No Escape|spa|1\n|-unboost|p1a: No Escape|spd|1\n|\n|upkeep\n|turn|38\n|inactive|LNumbers has 30 seconds left this turn.\n|inactive|LNumbers has 20 seconds left.\n|\n|t:|1770579510\n|move|p1a: No Escape|Soft-Boiled|p1a: No Escape\n|-hint|In Gen 1, recovery moves fail if (user's maximum HP - user's current HP + 1) is divisible by 256, unless the current hp is also divisible by 256.\n|-fail|p1a: No Escape\n|move|p2a: Alakazam|Recover|p2a: Alakazam\n|-heal|p2a: Alakazam|100/100 par\n|\n|upkeep\n|turn|39\n|inactive|LNumbers has 30 seconds left this turn.\n|inactive|LNumbers has 20 seconds left.\n|inactive|LNumbers has 15 seconds left.\n|inactive|LNumbers has 10 seconds left.\n|\n|t:|1770579535\n|move|p1a: No Escape|Thunderbolt|p2a: Alakazam\n|-crit|p2a: Alakazam\n|-damage|p2a: Alakazam|63/100 par\n|move|p2a: Alakazam|Thunder Wave|p1a: No Escape\n|-status|p1a: No Escape|par\n|\n|upkeep\n|turn|40\n|inactive|LNumbers has 20 seconds left this turn.\n|inactive|BeeOrSomething has 270 seconds left.\n|inactive|LNumbers has 15 seconds left.\n|inactive|LNumbers has 10 seconds left.\n|\n|t:|1770579548\n|move|p2a: Alakazam|Psychic|p1a: No Escape\n|-damage|p1a: No Escape|38/100 par\n|-unboost|p1a: No Escape|spa|1\n|-unboost|p1a: No Escape|spd|1\n|move|p1a: No Escape|Thunderbolt|p2a: Alakazam\n|-damage|p2a: Alakazam|54/100 par\n|\n|upkeep\n|turn|41\n|inactive|LNumbers has 20 seconds left this turn.\n|inactive|BeeOrSomething has 270 seconds left.\n|inactive|LNumbers has 15 seconds left.\n|\n|t:|1770579559\n|move|p2a: Alakazam|Psychic|p1a: No Escape\n|-damage|p1a: No Escape|2/100 par\n|-unboost|p1a: No Escape|spa|1\n|-unboost|p1a: No Escape|spd|1\n|cant|p1a: No Escape|par\n|\n|upkeep\n|turn|42\n|inactive|LNumbers has 25 seconds left this turn.\n|inactive|LNumbers has 20 seconds left.\n|inactive|LNumbers has 15 seconds left.\n|inactive|LNumbers has 10 seconds left.\n|inactive|LNumbers has 5 seconds left.\n|\n|t:|1770579581\n|move|p2a: Alakazam|Recover|p2a: Alakazam\n|-heal|p2a: Alakazam|100/100 par\n|cant|p1a: No Escape|par\n|\n|upkeep\n|turn|43\n|inactive|LNumbers has 15 seconds left this turn.\n|\n|t:|1770579589\n|move|p2a: Alakazam|Psychic|p1a: No Escape\n|-damage|p1a: No Escape|0 fnt\n|faint|p1a: No Escape\n|\n|t:|1770579593\n|switch|p1a: The Chosen One|Tauros|100/100\n|turn|44\n|inactive|LNumbers has 30 seconds left this turn.\n|inactive|LNumbers has 20 seconds left.\n|inactive|LNumbers has 15 seconds left.\n|\n|t:|1770579609\n|move|p1a: The Chosen One|Body Slam|p2a: Alakazam\n|-damage|p2a: Alakazam|53/100 par\n|move|p2a: Alakazam|Thunder Wave|p1a: The Chosen One\n|-status|p1a: The Chosen One|par\n|\n|upkeep\n|turn|45\n|inactive|LNumbers has 25 seconds left this turn.\n|inactive|LNumbers has 20 seconds left.\n|\n|t:|1770579616\n|switch|p2a: Starmie|Starmie|62/100 slp\n|move|p1a: The Chosen One|Body Slam|p2a: Starmie\n|-damage|p2a: Starmie|30/100 slp\n|\n|upkeep\n|turn|46\n|inactive|LNumbers has 30 seconds left this turn.\n|\n|t:|1770579622\n|switch|p1a: Inevitable End|Zapdos|100/100\n|cant|p2a: Starmie|slp\n|\n|upkeep\n|turn|47\n|inactive|LNumbers has 30 seconds left.\n|\n|t:|1770579646\n|cant|p2a: Starmie|slp\n|move|p1a: Inevitable End|Thunderbolt|p2a: Starmie\n|-supereffective|p2a: Starmie\n|-damage|p2a: Starmie|0 fnt\n|faint|p2a: Starmie\n|inactive|LNumbers has 30 seconds left this turn.\n|inactive|LNumbers has 20 seconds left.\n|\n|t:|1770579657\n|switch|p2a: Tauros|Tauros|100/100\n|turn|48\n|inactive|LNumbers has 30 seconds left this turn.\n|inactive|LNumbers has 20 seconds left.\n|inactive|LNumbers has 15 seconds left.\n|\n|t:|1770579673\n|switch|p1a: Die Well|Snorlax|47/100 slp\n|move|p2a: Tauros|Body Slam|p1a: Die Well\n|-damage|p1a: Die Well|20/100 slp\n|\n|upkeep\n|turn|49\n|inactive|LNumbers has 25 seconds left this turn.\n|inactive|LNumbers has 20 seconds left.\n|inactive|LNumbers has 15 seconds left.\n|inactive|LNumbers has 10 seconds left.\n|inactive|LNumbers has 5 seconds left.\n|\n|t:|1770579693\n|switch|p2a: Alakazam|Alakazam|53/100 par\n|cant|p1a: Die Well|slp\n|\n|upkeep\n|turn|50\n|inactive|LNumbers has 15 seconds left this turn.\n|\n|t:|1770579698\n|switch|p1a: The Chosen One|Tauros|100/100 par\n|move|p2a: Alakazam|Recover|p2a: Alakazam\n|-heal|p2a: Alakazam|100/100 par\n|\n|upkeep\n|turn|51\n|inactive|LNumbers has 25 seconds left this turn.\n|inactive|LNumbers has 20 seconds left.\n|\n|t:|1770579707\n|switch|p2a: Exeggutor|Exeggutor|37/100\n|move|p1a: The Chosen One|Body Slam|p2a: Exeggutor\n|-crit|p2a: Exeggutor\n|-damage|p2a: Exeggutor|0 fnt\n|faint|p2a: Exeggutor\n|inactive|LNumbers has 25 seconds left this turn.\n|inactive|LNumbers has 20 seconds left.\n|inactive|LNumbers has 15 seconds left.\n|\n|t:|1770579718\n|switch|p2a: Lapras|Lapras|72/100\n|turn|52\n|inactive|LNumbers has 25 seconds left this turn.\n|\n|t:|1770579724\n|move|p2a: Lapras|Blizzard|p1a: The Chosen One\n|-damage|p1a: The Chosen One|53/100 par\n|cant|p1a: The Chosen One|par\n|\n|upkeep\n|turn|53\n|inactive|LNumbers has 30 seconds left.\n|\n|t:|1770579738\n|move|p2a: Lapras|Blizzard|p1a: The Chosen One\n|-damage|p1a: The Chosen One|6/100 par\n|cant|p1a: The Chosen One|par\n|\n|upkeep\n|turn|54\n|c|☆BeeOrSomething|r u srs\n|inactive|BeeOrSomething has 270 seconds left.\n|\n|t:|1770579791\n|move|p2a: Lapras|Body Slam|p1a: The Chosen One\n|-damage|p1a: The Chosen One|0 fnt\n|faint|p1a: The Chosen One\n|\n|t:|1770579792\n|switch|p1a: Inevitable End|Zapdos|100/100\n|turn|55\n|\n|t:|1770579811\n|move|p1a: Inevitable End|Thunderbolt|p2a: Lapras\n|-supereffective|p2a: Lapras\n|-damage|p2a: Lapras|13/100\n|move|p2a: Lapras|Blizzard|p1a: Inevitable End\n|-supereffective|p1a: Inevitable End\n|-damage|p1a: Inevitable End|42/100\n|\n|upkeep\n|turn|56\n|inactive|BeeOrSomething has 270 seconds left.\n|inactive|LNumbers has 30 seconds left.\n|\n|t:|1770579826\n|move|p1a: Inevitable End|Thunderbolt|p2a: Lapras\n|-supereffective|p2a: Lapras\n|-damage|p2a: Lapras|0 fnt\n|faint|p2a: Lapras\n|inactive|LNumbers has 30 seconds left.\n|inactive|LNumbers has 20 seconds left.\n|\n|t:|1770579846\n|switch|p2a: Tauros|Tauros|100/100\n|turn|57\n|inactive|LNumbers has 30 seconds left this turn.\n|\n|t:|1770579856\n|switch|p1a: Die Well|Snorlax|20/100 slp\n|move|p2a: Tauros|Body Slam|p1a: Die Well\n|-damage|p1a: Die Well|0 fnt\n|faint|p1a: Die Well\n|\n|t:|1770579860\n|switch|p1a: Galaxy In Flames|Starmie|84/100\n|turn|58\n|\n|t:|1770579865\n|switch|p2a: Alakazam|Alakazam|100/100 par\n|move|p1a: Galaxy In Flames|Blizzard|p2a: Alakazam\n|-crit|p2a: Alakazam\n|-damage|p2a: Alakazam|51/100 par\n|\n|upkeep\n|turn|59\n|\n|t:|1770579875\n|switch|p1a: Inevitable End|Zapdos|42/100\n|move|p2a: Alakazam|Thunder Wave|p1a: Inevitable End\n|-status|p1a: Inevitable End|par\n|\n|upkeep\n|turn|60\n|inactive|LNumbers has 30 seconds left.\n|\n|t:|1770579900\n|move|p2a: Alakazam|Recover|p2a: Alakazam\n|-heal|p2a: Alakazam|100/100 par\n|move|p1a: Inevitable End|Thunderbolt|p2a: Alakazam\n|-damage|p2a: Alakazam|67/100 par\n|\n|upkeep\n|turn|61\n|inactive|LNumbers has 30 seconds left.\n|\n|t:|1770579908\n|switch|p2a: Tauros|Tauros|100/100\n|move|p1a: Inevitable End|Drill Peck|p2a: Tauros\n|-damage|p2a: Tauros|72/100\n|\n|upkeep\n|turn|62\n|\n|t:|1770579930\n|move|p2a: Tauros|Body Slam|p1a: Inevitable End\n|-damage|p1a: Inevitable End|12/100 par\n|move|p1a: Inevitable End|Thunderbolt|p2a: Tauros\n|-crit|p2a: Tauros\n|-damage|p2a: Tauros|0 fnt\n|faint|p2a: Tauros\n|c|☆LNumbers|.\n|\n|t:|1770579937\n|switch|p2a: Alakazam|Alakazam|67/100 par\n|turn|63\n|\n|t:|1770579943\n|switch|p1a: Galaxy In Flames|Starmie|84/100\n|move|p2a: Alakazam|Psychic|p1a: Galaxy In Flames\n|-resisted|p1a: Galaxy In Flames\n|-damage|p1a: Galaxy In Flames|65/100\n|\n|upkeep\n|turn|64\n|\n|t:|1770579948\n|move|p1a: Galaxy In Flames|Blizzard|p2a: Alakazam\n|-damage|p2a: Alakazam|44/100 par\n|move|p2a: Alakazam|Thunder Wave|p1a: Galaxy In Flames\n|-status|p1a: Galaxy In Flames|par\n|\n|upkeep\n|turn|65\n|\n|t:|1770579951\n|move|p2a: Alakazam|Recover|p2a: Alakazam\n|-heal|p2a: Alakazam|94/100 par\n|cant|p1a: Galaxy In Flames|par\n|\n|upkeep\n|turn|66\n|\n|t:|1770579958\n|cant|p2a: Alakazam|par\n|move|p1a: Galaxy In Flames|Recover|p1a: Galaxy In Flames\n|-heal|p1a: Galaxy In Flames|100/100 par\n|\n|upkeep\n|turn|67\n|\n|t:|1770579960\n|move|p2a: Alakazam|Psychic|p1a: Galaxy In Flames\n|-resisted|p1a: Galaxy In Flames\n|-damage|p1a: Galaxy In Flames|80/100 par\n|move|p1a: Galaxy In Flames|Psychic|p2a: Alakazam\n|-resisted|p2a: Alakazam\n|-damage|p2a: Alakazam|80/100 par\n|\n|upkeep\n|turn|68\n|\n|t:|1770579966\n|move|p2a: Alakazam|Seismic Toss|p1a: Galaxy In Flames\n|-damage|p1a: Galaxy In Flames|49/100 par\n|move|p1a: Galaxy In Flames|Psychic|p2a: Alakazam\n|-crit|p2a: Alakazam\n|-resisted|p2a: Alakazam\n|-damage|p2a: Alakazam|53/100 par\n|\n|upkeep\n|turn|69\n|\n|t:|1770579971\n|move|p2a: Alakazam|Recover|p2a: Alakazam\n|-heal|p2a: Alakazam|100/100 par\n|move|p1a: Galaxy In Flames|Recover|p1a: Galaxy In Flames\n|-heal|p1a: Galaxy In Flames|99/100 par\n|\n|upkeep\n|turn|70\n|\n|t:|1770579976\n|cant|p2a: Alakazam|par\n|move|p1a: Galaxy In Flames|Psychic|p2a: Alakazam\n|-resisted|p2a: Alakazam\n|-damage|p2a: Alakazam|88/100 par\n|\n|upkeep\n|turn|71\n|\n|t:|1770579979\n|move|p2a: Alakazam|Psychic|p1a: Galaxy In Flames\n|-resisted|p1a: Galaxy In Flames\n|-damage|p1a: Galaxy In Flames|78/100 par\n|-unboost|p1a: Galaxy In Flames|spa|1\n|-unboost|p1a: Galaxy In Flames|spd|1\n|cant|p1a: Galaxy In Flames|par\n|\n|upkeep\n|turn|72\n|\n|t:|1770579987\n|move|p2a: Alakazam|Psychic|p1a: Galaxy In Flames\n|-crit|p1a: Galaxy In Flames\n|-resisted|p1a: Galaxy In Flames\n|-damage|p1a: Galaxy In Flames|42/100 par\n|-unboost|p1a: Galaxy In Flames|spa|1\n|-unboost|p1a: Galaxy In Flames|spd|1\n|move|p1a: Galaxy In Flames|Recover|p1a: Galaxy In Flames\n|-heal|p1a: Galaxy In Flames|92/100 par\n|\n|upkeep\n|turn|73\n|\n|t:|1770579992\n|move|p2a: Alakazam|Psychic|p1a: Galaxy In Flames\n|-resisted|p1a: Galaxy In Flames\n|-damage|p1a: Galaxy In Flames|50/100 par\n|-unboost|p1a: Galaxy In Flames|spa|1\n|-unboost|p1a: Galaxy In Flames|spd|1\n|move|p1a: Galaxy In Flames|Recover|p1a: Galaxy In Flames\n|-heal|p1a: Galaxy In Flames|99/100 par\n|\n|upkeep\n|turn|74\n|\n|t:|1770579996\n|cant|p2a: Alakazam|par\n|move|p1a: Galaxy In Flames|Psychic|p2a: Alakazam\n|-crit|p2a: Alakazam\n|-resisted|p2a: Alakazam\n|-damage|p2a: Alakazam|61/100 par\n|\n|upkeep\n|turn|75\n|\n|t:|1770580000\n|move|p2a: Alakazam|Psychic|p1a: Galaxy In Flames\n|-resisted|p1a: Galaxy In Flames\n|-damage|p1a: Galaxy In Flames|47/100 par\n|move|p1a: Galaxy In Flames|Psychic|p2a: Alakazam\n|-crit|p2a: Alakazam\n|-resisted|p2a: Alakazam\n|-damage|p2a: Alakazam|33/100 par\n|-unboost|p2a: Alakazam|spa|1\n|-unboost|p2a: Alakazam|spd|1\n|\n|upkeep\n|turn|76\n|inactive|LNumbers has 150 seconds left.\n|\n|t:|1770580017\n|switch|p1a: Inevitable End|Zapdos|12/100 par\n|move|p2a: Alakazam|Recover|p2a: Alakazam\n|-heal|p2a: Alakazam|83/100 par\n|\n|upkeep\n|turn|77\n|inactive|LNumbers has 150 seconds left.\n|\n|t:|1770580025\n|switch|p1a: Galaxy In Flames|Starmie|47/100 par\n|move|p2a: Alakazam|Psychic|p1a: Galaxy In Flames\n|-resisted|p1a: Galaxy In Flames\n|-damage|p1a: Galaxy In Flames|34/100 par\n|\n|upkeep\n|turn|78\n|inactive|LNumbers has 150 seconds left.\n|\n|t:|1770580048\n|cant|p1a: Galaxy In Flames|par\n|cant|p2a: Alakazam|par\n|\n|upkeep\n|turn|79\n|\n|t:|1770580051\n|move|p1a: Galaxy In Flames|Recover|p1a: Galaxy In Flames\n|-heal|p1a: Galaxy In Flames|83/100 par\n|cant|p2a: Alakazam|par\n|\n|upkeep\n|turn|80\n|inactive|LNumbers has 150 seconds left.\n|\n|t:|1770580064\n|move|p1a: Galaxy In Flames|Psychic|p2a: Alakazam\n|-resisted|p2a: Alakazam\n|-damage|p2a: Alakazam|62/100 par\n|move|p2a: Alakazam|Psychic|p1a: Galaxy In Flames\n|-resisted|p1a: Galaxy In Flames\n|-damage|p1a: Galaxy In Flames|69/100 par\n|\n|upkeep\n|turn|81\n|\n|t:|1770580067\n|move|p1a: Galaxy In Flames|Psychic|p2a: Alakazam\n|-resisted|p2a: Alakazam\n|-damage|p2a: Alakazam|42/100 par\n|move|p2a: Alakazam|Recover|p2a: Alakazam\n|-heal|p2a: Alakazam|92/100 par\n|\n|upkeep\n|turn|82\n|\n|t:|1770580070\n|cant|p1a: Galaxy In Flames|par\n|move|p2a: Alakazam|Seismic Toss|p1a: Galaxy In Flames\n|-damage|p1a: Galaxy In Flames|38/100 par\n|\n|upkeep\n|turn|83\n|\n|t:|1770580073\n|move|p1a: Galaxy In Flames|Recover|p1a: Galaxy In Flames\n|-heal|p1a: Galaxy In Flames|88/100 par\n|cant|p2a: Alakazam|par\n|\n|upkeep\n|turn|84\n|\n|t:|1770580077\n|move|p1a: Galaxy In Flames|Psychic|p2a: Alakazam\n|-resisted|p2a: Alakazam\n|-damage|p2a: Alakazam|70/100 par\n|-unboost|p2a: Alakazam|spa|1\n|-unboost|p2a: Alakazam|spd|1\n|move|p2a: Alakazam|Psychic|p1a: Galaxy In Flames\n|-crit|p1a: Galaxy In Flames\n|-resisted|p1a: Galaxy In Flames\n|-damage|p1a: Galaxy In Flames|50/100 par\n|\n|upkeep\n|turn|85\n|\n|t:|1770580080\n|cant|p1a: Galaxy In Flames|par\n|move|p2a: Alakazam|Recover|p2a: Alakazam\n|-heal|p2a: Alakazam|100/100 par\n|\n|upkeep\n|turn|86\n|\n|t:|1770580083\n|move|p1a: Galaxy In Flames|Recover|p1a: Galaxy In Flames\n|-heal|p1a: Galaxy In Flames|99/100 par\n|move|p2a: Alakazam|Seismic Toss|p1a: Galaxy In Flames\n|-damage|p1a: Galaxy In Flames|69/100 par\n|\n|upkeep\n|turn|87\n|\n|t:|1770580091\n|cant|p1a: Galaxy In Flames|par\n|cant|p2a: Alakazam|par\n|\n|upkeep\n|turn|88\n|\n|t:|1770580094\n|move|p1a: Galaxy In Flames|Recover|p1a: Galaxy In Flames\n|-heal|p1a: Galaxy In Flames|100/100 par\n|move|p2a: Alakazam|Seismic Toss|p1a: Galaxy In Flames\n|-damage|p1a: Galaxy In Flames|70/100 par\n|\n|upkeep\n|turn|89\n|\n|t:|1770580098\n|move|p1a: Galaxy In Flames|Recover|p1a: Galaxy In Flames\n|-heal|p1a: Galaxy In Flames|100/100 par\n|cant|p2a: Alakazam|par\n|\n|upkeep\n|turn|90\n|inactive|LNumbers has 240 seconds left.\n|\n|t:|1770580106\n|cant|p1a: Galaxy In Flames|par\n|move|p2a: Alakazam|Seismic Toss|p1a: Galaxy In Flames\n|-damage|p1a: Galaxy In Flames|70/100 par\n|\n|upkeep\n|turn|91\n|\n|t:|1770580109\n|move|p1a: Galaxy In Flames|Recover|p1a: Galaxy In Flames\n|-heal|p1a: Galaxy In Flames|100/100 par\n|move|p2a: Alakazam|Thunder Wave|p1a: Galaxy In Flames\n|-fail|p1a: Galaxy In Flames|par\n|\n|upkeep\n|turn|92\n|\n|t:|1770580116\n|move|p1a: Galaxy In Flames|Psychic|p2a: Alakazam\n|-resisted|p2a: Alakazam\n|-damage|p2a: Alakazam|74/100 par\n|-unboost|p2a: Alakazam|spa|1\n|-unboost|p2a: Alakazam|spd|1\n|move|p2a: Alakazam|Seismic Toss|p1a: Galaxy In Flames\n|-damage|p1a: Galaxy In Flames|70/100 par\n|\n|upkeep\n|turn|93\n|\n|t:|1770580125\n|move|p1a: Galaxy In Flames|Blizzard|p2a: Alakazam|[miss]\n|-miss|p1a: Galaxy In Flames\n|move|p2a: Alakazam|Recover|p2a: Alakazam\n|-heal|p2a: Alakazam|100/100 par\n|\n|upkeep\n|turn|94\n|inactive|LNumbers has 270 seconds left.\n|inactive|LNumbers has 240 seconds left.\n|\n|t:|1770580163\n|move|p1a: Galaxy In Flames|Psychic|p2a: Alakazam\n|-resisted|p2a: Alakazam\n|-damage|p2a: Alakazam|65/100 par\n|move|p2a: Alakazam|Seismic Toss|p1a: Galaxy In Flames\n|-damage|p1a: Galaxy In Flames|39/100 par\n|\n|upkeep\n|turn|95\n|\n|t:|1770580170\n|move|p1a: Galaxy In Flames|Blizzard|p2a: Alakazam\n|-damage|p2a: Alakazam|8/100 par\n|move|p2a: Alakazam|Psychic|p1a: Galaxy In Flames\n|-resisted|p1a: Galaxy In Flames\n|-damage|p1a: Galaxy In Flames|31/100 par\n|-unboost|p1a: Galaxy In Flames|spa|1\n|-unboost|p1a: Galaxy In Flames|spd|1\n|\n|upkeep\n|turn|96\n|\n|t:|1770580177\n|switch|p1a: Inevitable End|Zapdos|12/100 par\n|move|p2a: Alakazam|Recover|p2a: Alakazam\n|-heal|p2a: Alakazam|57/100 par\n|\n|upkeep\n|turn|97\n|\n|t:|1770580190\n|move|p1a: Inevitable End|Thunderbolt|p2a: Alakazam\n|-crit|p2a: Alakazam\n|-damage|p2a: Alakazam|0 fnt\n|faint|p2a: Alakazam\n|\n|win|BeeOrSomething\n|c|☆BeeOrSomething|see you in cancun \n|player|p2|\n|c|☆BeeOrSomething|gg\n","uploadtime":1770580190,"views":"1252","formatid":"gen1ou","rating":null,"private":0,"password":null}