{"id":"smogtours-gen1ou-962636","format":"[Gen 1] OU","players":["LNumbers","Laroxyl"],"log":"|inactive|Battle timer is ON: inactive players will automatically lose when time's up.\n|t:|1786293070\n|gametype|singles\n|player|p1|LNumbers|#rbywc2026|\n|player|p2|Laroxyl|#splxviitigers2|\n|gen|1\n|tier|[Gen 1] OU\n|rule|Desync Clause Mod: Desyncs resolve to link battle behavior from the acting player's perspective.\n|rule|HP Percentage Mod: HP is shown in percentages\n|rule|Endless Battle Clause: Forcing endless battles is banned\n|rule|Sleep Clause Mod: Limit one foe put to sleep\n|rule|Freeze Clause Mod: Limit one foe frozen\n|rule|Species Clause: Limit one of each Pokémon\n|rule|OHKO Clause: OHKO moves are banned\n|rule|Evasion Moves Clause: Evasion moves are banned\n|\n|t:|1786293070\n|teamsize|p1|6\n|teamsize|p2|6\n|start\n|switch|p1a: Tauros|Tauros|100/100\n|switch|p2a: Alakazam|Alakazam|100/100\n|turn|1\n|c|☆LNumbers|hf\n|\n|t:|1786293084\n|switch|p1a: Chansey|Chansey|100/100\n|move|p2a: Alakazam|Thunder Wave|p1a: Chansey\n|-status|p1a: Chansey|par\n|\n|upkeep\n|turn|2\n|c|☆Laroxyl|hf\n|\n|t:|1786293095\n|move|p2a: Alakazam|Psychic|p1a: Chansey\n|-crit|p1a: Chansey\n|-damage|p1a: Chansey|68/100 par\n|move|p1a: Chansey|Sing|p2a: Alakazam\n|-status|p2a: Alakazam|slp|[from] move: Sing\n|\n|upkeep\n|turn|3\n|\n|t:|1786293123\n|switch|p2a: Snorlax|Snorlax|100/100\n|move|p1a: Chansey|Soft-Boiled|p1a: Chansey\n|-heal|p1a: Chansey|100/100 par\n|\n|upkeep\n|turn|4\n|\n|t:|1786293144\n|move|p2a: Snorlax|Body Slam|p1a: Chansey\n|-damage|p1a: Chansey|62/100 par\n|move|p1a: Chansey|Thunder Wave|p2a: Snorlax\n|-status|p2a: Snorlax|par\n|\n|upkeep\n|turn|5\n|\n|t:|1786293151\n|switch|p1a: Cloyster|Cloyster|100/100\n|cant|p2a: Snorlax|par\n|\n|upkeep\n|turn|6\n|inactive|Laroxyl has 270 seconds left.\n|\n|t:|1786293186\n|switch|p2a: Chansey|Chansey|100/100\n|move|p1a: Cloyster|Blizzard|p2a: Chansey\n|-damage|p2a: Chansey|84/100\n|\n|upkeep\n|turn|7\n|inactive|Laroxyl has 270 seconds left.\n|inactive|LNumbers has 270 seconds left.\n|\n|t:|1786293204\n|switch|p1a: Chansey|Chansey|62/100 par\n|switch|p2a: Snorlax|Snorlax|100/100 par\n|\n|upkeep\n|turn|8\n|\n|t:|1786293208\n|switch|p1a: Cloyster|Cloyster|100/100\n|cant|p2a: Snorlax|par\n|\n|upkeep\n|turn|9\n|inactive|Laroxyl has 270 seconds left.\n|\n|t:|1786293234\n|switch|p2a: Lapras|Lapras|100/100\n|move|p1a: Cloyster|Blizzard|p2a: Lapras\n|-resisted|p2a: Lapras\n|-damage|p2a: Lapras|93/100\n|\n|upkeep\n|turn|10\n|inactive|LNumbers has 270 seconds left.\n|\n|t:|1786293282\n|move|p1a: Cloyster|Clamp|p2a: Lapras\n|-resisted|p2a: Lapras\n|-damage|p2a: Lapras|89/100\n|cant|p2a: Lapras|partiallytrapped\n|\n|upkeep\n|turn|11\n|\n|t:|1786293302\n|switch|p1a: Chansey|Chansey|62/100 par\n|switch|p2a: Chansey|Chansey|84/100\n|\n|upkeep\n|turn|12\n|\n|t:|1786293307\n|switch|p2a: Snorlax|Snorlax|100/100 par\n|move|p1a: Chansey|Soft-Boiled|p1a: Chansey\n|-heal|p1a: Chansey|100/100 par\n|\n|upkeep\n|turn|13\n|inactive|Laroxyl has 270 seconds left.\n|inactive|LNumbers has 240 seconds left.\n|inactive|LNumbers has 210 seconds left.\n|inactive|LNumbers has 180 seconds left.\n|\n|t:|1786293396\n|switch|p1a: Cloyster|Cloyster|100/100\n|move|p2a: Snorlax|Body Slam|p1a: Cloyster\n|-crit|p1a: Cloyster\n|-damage|p1a: Cloyster|58/100\n|\n|upkeep\n|turn|14\n|inactive|Laroxyl has 270 seconds left.\n|inactive|LNumbers has 180 seconds left.\n|\n|t:|1786293412\n|switch|p2a: Lapras|Lapras|89/100\n|move|p1a: Cloyster|Clamp|p2a: Lapras\n|-resisted|p2a: Lapras\n|-damage|p2a: Lapras|85/100\n|\n|upkeep\n|turn|15\n|\n|t:|1786293421\n|switch|p2a: Chansey|Chansey|84/100\n|move|p1a: Cloyster|Clamp|p2a: Chansey|[miss]\n|-miss|p1a: Cloyster\n|\n|upkeep\n|turn|16\n|inactive|Laroxyl has 270 seconds left.\n|inactive|LNumbers has 180 seconds left.\n|\n|t:|1786293442\n|switch|p1a: Exeggutor|Exeggutor|100/100\n|switch|p2a: Lapras|Lapras|85/100\n|\n|upkeep\n|turn|17\n|inactive|LNumbers has 180 seconds left.\n|inactive|Laroxyl has 270 seconds left.\n|\n|t:|1786293466\n|switch|p1a: Chansey|Chansey|100/100 par\n|move|p2a: Lapras|Blizzard|p1a: Chansey\n|-damage|p1a: Chansey|80/100 par\n|\n|upkeep\n|turn|18\n|\n|t:|1786293485\n|switch|p2a: Snorlax|Snorlax|100/100 par\n|cant|p1a: Chansey|par\n|\n|upkeep\n|turn|19\n|\n|t:|1786293503\n|switch|p1a: Cloyster|Cloyster|58/100\n|cant|p2a: Snorlax|par\n|\n|upkeep\n|turn|20\n|\n|t:|1786293514\n|switch|p2a: Lapras|Lapras|85/100\n|move|p1a: Cloyster|Blizzard|p2a: Lapras\n|-resisted|p2a: Lapras\n|-damage|p2a: Lapras|78/100\n|\n|upkeep\n|turn|21\n|\n|t:|1786293534\n|switch|p1a: Chansey|Chansey|80/100 par\n|move|p2a: Lapras|Body Slam|p1a: Chansey\n|-damage|p1a: Chansey|57/100 par\n|\n|upkeep\n|turn|22\n|\n|t:|1786293545\n|move|p2a: Lapras|Body Slam|p1a: Chansey\n|-damage|p1a: Chansey|32/100 par\n|move|p1a: Chansey|Soft-Boiled|p1a: Chansey\n|-heal|p1a: Chansey|82/100 par\n|\n|upkeep\n|turn|23\n|inactive|LNumbers has 150 seconds left.\n|\n|t:|1786293576\n|switch|p2a: Snorlax|Snorlax|100/100 par\n|switch|p1a: Cloyster|Cloyster|58/100\n|\n|upkeep\n|turn|24\n|\n|t:|1786293594\n|switch|p2a: Lapras|Lapras|78/100\n|move|p1a: Cloyster|Clamp|p2a: Lapras\n|-resisted|p2a: Lapras\n|-damage|p2a: Lapras|74/100\n|\n|upkeep\n|turn|25\n|inactive|LNumbers has 120 seconds left.\n|\n|t:|1786293644\n|switch|p2a: Chansey|Chansey|84/100\n|move|p1a: Cloyster|Clamp|p2a: Chansey\n|-damage|p2a: Chansey|79/100\n|\n|upkeep\n|turn|26\n|inactive|LNumbers has 90 seconds left.\n|\n|t:|1786293672\n|switch|p2a: Lapras|Lapras|74/100\n|move|p1a: Cloyster|Clamp|p2a: Lapras\n|-resisted|p2a: Lapras\n|-damage|p2a: Lapras|70/100\n|\n|upkeep\n|turn|27\n|inactive|LNumbers has 90 seconds left.\n|\n|t:|1786293687\n|switch|p2a: Alakazam|Alakazam|100/100 slp\n|move|p1a: Cloyster|Clamp|p2a: Alakazam\n|-crit|p2a: Alakazam\n|-damage|p2a: Alakazam|81/100 slp\n|\n|upkeep\n|turn|28\n|\n|t:|1786293711\n|-curestatus|p2a: Alakazam|slp|[msg]\n|move|p1a: Cloyster|Clamp|p2a: Alakazam|[from] Clamp\n|-damage|p2a: Alakazam|62/100\n|\n|upkeep\n|turn|29\n|\n|t:|1786293734\n|switch|p1a: Chansey|Chansey|82/100 par\n|move|p2a: Alakazam|Psychic|p1a: Chansey\n|-crit|p1a: Chansey\n|-damage|p1a: Chansey|49/100 par\n|-unboost|p1a: Chansey|spa|1\n|-unboost|p1a: Chansey|spd|1\n|\n|upkeep\n|turn|30\n|\n|t:|1786293742\n|switch|p1a: Exeggutor|Exeggutor|100/100\n|move|p2a: Alakazam|Psychic|p1a: Exeggutor\n|-resisted|p1a: Exeggutor\n|-damage|p1a: Exeggutor|87/100\n|\n|upkeep\n|turn|31\n|\n|t:|1786293750\n|move|p2a: Alakazam|Thunder Wave|p1a: Exeggutor\n|-status|p1a: Exeggutor|par\n|cant|p1a: Exeggutor|par\n|\n|upkeep\n|turn|32\n|inactive|Laroxyl has 270 seconds left.\n|\n|t:|1786293760\n|move|p2a: Alakazam|Seismic Toss|p1a: Exeggutor\n|-damage|p1a: Exeggutor|62/100 par\n|move|p1a: Exeggutor|Sleep Powder|p2a: Alakazam\n|-status|p2a: Alakazam|slp|[from] move: Sleep Powder\n|\n|upkeep\n|turn|33\n|inactive|LNumbers has 90 seconds left.\n|inactive|Laroxyl has 270 seconds left.\n|inactive|LNumbers has 60 seconds left.\n|inactive|Laroxyl has 240 seconds left.\n|inactive|LNumbers has 30 seconds left.\n|inactive|LNumbers has 20 seconds left.\n|\n|t:|1786293853\n|switch|p2a: Exeggutor|Exeggutor|100/100\n|move|p1a: Exeggutor|Stun Spore|p2a: Exeggutor\n|-status|p2a: Exeggutor|par\n|\n|upkeep\n|turn|34\n|inactive|LNumbers has 30 seconds left this turn.\n|inactive|LNumbers has 20 seconds left.\n|inactive|LNumbers has 15 seconds left.\n|\n|t:|1786293869\n|move|p1a: Exeggutor|Psychic|p2a: Exeggutor\n|-resisted|p2a: Exeggutor\n|-damage|p2a: Exeggutor|88/100 par\n|move|p2a: Exeggutor|Psychic|p1a: Exeggutor\n|-resisted|p1a: Exeggutor\n|-damage|p1a: Exeggutor|48/100 par\n|\n|upkeep\n|turn|35\n|inactive|LNumbers has 25 seconds left this turn.\n|inactive|LNumbers has 20 seconds left.\n|inactive|LNumbers has 15 seconds left.\n|inactive|LNumbers has 10 seconds left.\n|inactive|Laroxyl has 210 seconds left.\n|\n|t:|1786293901\n|move|p2a: Exeggutor|Psychic|p1a: Exeggutor\n|-resisted|p1a: Exeggutor\n|-damage|p1a: Exeggutor|35/100 par\n|cant|p1a: Exeggutor|par\n|\n|upkeep\n|turn|36\n|inactive|LNumbers has 20 seconds left this turn.\n|inactive|Laroxyl has 210 seconds left.\n|\n|t:|1786293919\n|switch|p2a: Alakazam|Alakazam|62/100 slp\n|switch|p1a: Chansey|Chansey|49/100 par\n|\n|upkeep\n|turn|37\n|inactive|LNumbers has 30 seconds left this turn.\n|\n|t:|1786293925\n|switch|p2a: Snorlax|Snorlax|100/100 par\n|switch|p1a: Rhydon|Rhydon|100/100\n|\n|upkeep\n|turn|38\n|inactive|LNumbers has 30 seconds left.\n|inactive|Laroxyl has 210 seconds left.\n|inactive|LNumbers has 20 seconds left.\n|inactive|LNumbers has 15 seconds left.\n|\n|t:|1786293949\n|switch|p2a: Exeggutor|Exeggutor|88/100 par\n|move|p1a: Rhydon|Rock Slide|p2a: Exeggutor\n|-damage|p2a: Exeggutor|57/100 par\n|\n|upkeep\n|turn|39\n|inactive|LNumbers has 25 seconds left this turn.\n|inactive|LNumbers has 20 seconds left.\n|inactive|Laroxyl has 210 seconds left.\n|\n|t:|1786293958\n|switch|p1a: Chansey|Chansey|49/100 par\n|move|p2a: Exeggutor|Psychic|p1a: Chansey\n|-crit|p1a: Chansey\n|-damage|p1a: Chansey|17/100 par\n|\n|upkeep\n|turn|40\n|inactive|LNumbers has 30 seconds left this turn.\n|inactive|LNumbers has 20 seconds left.\n|inactive|Laroxyl has 210 seconds left.\n|inactive|LNumbers has 15 seconds left.\n|inactive|LNumbers has 10 seconds left.\n|inactive|Laroxyl has 180 seconds left.\n|\n|t:|1786294000\n|cant|p2a: Exeggutor|par\n|move|p1a: Chansey|Soft-Boiled|p1a: Chansey\n|-heal|p1a: Chansey|67/100 par\n|\n|upkeep\n|turn|41\n|inactive|LNumbers has 20 seconds left this turn.\n|inactive|LNumbers has 15 seconds left.\n|inactive|LNumbers has 10 seconds left.\n|inactive|Laroxyl has 180 seconds left.\n|inactive|LNumbers has 5 seconds left.\n|\n|t:|1786294034\n|move|p2a: Exeggutor|Explosion|p1a: Chansey\n|-damage|p1a: Chansey|0 fnt\n|faint|p1a: Chansey\n|faint|p2a: Exeggutor\n|inactive|LNumbers has 10 seconds left this turn.\n|inactive|LNumbers has 5 seconds left.\n|inactive|Laroxyl has 150 seconds left.\n|inactive|Laroxyl has 120 seconds left.\n|\n|t:|1786294100\n|switch|p2a: Snorlax|Snorlax|100/100 par\n|switch|p1a: Alakazam|Alakazam|100/100\n|turn|42\n|inactive|LNumbers has 15 seconds left this turn.\n|inactive|LNumbers has 10 seconds left.\n|inactive|LNumbers has 5 seconds left.\n|inactive|Laroxyl has 90 seconds left.\n|\n|t:|1786294122\n|switch|p1a: Cloyster|Cloyster|58/100\n|switch|p2a: Chansey|Chansey|79/100\n|\n|upkeep\n|turn|43\n|inactive|LNumbers has 15 seconds left this turn.\n|inactive|LNumbers has 10 seconds left.\n|inactive|LNumbers has 5 seconds left.\n|inactive|Laroxyl has 90 seconds left.\n|\n|t:|1786294155\n|switch|p2a: Lapras|Lapras|70/100\n|move|p1a: Cloyster|Explosion|p2a: Lapras\n|-damage|p2a: Lapras|8/100\n|faint|p1a: Cloyster\n|inactive|LNumbers has 10 seconds left this turn.\n|\n|t:|1786294158\n|switch|p1a: Tauros|Tauros|100/100\n|turn|44\n|inactive|LNumbers has 20 seconds left this turn.\n|inactive|Laroxyl has 60 seconds left.\n|\n|t:|1786294194\n|move|p1a: Tauros|Body Slam|p2a: Lapras\n|-damage|p2a: Lapras|0 fnt\n|faint|p2a: Lapras\n|inactive|Laroxyl has 30 seconds left.\n|inactive|Laroxyl has 20 seconds left.\n|inactive|Laroxyl has 15 seconds left.\n|inactive|Laroxyl has 10 seconds left.\n|\n|t:|1786294243\n|switch|p2a: Snorlax|Snorlax|100/100 par\n|turn|45\n|inactive|Laroxyl has 20 seconds left this turn.\n|inactive|LNumbers has 30 seconds left.\n|inactive|Laroxyl has 15 seconds left.\n|inactive|Laroxyl has 10 seconds left.\n|inactive|LNumbers has 20 seconds left.\n|\n|t:|1786294263\n|switch|p1a: Rhydon|Rhydon|100/100\n|move|p2a: Snorlax|Reflect|p2a: Snorlax\n|-start|p2a: Snorlax|Reflect\n|\n|upkeep\n|turn|46\n|inactive|LNumbers has 30 seconds left this turn.\n|inactive|Laroxyl has 20 seconds left this turn.\n|\n|t:|1786294267\n|move|p1a: Rhydon|Substitute|p1a: Rhydon\n|-start|p1a: Rhydon|Substitute\n|-damage|p1a: Rhydon|76/100\n|move|p2a: Snorlax|Body Slam|p1a: Rhydon\n|-resisted|p1a: Rhydon\n|-activate|p1a: Rhydon|Substitute|[damage]\n|\n|upkeep\n|turn|47\n|inactive|Laroxyl has 30 seconds left this turn.\n|inactive|Laroxyl has 20 seconds left.\n|\n|t:|1786294279\n|move|p1a: Rhydon|Earthquake|p2a: Snorlax\n|-damage|p2a: Snorlax|84/100 par\n|move|p2a: Snorlax|Hyper Beam|p1a: Rhydon\n|-resisted|p1a: Rhydon\n|-end|p1a: Rhydon|Substitute\n|\n|upkeep\n|turn|48\n|inactive|Laroxyl has 30 seconds left this turn.\n|\n|t:|1786294284\n|move|p1a: Rhydon|Substitute|p1a: Rhydon\n|-start|p1a: Rhydon|Substitute\n|-damage|p1a: Rhydon|51/100\n|cant|p2a: Snorlax|par\n|\n|upkeep\n|turn|49\n|\n|t:|1786294288\n|move|p1a: Rhydon|Earthquake|p2a: Snorlax\n|-damage|p2a: Snorlax|65/100 par\n|move|p2a: Snorlax|Body Slam|p1a: Rhydon\n|-resisted|p1a: Rhydon\n|-activate|p1a: Rhydon|Substitute|[damage]\n|\n|upkeep\n|turn|50\n|\n|t:|1786294306\n|move|p1a: Rhydon|Earthquake|p2a: Snorlax\n|-damage|p2a: Snorlax|48/100 par\n|move|p2a: Snorlax|Body Slam|p1a: Rhydon\n|-resisted|p1a: Rhydon\n|-activate|p1a: Rhydon|Substitute|[damage]\n|\n|upkeep\n|turn|51\n|inactive|LNumbers has 60 seconds left.\n|\n|t:|1786294323\n|move|p1a: Rhydon|Earthquake|p2a: Snorlax\n|-damage|p2a: Snorlax|31/100 par\n|move|p2a: Snorlax|Rest|p2a: Snorlax\n|-status|p2a: Snorlax|slp|[from] move: Rest\n|-heal|p2a: Snorlax|100/100 slp|[silent]\n|\n|upkeep\n|turn|52\n|inactive|LNumbers has 60 seconds left.\n|\n|t:|1786294341\n|move|p1a: Rhydon|Earthquake|p2a: Snorlax\n|-damage|p2a: Snorlax|83/100 slp\n|cant|p2a: Snorlax|slp\n|\n|upkeep\n|turn|53\n|\n|t:|1786294345\n|move|p1a: Rhydon|Earthquake|p2a: Snorlax\n|-damage|p2a: Snorlax|66/100 slp\n|-curestatus|p2a: Snorlax|slp|[msg]\n|\n|upkeep\n|turn|54\n|\n|t:|1786294350\n|move|p1a: Rhydon|Earthquake|p2a: Snorlax\n|-damage|p2a: Snorlax|50/100\n|move|p2a: Snorlax|Body Slam|p1a: Rhydon\n|-resisted|p1a: Rhydon\n|-end|p1a: Rhydon|Substitute\n|\n|upkeep\n|turn|55\n|\n|t:|1786294359\n|move|p1a: Rhydon|Substitute|p1a: Rhydon\n|-start|p1a: Rhydon|Substitute\n|-damage|p1a: Rhydon|26/100\n|move|p2a: Snorlax|Body Slam|p1a: Rhydon\n|-resisted|p1a: Rhydon\n|-activate|p1a: Rhydon|Substitute|[damage]\n|\n|upkeep\n|turn|56\n|\n|t:|1786294376\n|move|p1a: Rhydon|Rest|p1a: Rhydon\n|-status|p1a: Rhydon|slp|[from] move: Rest\n|-heal|p1a: Rhydon|100/100 slp|[silent]\n|move|p2a: Snorlax|Rest|p2a: Snorlax\n|-status|p2a: Snorlax|slp|[from] move: Rest\n|-heal|p2a: Snorlax|100/100 slp|[silent]\n|\n|upkeep\n|turn|57\n|\n|t:|1786294381\n|cant|p1a: Rhydon|slp\n|cant|p2a: Snorlax|slp\n|\n|upkeep\n|turn|58\n|\n|t:|1786294389\n|-curestatus|p1a: Rhydon|slp|[msg]\n|-curestatus|p2a: Snorlax|slp|[msg]\n|\n|upkeep\n|turn|59\n|\n|t:|1786294397\n|move|p1a: Rhydon|Rock Slide|p2a: Snorlax\n|-damage|p2a: Snorlax|88/100\n|move|p2a: Snorlax|Hyper Beam|p1a: Rhydon\n|-resisted|p1a: Rhydon\n|-end|p1a: Rhydon|Substitute\n|\n|upkeep\n|turn|60\n|inactive|Laroxyl has 90 seconds left.\n|\n|t:|1786294403\n|move|p1a: Rhydon|Substitute|p1a: Rhydon\n|-start|p1a: Rhydon|Substitute\n|-damage|p1a: Rhydon|76/100\n|move|p2a: Snorlax|Body Slam|p1a: Rhydon\n|-resisted|p1a: Rhydon\n|-activate|p1a: Rhydon|Substitute|[damage]\n|\n|upkeep\n|turn|61\n|\n|t:|1786294411\n|move|p1a: Rhydon|Rock Slide|p2a: Snorlax\n|-damage|p2a: Snorlax|75/100\n|move|p2a: Snorlax|Hyper Beam|p1a: Rhydon\n|-resisted|p1a: Rhydon\n|-end|p1a: Rhydon|Substitute\n|\n|upkeep\n|turn|62\n|\n|t:|1786294416\n|move|p1a: Rhydon|Substitute|p1a: Rhydon\n|-start|p1a: Rhydon|Substitute\n|-damage|p1a: Rhydon|51/100\n|move|p2a: Snorlax|Body Slam|p1a: Rhydon\n|-resisted|p1a: Rhydon\n|-activate|p1a: Rhydon|Substitute|[damage]\n|\n|upkeep\n|turn|63\n|\n|t:|1786294426\n|move|p1a: Rhydon|Earthquake|p2a: Snorlax\n|-crit|p2a: Snorlax\n|-damage|p2a: Snorlax|2/100\n|move|p2a: Snorlax|Hyper Beam|p1a: Rhydon\n|-resisted|p1a: Rhydon\n|-end|p1a: Rhydon|Substitute\n|\n|upkeep\n|turn|64\n|inactive|LNumbers has 150 seconds left.\n|inactive|Laroxyl has 90 seconds left.\n|inactive|Laroxyl has 60 seconds left.\n|\n|t:|1786294502\n|switch|p2a: Alakazam|Alakazam|62/100 slp\n|move|p1a: Rhydon|Earthquake|p2a: Alakazam\n|-damage|p2a: Alakazam|0 fnt\n|faint|p2a: Alakazam\n|inactive|Laroxyl has 30 seconds left.\n|inactive|Laroxyl has 20 seconds left.\n|inactive|Laroxyl has 15 seconds left.\n|\n|t:|1786294537\n|switch|p2a: Tauros|Tauros|100/100\n|turn|65\n|inactive|Laroxyl has 25 seconds left this turn.\n|inactive|Laroxyl has 20 seconds left.\n|inactive|Laroxyl has 15 seconds left.\n|\n|t:|1786294548\n|switch|p1a: Exeggutor|Exeggutor|35/100 par\n|move|p2a: Tauros|Blizzard|p1a: Exeggutor\n|-supereffective|p1a: Exeggutor\n|-damage|p1a: Exeggutor|1/100 par\n|\n|upkeep\n|turn|66\n|inactive|Laroxyl has 25 seconds left this turn.\n|\n|t:|1786294552\n|move|p2a: Tauros|Body Slam|p1a: Exeggutor\n|-crit|p1a: Exeggutor\n|-damage|p1a: Exeggutor|0 fnt\n|faint|p1a: Exeggutor\n|inactive|LNumbers has 150 seconds left.\n|\n|t:|1786294567\n|switch|p1a: Alakazam|Alakazam|100/100\n|turn|67\n|inactive|Laroxyl has 30 seconds left.\n|inactive|Laroxyl has 20 seconds left.\n|inactive|Laroxyl has 15 seconds left.\n|\n|t:|1786294593\n|switch|p2a: Chansey|Chansey|79/100\n|move|p1a: Alakazam|Thunder Wave|p2a: Chansey\n|-status|p2a: Chansey|par\n|\n|upkeep\n|turn|68\n|inactive|Laroxyl has 25 seconds left this turn.\n|inactive|Laroxyl has 20 seconds left.\n|inactive|Laroxyl has 15 seconds left.\n|inactive|Laroxyl has 10 seconds left.\n|inactive|LNumbers has 150 seconds left.\n|\n|t:|1786294640\n|move|p1a: Alakazam|Psychic|p2a: Chansey\n|-damage|p2a: Chansey|61/100 par\n|move|p2a: Chansey|Soft-Boiled|p2a: Chansey\n|-heal|p2a: Chansey|100/100 par\n|\n|upkeep\n|turn|69\n|inactive|Laroxyl has 20 seconds left this turn.\n|inactive|Laroxyl has 15 seconds left.\n|inactive|Laroxyl has 10 seconds left.\n|inactive|LNumbers has 120 seconds left.\n|\n|t:|1786294655\n|move|p1a: Alakazam|Psychic|p2a: Chansey\n|-damage|p2a: Chansey|83/100 par\n|move|p2a: Chansey|Thunder Wave|p1a: Alakazam\n|-status|p1a: Alakazam|par\n|\n|upkeep\n|turn|70\n|inactive|Laroxyl has 20 seconds left this turn.\n|inactive|Laroxyl has 15 seconds left.\n|\n|t:|1786294662\n|cant|p1a: Alakazam|par\n|cant|p2a: Chansey|par\n|\n|upkeep\n|turn|71\n|inactive|Laroxyl has 25 seconds left this turn.\n|\n|t:|1786294664\n|move|p1a: Alakazam|Psychic|p2a: Chansey\n|-crit|p2a: Chansey\n|-damage|p2a: Chansey|49/100 par\n|move|p2a: Chansey|Soft-Boiled|p2a: Chansey\n|-heal|p2a: Chansey|99/100 par\n|\n|upkeep\n|turn|72\n|inactive|Laroxyl has 30 seconds left.\n|\n|t:|1786294678\n|move|p1a: Alakazam|Psychic|p2a: Chansey\n|-damage|p2a: Chansey|82/100 par\n|cant|p2a: Chansey|par\n|\n|upkeep\n|turn|73\n|inactive|Laroxyl has 30 seconds left.\n|\n|t:|1786294684\n|switch|p1a: Rhydon|Rhydon|51/100\n|move|p2a: Chansey|Soft-Boiled|p2a: Chansey\n|-heal|p2a: Chansey|100/100 par\n|\n|upkeep\n|turn|74\n|\n|t:|1786294693\n|move|p1a: Rhydon|Earthquake|p2a: Chansey\n|-damage|p2a: Chansey|49/100 par\n|move|p2a: Chansey|Ice Beam|p1a: Rhydon\n|-supereffective|p1a: Rhydon\n|-damage|p1a: Rhydon|0 fnt\n|faint|p1a: Rhydon\n|\n|t:|1786294697\n|switch|p1a: Tauros|Tauros|100/100\n|turn|75\n|\n|t:|1786294708\n|switch|p2a: Snorlax|Snorlax|2/100\n|move|p1a: Tauros|Hyper Beam|p2a: Snorlax\n|-damage|p2a: Snorlax|0 fnt\n|faint|p2a: Snorlax\n|\n|t:|1786294713\n|switch|p2a: Tauros|Tauros|100/100\n|turn|76\n|\n|t:|1786294736\n|move|p1a: Tauros|Body Slam|p2a: Tauros\n|-crit|p2a: Tauros\n|-damage|p2a: Tauros|47/100\n|move|p2a: Tauros|Body Slam|p1a: Tauros\n|-damage|p1a: Tauros|70/100\n|\n|upkeep\n|turn|77\n|inactive|Laroxyl has 60 seconds left.\n|\n|t:|1786294749\n|move|p1a: Tauros|Hyper Beam|p2a: Tauros\n|-damage|p2a: Tauros|0 fnt\n|faint|p2a: Tauros\n|\n|t:|1786294750\n|switch|p2a: Chansey|Chansey|49/100 par\n|turn|78\n|\n|t:|1786294758\n|move|p1a: Tauros|Hyper Beam|p2a: Chansey\n|-damage|p2a: Chansey|0 fnt\n|faint|p2a: Chansey\n|\n|win|LNumbers\n","uploadtime":1786294758,"views":"80","formatid":"gen1ou","rating":null,"private":0,"password":null}