{"id":"smogtours-gen1ou-915662","format":"[Gen 1] OU","players":["Laroxyl","Girls See Ghosts"],"log":"|inactive|Battle timer is ON: inactive players will automatically lose when time's up.\n|t:|1772996555\n|gametype|singles\n|player|p1|Laroxyl|#splxviitigers2|\n|player|p2|Girls See Ghosts|#wcor2025canada|\n|gen|1\n|tier|[Gen 1] OU\n|rule|Desync Clause Mod: Desyncs changed to move failure.\n|rule|Sleep Clause Mod: Limit one foe put to sleep\n|rule|Freeze Clause Mod: Limit one foe frozen\n|rule|Species Clause: Limit one of each Pokémon\n|rule|OHKO Clause: OHKO moves are banned\n|rule|Evasion Moves Clause: Evasion moves are banned\n|rule|Endless Battle Clause: Forcing endless battles is banned\n|rule|HP Percentage Mod: HP is shown in percentages\n|\n|t:|1772996555\n|teamsize|p1|6\n|teamsize|p2|6\n|start\n|switch|p1a: Alakazam|Alakazam|100/100\n|switch|p2a: Alakazam|Alakazam|100/100\n|turn|1\n|c|☆Girls See Ghosts|glhf\n|c|☆Laroxyl|u2\n|rated|Smogon Premier League\n|\n|t:|1772996577\n|switch|p2a: Exeggutor|Exeggutor|100/100\n|move|p1a: Alakazam|Thunder Wave|p2a: Exeggutor\n|-status|p2a: Exeggutor|par\n|\n|upkeep\n|turn|2\n|\n|t:|1772996583\n|move|p1a: Alakazam|Seismic Toss|p2a: Exeggutor\n|-damage|p2a: Exeggutor|75/100 par\n|move|p2a: Exeggutor|Sleep Powder|p1a: Alakazam\n|-status|p1a: Alakazam|slp|[from] move: Sleep Powder\n|\n|upkeep\n|turn|3\n|\n|t:|1772996604\n|switch|p1a: Chansey|Chansey|100/100\n|switch|p2a: Tauros|Tauros|100/100\n|\n|upkeep\n|turn|4\n|inactive|Laroxyl has 270 seconds left.\n|\n|t:|1772996638\n|switch|p2a: Alakazam|Alakazam|100/100\n|move|p1a: Chansey|Thunder Wave|p2a: Alakazam\n|-status|p2a: Alakazam|par\n|\n|upkeep\n|turn|5\n|\n|t:|1772996660\n|move|p1a: Chansey|Thunderbolt|p2a: Alakazam\n|-damage|p2a: Alakazam|81/100 par\n|move|p2a: Alakazam|Thunder Wave|p1a: Chansey\n|-status|p1a: Chansey|par\n|\n|upkeep\n|turn|6\n|\n|t:|1772996676\n|move|p2a: Alakazam|Psychic|p1a: Chansey\n|-crit|p1a: Chansey\n|-damage|p1a: Chansey|66/100 par\n|cant|p1a: Chansey|par\n|\n|upkeep\n|turn|7\n|inactive|Girls See Ghosts has 270 seconds left.\n|\n|t:|1772996735\n|switch|p2a: Snorlax|Snorlax|100/100\n|move|p1a: Chansey|Soft-Boiled|p1a: Chansey\n|-heal|p1a: Chansey|100/100 par\n|\n|upkeep\n|turn|8\n|\n|t:|1772996743\n|switch|p1a: Snorlax|Snorlax|100/100\n|move|p2a: Snorlax|Body Slam|p1a: Snorlax\n|-crit|p1a: Snorlax\n|-damage|p1a: Snorlax|46/100\n|\n|upkeep\n|turn|9\n|\n|t:|1772996754\n|move|p1a: Snorlax|Reflect|p1a: Snorlax\n|-start|p1a: Snorlax|Reflect\n|move|p2a: Snorlax|Reflect|p2a: Snorlax\n|-start|p2a: Snorlax|Reflect\n|\n|upkeep\n|turn|10\n|inactive|Laroxyl has 270 seconds left.\n|\n|t:|1772996768\n|switch|p2a: Zapdos|Zapdos|100/100\n|move|p1a: Snorlax|Rest|p1a: Snorlax\n|-status|p1a: Snorlax|slp|[from] move: Rest\n|-heal|p1a: Snorlax|100/100 slp|[silent]\n|\n|upkeep\n|turn|11\n|inactive|Laroxyl has 270 seconds left.\n|\n|t:|1772996786\n|switch|p1a: Chansey|Chansey|100/100 par\n|move|p2a: Zapdos|Thunderbolt|p1a: Chansey\n|-damage|p1a: Chansey|81/100 par\n|\n|upkeep\n|turn|12\n|\n|t:|1772996805\n|switch|p2a: Alakazam|Alakazam|81/100 par\n|cant|p1a: Chansey|par\n|\n|upkeep\n|turn|13\n|inactive|Laroxyl has 270 seconds left.\n|\n|t:|1772996816\n|move|p2a: Alakazam|Psychic|p1a: Chansey\n|-damage|p1a: Chansey|62/100 par\n|-unboost|p1a: Chansey|spa|1\n|-unboost|p1a: Chansey|spd|1\n|move|p1a: Chansey|Soft-Boiled|p1a: Chansey\n|-heal|p1a: Chansey|100/100 par\n|\n|upkeep\n|turn|14\n|inactive|Laroxyl has 270 seconds left.\n|\n|t:|1772996840\n|switch|p1a: Alakazam|Alakazam|100/100 slp\n|move|p2a: Alakazam|Psychic|p1a: Alakazam\n|-resisted|p1a: Alakazam\n|-damage|p1a: Alakazam|83/100 slp\n|\n|upkeep\n|turn|15\n|\n|t:|1772996851\n|switch|p1a: Exeggutor|Exeggutor|100/100\n|move|p2a: Alakazam|Psychic|p1a: Exeggutor\n|-crit|p1a: Exeggutor\n|-resisted|p1a: Exeggutor\n|-damage|p1a: Exeggutor|75/100\n|\n|upkeep\n|turn|16\n|\n|t:|1772996862\n|move|p1a: Exeggutor|Psychic|p2a: Alakazam\n|-resisted|p2a: Alakazam\n|-damage|p2a: Alakazam|66/100 par\n|move|p2a: Alakazam|Thunder Wave|p1a: Exeggutor\n|-status|p1a: Exeggutor|par\n|\n|upkeep\n|turn|17\n|inactive|Girls See Ghosts has 270 seconds left.\n|\n|t:|1772996869\n|move|p2a: Alakazam|Recover|p2a: Alakazam\n|-heal|p2a: Alakazam|100/100 par\n|move|p1a: Exeggutor|Psychic|p2a: Alakazam\n|-resisted|p2a: Alakazam\n|-damage|p2a: Alakazam|85/100 par\n|-unboost|p2a: Alakazam|spa|1\n|-unboost|p2a: Alakazam|spd|1\n|\n|upkeep\n|turn|18\n|inactive|Laroxyl has 270 seconds left.\n|inactive|Girls See Ghosts has 270 seconds left.\n|\n|t:|1772996885\n|switch|p2a: Exeggutor|Exeggutor|75/100 par\n|move|p1a: Exeggutor|Psychic|p2a: Exeggutor\n|-resisted|p2a: Exeggutor\n|-damage|p2a: Exeggutor|62/100 par\n|\n|upkeep\n|turn|19\n|inactive|Girls See Ghosts has 270 seconds left.\n|inactive|Laroxyl has 270 seconds left.\n|\n|t:|1772996899\n|move|p1a: Exeggutor|Psychic|p2a: Exeggutor\n|-resisted|p2a: Exeggutor\n|-damage|p2a: Exeggutor|50/100 par\n|move|p2a: Exeggutor|Psychic|p1a: Exeggutor\n|-resisted|p1a: Exeggutor\n|-damage|p1a: Exeggutor|61/100 par\n|-unboost|p1a: Exeggutor|spa|1\n|-unboost|p1a: Exeggutor|spd|1\n|\n|upkeep\n|turn|20\n|inactive|Laroxyl has 270 seconds left.\n|\n|t:|1772996927\n|switch|p1a: Alakazam|Alakazam|83/100 slp\n|cant|p2a: Exeggutor|par\n|\n|upkeep\n|turn|21\n|\n|t:|1772996934\n|switch|p1a: Exeggutor|Exeggutor|61/100 par\n|switch|p2a: Tauros|Tauros|100/100\n|\n|upkeep\n|turn|22\n|inactive|Laroxyl has 240 seconds left.\n|\n|t:|1772996987\n|switch|p2a: Exeggutor|Exeggutor|50/100 par\n|move|p1a: Exeggutor|Psychic|p2a: Exeggutor\n|-crit|p2a: Exeggutor\n|-resisted|p2a: Exeggutor\n|-damage|p2a: Exeggutor|22/100 par\n|\n|upkeep\n|turn|23\n|inactive|Laroxyl has 210 seconds left.\n|\n|t:|1772997034\n|switch|p1a: Alakazam|Alakazam|83/100 slp\n|move|p2a: Exeggutor|Rest|p2a: Exeggutor\n|-status|p2a: Exeggutor|slp|[from] move: Rest\n|-heal|p2a: Exeggutor|100/100 slp|[silent]\n|\n|upkeep\n|turn|24\n|inactive|Laroxyl has 180 seconds left.\n|\n|t:|1772997069\n|switch|p1a: Tauros|Tauros|100/100\n|cant|p2a: Exeggutor|slp\n|\n|upkeep\n|turn|25\n|\n|t:|1772997076\n|move|p1a: Tauros|Body Slam|p2a: Exeggutor\n|-damage|p2a: Exeggutor|72/100 slp\n|-curestatus|p2a: Exeggutor|slp|[msg]\n|\n|upkeep\n|turn|26\n|inactive|Laroxyl has 150 seconds left.\n|\n|t:|1772997118\n|switch|p1a: Chansey|Chansey|100/100 par\n|move|p2a: Exeggutor|Psychic|p1a: Chansey\n|-damage|p1a: Chansey|83/100 par\n|\n|upkeep\n|turn|27\n|\n|t:|1772997138\n|switch|p2a: Snorlax|Snorlax|100/100\n|switch|p1a: Exeggutor|Exeggutor|61/100 par\n|\n|upkeep\n|turn|28\n|\n|t:|1772997153\n|switch|p2a: Alakazam|Alakazam|85/100 par\n|move|p1a: Exeggutor|Sleep Powder|p2a: Alakazam\n|-fail|p2a: Alakazam\n|\n|upkeep\n|turn|29\n|inactive|Laroxyl has 120 seconds left.\n|\n|t:|1772997174\n|move|p2a: Alakazam|Psychic|p1a: Exeggutor\n|-resisted|p1a: Exeggutor\n|-damage|p1a: Exeggutor|48/100 par\n|-unboost|p1a: Exeggutor|spa|1\n|-unboost|p1a: Exeggutor|spd|1\n|move|p1a: Exeggutor|Explosion|p2a: Alakazam\n|-damage|p2a: Alakazam|0 fnt\n|faint|p2a: Alakazam\n|faint|p1a: Exeggutor\n|inactive|Laroxyl has 120 seconds left.\n|\n|t:|1772997202\n|switch|p2a: Tauros|Tauros|100/100\n|switch|p1a: Starmie|Starmie|100/100\n|turn|30\n|\n|t:|1772997219\n|switch|p2a: Chansey|Chansey|100/100\n|move|p1a: Starmie|Thunder Wave|p2a: Chansey\n|-status|p2a: Chansey|par\n|\n|upkeep\n|turn|31\n|inactive|Laroxyl has 90 seconds left.\n|\n|t:|1772997234\n|switch|p1a: Snorlax|Snorlax|100/100 slp\n|switch|p2a: Snorlax|Snorlax|100/100\n|\n|upkeep\n|turn|32\n|\n|t:|1772997237\n|move|p2a: Snorlax|Body Slam|p1a: Snorlax\n|-damage|p1a: Snorlax|73/100 slp\n|cant|p1a: Snorlax|slp\n|\n|upkeep\n|turn|33\n|\n|t:|1772997240\n|-curestatus|p1a: Snorlax|slp|[msg]\n|move|p2a: Snorlax|Body Slam|p1a: Snorlax\n|-damage|p1a: Snorlax|47/100\n|\n|upkeep\n|turn|34\n|\n|t:|1772997260\n|move|p1a: Snorlax|Body Slam|p2a: Snorlax\n|-damage|p2a: Snorlax|74/100\n|move|p2a: Snorlax|Body Slam|p1a: Snorlax\n|-damage|p1a: Snorlax|19/100\n|\n|upkeep\n|turn|35\n|\n|t:|1772997268\n|move|p1a: Snorlax|Body Slam|p2a: Snorlax\n|-damage|p2a: Snorlax|49/100\n|move|p2a: Snorlax|Body Slam|p1a: Snorlax\n|-damage|p1a: Snorlax|0 fnt\n|faint|p1a: Snorlax\n|inactive|Laroxyl has 90 seconds left.\n|\n|t:|1772997314\n|switch|p1a: Tauros|Tauros|100/100\n|turn|36\n|\n|t:|1772997329\n|move|p1a: Tauros|Body Slam|p2a: Snorlax\n|-damage|p2a: Snorlax|26/100\n|move|p2a: Snorlax|Body Slam|p1a: Tauros\n|-damage|p1a: Tauros|68/100\n|\n|upkeep\n|turn|37\n|inactive|Laroxyl has 60 seconds left.\n|inactive|Girls See Ghosts has 270 seconds left.\n|inactive|Laroxyl has 30 seconds left.\n|inactive|Girls See Ghosts has 240 seconds left.\n|\n|t:|1772997394\n|move|p1a: Tauros|Body Slam|p2a: Snorlax\n|-crit|p2a: Snorlax\n|-damage|p2a: Snorlax|0 fnt\n|faint|p2a: Snorlax\n|\n|t:|1772997411\n|switch|p2a: Tauros|Tauros|100/100\n|turn|38\n|\n|t:|1772997417\n|move|p1a: Tauros|Body Slam|p2a: Tauros\n|-crit|p2a: Tauros\n|-damage|p2a: Tauros|41/100\n|move|p2a: Tauros|Body Slam|p1a: Tauros\n|-damage|p1a: Tauros|40/100\n|\n|upkeep\n|turn|39\n|inactive|Girls See Ghosts has 240 seconds left.\n|inactive|Laroxyl has 30 seconds left.\n|inactive|Laroxyl has 20 seconds left.\n|\n|t:|1772997451\n|move|p2a: Tauros|Hyper Beam|p1a: Tauros|[miss]\n|-miss|p2a: Tauros\n|move|p1a: Tauros|Body Slam|p2a: Tauros\n|-damage|p2a: Tauros|9/100\n|\n|upkeep\n|turn|40\n|inactive|Laroxyl has 30 seconds left this turn.\n|inactive|Laroxyl has 20 seconds left.\n|inactive|Laroxyl has 15 seconds left.\n|\n|t:|1772997470\n|move|p2a: Tauros|Hyper Beam|p1a: Tauros\n|-damage|p1a: Tauros|0 fnt\n|faint|p1a: Tauros\n|inactive|Laroxyl has 20 seconds left this turn.\n|\n|t:|1772997474\n|switch|p1a: Starmie|Starmie|100/100\n|turn|41\n|inactive|Laroxyl has 30 seconds left this turn.\n|inactive|Laroxyl has 20 seconds left.\n|inactive|Laroxyl has 15 seconds left.\n|\n|t:|1772997490\n|switch|p1a: Chansey|Chansey|83/100 par\n|switch|p2a: Chansey|Chansey|100/100 par\n|\n|upkeep\n|turn|42\n|inactive|Laroxyl has 25 seconds left this turn.\n|inactive|Laroxyl has 20 seconds left.\n|\n|t:|1772997498\n|cant|p2a: Chansey|par\n|move|p1a: Chansey|Thunderbolt|p2a: Chansey\n|-damage|p2a: Chansey|90/100 par\n|\n|upkeep\n|turn|43\n|inactive|Laroxyl has 30 seconds left this turn.\n|\n|t:|1772997502\n|move|p1a: Chansey|Thunderbolt|p2a: Chansey\n|-damage|p2a: Chansey|80/100 par\n|move|p2a: Chansey|Ice Beam|p1a: Chansey\n|-damage|p1a: Chansey|72/100 par\n|\n|upkeep\n|turn|44\n|inactive|Laroxyl has 30 seconds left.\n|\n|t:|1772997516\n|move|p2a: Chansey|Ice Beam|p1a: Chansey\n|-damage|p1a: Chansey|61/100 par\n|move|p1a: Chansey|Soft-Boiled|p1a: Chansey\n|-heal|p1a: Chansey|100/100 par\n|\n|upkeep\n|turn|45\n|\n|t:|1772997520\n|cant|p1a: Chansey|par\n|cant|p2a: Chansey|par\n|\n|upkeep\n|turn|46\n|\n|t:|1772997523\n|cant|p1a: Chansey|par\n|move|p2a: Chansey|Thunder Wave|p1a: Chansey\n|-fail|p1a: Chansey|par\n|\n|upkeep\n|turn|47\n|\n|t:|1772997527\n|move|p1a: Chansey|Thunder Wave|p2a: Chansey\n|-fail|p2a: Chansey|par\n|move|p2a: Chansey|Thunder Wave|p1a: Chansey|[miss]\n|-miss|p2a: Chansey\n|-hint|In Gen 1, moves with 100% accuracy can still miss 1/256 of the time.\n|\n|upkeep\n|turn|48\n|\n|t:|1772997529\n|move|p1a: Chansey|Thunder Wave|p2a: Chansey\n|-fail|p2a: Chansey|par\n|move|p2a: Chansey|Thunder Wave|p1a: Chansey\n|-fail|p1a: Chansey|par\n|\n|upkeep\n|turn|49\n|\n|t:|1772997541\n|cant|p1a: Chansey|par\n|move|p2a: Chansey|Thunder Wave|p1a: Chansey\n|-fail|p1a: Chansey|par\n|\n|upkeep\n|turn|50\n|\n|t:|1772997547\n|move|p1a: Chansey|Thunderbolt|p2a: Chansey\n|-damage|p2a: Chansey|69/100 par\n|cant|p2a: Chansey|par\n|\n|upkeep\n|turn|51\n|\n|t:|1772997552\n|switch|p1a: Alakazam|Alakazam|83/100 slp\n|move|p2a: Chansey|Soft-Boiled|p2a: Chansey\n|-heal|p2a: Chansey|100/100 par\n|\n|upkeep\n|turn|52\n|\n|t:|1772997559\n|switch|p2a: Zapdos|Zapdos|100/100\n|cant|p1a: Alakazam|slp\n|\n|upkeep\n|turn|53\n|inactive|Laroxyl has 90 seconds left.\n|\n|t:|1772997582\n|-curestatus|p1a: Alakazam|slp|[msg]\n|move|p2a: Zapdos|Drill Peck|p1a: Alakazam\n|-damage|p1a: Alakazam|38/100\n|\n|upkeep\n|turn|54\n|inactive|Laroxyl has 90 seconds left.\n|\n|t:|1772997598\n|move|p1a: Alakazam|Recover|p1a: Alakazam\n|-heal|p1a: Alakazam|88/100\n|move|p2a: Zapdos|Thunder Wave|p1a: Alakazam\n|-status|p1a: Alakazam|par\n|\n|upkeep\n|turn|55\n|\n|t:|1772997624\n|move|p2a: Zapdos|Drill Peck|p1a: Alakazam\n|-crit|p1a: Alakazam\n|-damage|p1a: Alakazam|3/100 par\n|move|p1a: Alakazam|Thunder Wave|p2a: Zapdos\n|-status|p2a: Zapdos|par\n|\n|upkeep\n|turn|56\n|\n|t:|1772997637\n|move|p1a: Alakazam|Recover|p1a: Alakazam\n|-heal|p1a: Alakazam|53/100 par\n|move|p2a: Zapdos|Agility|p2a: Zapdos\n|-boost|p2a: Zapdos|spe|2\n|\n|upkeep\n|turn|57\n|\n|t:|1772997649\n|switch|p1a: Chansey|Chansey|100/100 par\n|move|p2a: Zapdos|Drill Peck|p1a: Chansey\n|-damage|p1a: Chansey|64/100 par\n|\n|upkeep\n|turn|58\n|\n|t:|1772997657\n|move|p2a: Zapdos|Drill Peck|p1a: Chansey\n|-crit|p1a: Chansey\n|-damage|p1a: Chansey|0 fnt\n|faint|p1a: Chansey\n|\n|t:|1772997659\n|switch|p1a: Alakazam|Alakazam|53/100 par\n|turn|59\n|\n|t:|1772997682\n|move|p2a: Zapdos|Drill Peck|p1a: Alakazam\n|-damage|p1a: Alakazam|10/100 par\n|move|p1a: Alakazam|Recover|p1a: Alakazam\n|-heal|p1a: Alakazam|60/100 par\n|\n|upkeep\n|turn|60\n|\n|t:|1772997686\n|move|p2a: Zapdos|Drill Peck|p1a: Alakazam\n|-damage|p1a: Alakazam|16/100 par\n|cant|p1a: Alakazam|par\n|\n|upkeep\n|turn|61\n|\n|t:|1772997689\n|move|p2a: Zapdos|Thunderbolt|p1a: Alakazam\n|-crit|p1a: Alakazam\n|-damage|p1a: Alakazam|0 fnt\n|faint|p1a: Alakazam\n|\n|t:|1772997691\n|switch|p1a: Starmie|Starmie|100/100\n|turn|62\n|\n|t:|1772997695\n|move|p2a: Zapdos|Thunder Wave|p1a: Starmie\n|-status|p1a: Starmie|par\n|move|p1a: Starmie|Surf|p2a: Zapdos\n|-damage|p2a: Zapdos|75/100 par\n|\n|upkeep\n|turn|63\n|\n|t:|1772997700\n|move|p2a: Zapdos|Thunderbolt|p1a: Starmie\n|-supereffective|p1a: Starmie\n|-damage|p1a: Starmie|23/100 par\n|move|p1a: Starmie|Surf|p2a: Zapdos\n|-damage|p2a: Zapdos|50/100 par\n|\n|upkeep\n|turn|64\n|\n|t:|1772997704\n|cant|p2a: Zapdos|par\n|move|p1a: Starmie|Surf|p2a: Zapdos\n|-damage|p2a: Zapdos|24/100 par\n|\n|upkeep\n|turn|65\n|\n|t:|1772997706\n|move|p2a: Zapdos|Thunderbolt|p1a: Starmie\n|-supereffective|p1a: Starmie\n|-damage|p1a: Starmie|0 fnt\n|faint|p1a: Starmie\n|\n|win|Girls See Ghosts\n|c|☆Girls See Ghosts|gg\n|c|☆Laroxyl|gg\n|player|p1|\n","uploadtime":1772997706,"views":"805","formatid":"gen1ou","rating":null,"private":0,"password":null}