{"id":"smogtours-gen1ou-947280","format":"[Gen 1] OU","players":["yimb","Teh"],"log":"|inactive|Battle timer is ON: inactive players will automatically lose when time's up.\n|t:|1781481396\n|gametype|singles\n|player|p1|yimb|doctor|\n|player|p2|Teh|#rbywc2025|\n|gen|1\n|tier|[Gen 1] OU\n|rule|Desync Clause Mod: Desyncs changed to move failure.\n|rule|HP Percentage Mod: HP is shown in percentages\n|rule|Endless Battle Clause: Forcing endless battles is banned\n|rule|Sleep Clause Mod: Limit one foe put to sleep\n|rule|Freeze Clause Mod: Limit one foe frozen\n|rule|Species Clause: Limit one of each Pokémon\n|rule|OHKO Clause: OHKO moves are banned\n|rule|Evasion Moves Clause: Evasion moves are banned\n|\n|t:|1781481396\n|teamsize|p1|6\n|teamsize|p2|6\n|start\n|switch|p1a: Jynx|Jynx|100/100\n|switch|p2a: Jynx|Jynx|100/100\n|turn|1\n|c|☆Teh|hf\n|\n|t:|1781481411\n|move|p1a: Jynx|Lovely Kiss|p2a: Jynx\n|-status|p2a: Jynx|slp|[from] move: Lovely Kiss\n|cant|p2a: Jynx|slp\n|\n|upkeep\n|turn|2\n|\n|t:|1781481418\n|move|p1a: Jynx|Psychic|p2a: Jynx\n|-resisted|p2a: Jynx\n|-damage|p2a: Jynx|84/100 slp\n|cant|p2a: Jynx|slp\n|\n|upkeep\n|turn|3\n|\n|t:|1781481427\n|cant|p2a: Jynx|slp\n|move|p1a: Jynx|Psychic|p2a: Jynx\n|-resisted|p2a: Jynx\n|-damage|p2a: Jynx|68/100 slp\n|-unboost|p2a: Jynx|spa|1\n|-unboost|p2a: Jynx|spd|1\n|\n|upkeep\n|turn|4\n|\n|t:|1781481433\n|cant|p2a: Jynx|slp\n|move|p1a: Jynx|Psychic|p2a: Jynx\n|-resisted|p2a: Jynx\n|-damage|p2a: Jynx|46/100 slp\n|\n|upkeep\n|turn|5\n|\n|t:|1781481438\n|switch|p2a: Snorlax|Snorlax|100/100\n|move|p1a: Jynx|Psychic|p2a: Snorlax\n|-damage|p2a: Snorlax|76/100\n|\n|upkeep\n|turn|6\n|\n|t:|1781481444\n|move|p2a: Snorlax|Body Slam|p1a: Jynx\n|-damage|p1a: Jynx|47/100\n|-status|p1a: Jynx|par\n|move|p1a: Jynx|Counter|p2a: Snorlax\n|-damage|p2a: Snorlax|8/100\n|\n|upkeep\n|turn|7\n|\n|t:|1781481459\n|switch|p1a: Chansey|Chansey|100/100\n|move|p2a: Snorlax|Body Slam|p1a: Chansey\n|-damage|p1a: Chansey|58/100\n|\n|upkeep\n|turn|8\n|\n|t:|1781481470\n|switch|p2a: Gengar|Gengar|100/100\n|move|p1a: Chansey|Ice Beam|p2a: Gengar\n|-damage|p2a: Gengar|79/100\n|\n|upkeep\n|turn|9\n|\n|t:|1781481479\n|switch|p2a: Snorlax|Snorlax|8/100\n|switch|p1a: Jynx|Jynx|47/100 par\n|\n|upkeep\n|turn|10\n|\n|t:|1781481484\n|move|p2a: Snorlax|Hyper Beam|p1a: Jynx\n|-damage|p1a: Jynx|0 fnt\n|faint|p1a: Jynx\n|inactive|yimb has 270 seconds left.\n|\n|t:|1781481520\n|switch|p1a: Exeggutor|Exeggutor|100/100\n|turn|11\n|\n|t:|1781481541\n|switch|p2a: Exeggutor|Exeggutor|100/100\n|move|p1a: Exeggutor|Psychic|p2a: Exeggutor\n|-resisted|p2a: Exeggutor\n|-damage|p2a: Exeggutor|87/100\n|\n|upkeep\n|turn|12\n|\n|t:|1781481547\n|move|p1a: Exeggutor|Stun Spore|p2a: Exeggutor\n|-status|p2a: Exeggutor|par\n|move|p2a: Exeggutor|Psychic|p1a: Exeggutor\n|-resisted|p1a: Exeggutor\n|-damage|p1a: Exeggutor|87/100\n|\n|upkeep\n|turn|13\n|\n|t:|1781481553\n|move|p1a: Exeggutor|Psychic|p2a: Exeggutor\n|-resisted|p2a: Exeggutor\n|-damage|p2a: Exeggutor|75/100 par\n|move|p2a: Exeggutor|Psychic|p1a: Exeggutor\n|-resisted|p1a: Exeggutor\n|-damage|p1a: Exeggutor|73/100\n|\n|upkeep\n|turn|14\n|\n|t:|1781481560\n|move|p1a: Exeggutor|Psychic|p2a: Exeggutor\n|-crit|p2a: Exeggutor\n|-resisted|p2a: Exeggutor\n|-damage|p2a: Exeggutor|49/100 par\n|move|p2a: Exeggutor|Psychic|p1a: Exeggutor\n|-crit|p1a: Exeggutor\n|-resisted|p1a: Exeggutor\n|-damage|p1a: Exeggutor|49/100\n|\n|upkeep\n|turn|15\n|\n|t:|1781481568\n|move|p1a: Exeggutor|Explosion|p2a: Exeggutor\n|-damage|p2a: Exeggutor|0 fnt\n|faint|p2a: Exeggutor\n|faint|p1a: Exeggutor\n|\n|t:|1781481581\n|switch|p1a: Chansey|Chansey|58/100\n|switch|p2a: Zapdos|Zapdos|100/100\n|turn|16\n|\n|t:|1781481585\n|switch|p2a: Jynx|Jynx|46/100 slp\n|move|p1a: Chansey|Thunder Wave|p2a: Jynx\n|-fail|p2a: Jynx\n|\n|upkeep\n|turn|17\n|\n|t:|1781481590\n|cant|p2a: Jynx|slp\n|move|p1a: Chansey|Thunderbolt|p2a: Jynx\n|-damage|p2a: Jynx|21/100 slp\n|\n|upkeep\n|turn|18\n|\n|t:|1781481595\n|-curestatus|p2a: Jynx|slp|[msg]\n|move|p1a: Chansey|Soft-Boiled|p1a: Chansey\n|-heal|p1a: Chansey|100/100\n|\n|upkeep\n|turn|19\n|\n|t:|1781481604\n|move|p2a: Jynx|Lovely Kiss|p1a: Chansey|[miss]\n|-miss|p2a: Jynx\n|move|p1a: Chansey|Thunderbolt|p2a: Jynx\n|-damage|p2a: Jynx|0 fnt\n|faint|p2a: Jynx\n|\n|t:|1781481607\n|switch|p2a: Gengar|Gengar|79/100\n|turn|20\n|\n|t:|1781481612\n|move|p2a: Gengar|Hypnosis|p1a: Chansey\n|-status|p1a: Chansey|slp|[from] move: Hypnosis\n|cant|p1a: Chansey|slp\n|\n|upkeep\n|turn|21\n|\n|t:|1781481615\n|move|p2a: Gengar|Psychic|p1a: Chansey\n|-damage|p1a: Chansey|89/100 slp\n|cant|p1a: Chansey|slp\n|\n|upkeep\n|turn|22\n|\n|t:|1781481618\n|switch|p1a: Snorlax|Snorlax|100/100\n|move|p2a: Gengar|Psychic|p1a: Snorlax\n|-damage|p1a: Snorlax|81/100\n|\n|upkeep\n|turn|23\n|\n|t:|1781481625\n|move|p2a: Gengar|Psychic|p1a: Snorlax\n|-damage|p1a: Snorlax|61/100\n|move|p1a: Snorlax|Body Slam|p2a: Gengar\n|-immune|p2a: Gengar\n|\n|upkeep\n|turn|24\n|\n|t:|1781481629\n|move|p2a: Gengar|Psychic|p1a: Snorlax\n|-damage|p1a: Snorlax|39/100\n|move|p1a: Snorlax|Earthquake|p2a: Gengar\n|-supereffective|p2a: Gengar\n|-damage|p2a: Gengar|6/100\n|\n|upkeep\n|turn|25\n|\n|t:|1781481637\n|move|p2a: Gengar|Thunderbolt|p1a: Snorlax\n|-damage|p1a: Snorlax|17/100\n|move|p1a: Snorlax|Earthquake|p2a: Gengar\n|-supereffective|p2a: Gengar\n|-damage|p2a: Gengar|0 fnt\n|faint|p2a: Gengar\n|\n|t:|1781481645\n|switch|p2a: Tauros|Tauros|100/100\n|turn|26\n|\n|t:|1781481649\n|switch|p1a: Chansey|Chansey|89/100 slp\n|move|p2a: Tauros|Body Slam|p1a: Chansey\n|-damage|p1a: Chansey|53/100 slp\n|\n|upkeep\n|turn|27\n|\n|t:|1781481656\n|move|p2a: Tauros|Earthquake|p1a: Chansey\n|-damage|p1a: Chansey|23/100 slp\n|cant|p1a: Chansey|slp\n|\n|upkeep\n|turn|28\n|\n|t:|1781481661\n|move|p2a: Tauros|Body Slam|p1a: Chansey\n|-damage|p1a: Chansey|0 fnt\n|faint|p1a: Chansey\n|\n|t:|1781481664\n|switch|p1a: Starmie|Starmie|100/100\n|turn|29\n|\n|t:|1781481668\n|switch|p2a: Snorlax|Snorlax|8/100\n|move|p1a: Starmie|Thunder Wave|p2a: Snorlax\n|-status|p2a: Snorlax|par\n|\n|upkeep\n|turn|30\n|\n|t:|1781481677\n|move|p1a: Starmie|Psychic|p2a: Snorlax\n|-damage|p2a: Snorlax|0 fnt\n|faint|p2a: Snorlax\n|\n|t:|1781481679\n|switch|p2a: Zapdos|Zapdos|100/100\n|turn|31\n|\n|t:|1781481688\n|switch|p1a: Snorlax|Snorlax|17/100\n|move|p2a: Zapdos|Agility|p2a: Zapdos\n|-boost|p2a: Zapdos|spe|2\n|\n|upkeep\n|turn|32\n|\n|t:|1781481691\n|move|p2a: Zapdos|Thunderbolt|p1a: Snorlax\n|-damage|p1a: Snorlax|0 fnt\n|faint|p1a: Snorlax\n|\n|t:|1781481694\n|switch|p1a: Tauros|Tauros|100/100\n|turn|33\n|\n|t:|1781481698\n|move|p2a: Zapdos|Thunderbolt|p1a: Tauros\n|-damage|p1a: Tauros|56/100\n|move|p1a: Tauros|Body Slam|p2a: Zapdos\n|-crit|p2a: Zapdos\n|-damage|p2a: Zapdos|45/100\n|\n|upkeep\n|turn|34\n|\n|t:|1781481716\n|move|p2a: Zapdos|Thunderbolt|p1a: Tauros\n|-damage|p1a: Tauros|12/100\n|move|p1a: Tauros|Hyper Beam|p2a: Zapdos\n|-crit|p2a: Zapdos\n|-damage|p2a: Zapdos|0 fnt\n|faint|p2a: Zapdos\n|\n|t:|1781481718\n|switch|p2a: Tauros|Tauros|100/100\n|turn|35\n|\n|t:|1781481724\n|move|p2a: Tauros|Body Slam|p1a: Tauros\n|-damage|p1a: Tauros|0 fnt\n|faint|p1a: Tauros\n|\n|t:|1781481727\n|switch|p1a: Starmie|Starmie|100/100\n|turn|36\n|\n|t:|1781481729\n|move|p1a: Starmie|Thunder Wave|p2a: Tauros\n|-status|p2a: Tauros|par\n|cant|p2a: Tauros|par\n|\n|upkeep\n|turn|37\n|\n|t:|1781481734\n|move|p1a: Starmie|Psychic|p2a: Tauros\n|-damage|p2a: Tauros|65/100 par\n|-unboost|p2a: Tauros|spa|1\n|-unboost|p2a: Tauros|spd|1\n|move|p2a: Tauros|Body Slam|p1a: Starmie\n|-damage|p1a: Starmie|68/100\n|\n|upkeep\n|turn|38\n|\n|t:|1781481747\n|move|p1a: Starmie|Psychic|p2a: Tauros\n|-damage|p2a: Tauros|8/100 par\n|-unboost|p2a: Tauros|spa|1\n|-unboost|p2a: Tauros|spd|1\n|move|p2a: Tauros|Hyper Beam|p1a: Starmie\n|-damage|p1a: Starmie|7/100\n|-mustrecharge|p2a: Tauros\n|\n|upkeep\n|turn|39\n|c|☆Teh|gg\n|\n|t:|1781481753\n|move|p1a: Starmie|Psychic|p2a: Tauros\n|-crit|p2a: Tauros\n|-damage|p2a: Tauros|0 fnt\n|faint|p2a: Tauros\n|\n|win|yimb\n|c|☆yimb|gg\n|player|p2|\n","uploadtime":1781481753,"views":"103","formatid":"gen1ou","rating":null,"private":0,"password":null}