{"id":"smogtours-gen1ou-815826","format":"[Gen 1] OU","players":["Amaranth","WarumFelix"],"log":"|inactive|Battle timer is ON: inactive players will automatically lose when time's up.\n|t:|1737800788\n|gametype|singles\n|player|p1|Amaranth|#splxviruiners|\n|player|p2|WarumFelix|boarder|\n|teamsize|p1|6\n|teamsize|p2|6\n|gen|1\n|tier|[Gen 1] OU\n|rule|Desync Clause Mod: Desyncs changed to move failure.\n|rule|Sleep Clause Mod: Limit one foe put to sleep\n|rule|Freeze Clause Mod: Limit one foe frozen\n|rule|Species Clause: Limit one of each Pokémon\n|rule|OHKO Clause: OHKO moves are banned\n|rule|Evasion Moves Clause: Evasion moves are banned\n|rule|Endless Battle Clause: Forcing endless battles is banned\n|rule|HP Percentage Mod: HP is shown in percentages\n|\n|t:|1737800788\n|start\n|switch|p1a: Starmie|Starmie|100/100\n|switch|p2a: Starmie|Starmie|100/100\n|turn|1\n|c|☆WarumFelix|glhf\n|c|☆Amaranth|glhf\n|\n|t:|1737800806\n|move|p2a: Starmie|Blizzard|p1a: Starmie\n|-resisted|p1a: Starmie\n|-damage|p1a: Starmie|86/100\n|move|p1a: Starmie|Blizzard|p2a: Starmie\n|-resisted|p2a: Starmie\n|-damage|p2a: Starmie|87/100\n|\n|upkeep\n|turn|2\n|\n|t:|1737800808\n|switch|p2a: Chansey|Chansey|100/100\n|move|p1a: Starmie|Blizzard|p2a: Chansey\n|-damage|p2a: Chansey|87/100\n|\n|upkeep\n|turn|3\n|\n|t:|1737800811\n|move|p1a: Starmie|Blizzard|p2a: Chansey|[miss]\n|-miss|p1a: Starmie\n|move|p2a: Chansey|Sing|p1a: Starmie|[miss]\n|-miss|p2a: Chansey\n|\n|upkeep\n|turn|4\n|\n|t:|1737800813\n|move|p1a: Starmie|Blizzard|p2a: Chansey|[miss]\n|-miss|p1a: Starmie\n|move|p2a: Chansey|Sing|p1a: Starmie|[miss]\n|-miss|p2a: Chansey\n|\n|upkeep\n|turn|5\n|\n|t:|1737800814\n|move|p1a: Starmie|Blizzard|p2a: Chansey\n|-damage|p2a: Chansey|75/100\n|-status|p2a: Chansey|frz\n|cant|p2a: Chansey|frz\n|\n|upkeep\n|turn|6\n|inactive|WarumFelix has 270 seconds left.\n|\n|t:|1737800851\n|move|p1a: Starmie|Thunder Wave|p2a: Chansey\n|-fail|p2a: Chansey\n|cant|p2a: Chansey|frz\n|\n|upkeep\n|turn|7\n|\n|t:|1737800853\n|move|p1a: Starmie|Thunder Wave|p2a: Chansey\n|-fail|p2a: Chansey\n|cant|p2a: Chansey|frz\n|\n|upkeep\n|turn|8\n|\n|t:|1737800854\n|move|p1a: Starmie|Thunder Wave|p2a: Chansey\n|-fail|p2a: Chansey\n|cant|p2a: Chansey|frz\n|\n|upkeep\n|turn|9\n|\n|t:|1737800856\n|switch|p1a: Tauros|Tauros|100/100\n|cant|p2a: Chansey|frz\n|\n|upkeep\n|turn|10\n|\n|t:|1737800858\n|move|p1a: Tauros|Body Slam|p2a: Chansey\n|-crit|p2a: Chansey\n|-damage|p2a: Chansey|0 fnt\n|faint|p2a: Chansey\n|\n|t:|1737800859\n|switch|p2a: Exeggutor|Exeggutor|100/100\n|turn|11\n|inactive|Amaranth has 270 seconds left.\n|\n|t:|1737800889\n|switch|p1a: Rhydon|Rhydon|100/100\n|move|p2a: Exeggutor|Sleep Powder|p1a: Rhydon|[miss]\n|-miss|p2a: Exeggutor\n|\n|upkeep\n|turn|12\n|\n|t:|1737800904\n|move|p2a: Exeggutor|Sleep Powder|p1a: Rhydon\n|-status|p1a: Rhydon|slp|[from] move: Sleep Powder\n|-curestatus|p1a: Rhydon|slp|[msg]\n|\n|upkeep\n|turn|13\n|\n|t:|1737800907\n|move|p2a: Exeggutor|Sleep Powder|p1a: Rhydon\n|-status|p1a: Rhydon|slp|[from] move: Sleep Powder\n|cant|p1a: Rhydon|slp\n|\n|upkeep\n|turn|14\n|\n|t:|1737800912\n|switch|p1a: Starmie|Starmie|86/100\n|move|p2a: Exeggutor|Stun Spore|p1a: Starmie\n|-status|p1a: Starmie|par\n|\n|upkeep\n|turn|15\n|\n|t:|1737800940\n|switch|p2a: Starmie|Starmie|87/100\n|move|p1a: Starmie|Blizzard|p2a: Starmie\n|-resisted|p2a: Starmie\n|-damage|p2a: Starmie|72/100\n|\n|upkeep\n|turn|16\n|inactive|WarumFelix has 270 seconds left.\n|\n|t:|1737800970\n|switch|p2a: Snorlax|Snorlax|100/100\n|move|p1a: Starmie|Thunder Wave|p2a: Snorlax\n|-status|p2a: Snorlax|par\n|\n|upkeep\n|turn|17\n|\n|t:|1737800976\n|switch|p1a: Chansey|Chansey|100/100\n|move|p2a: Snorlax|Body Slam|p1a: Chansey\n|-damage|p1a: Chansey|60/100\n|\n|upkeep\n|turn|18\n|\n|t:|1737800983\n|move|p1a: Chansey|Reflect|p1a: Chansey\n|-start|p1a: Chansey|Reflect\n|move|p2a: Snorlax|Earthquake|p1a: Chansey\n|-damage|p1a: Chansey|43/100\n|\n|upkeep\n|turn|19\n|\n|t:|1737800993\n|switch|p2a: Starmie|Starmie|72/100\n|move|p1a: Chansey|Soft-Boiled|p1a: Chansey\n|-heal|p1a: Chansey|93/100\n|\n|upkeep\n|turn|20\n|\n|t:|1737800996\n|move|p2a: Starmie|Thunder Wave|p1a: Chansey\n|-status|p1a: Chansey|par\n|move|p1a: Chansey|Thunder Wave|p2a: Starmie\n|-status|p2a: Starmie|par\n|\n|upkeep\n|turn|21\n|\n|t:|1737801002\n|move|p2a: Starmie|Psychic|p1a: Chansey\n|-crit|p1a: Chansey\n|-damage|p1a: Chansey|66/100 par\n|move|p1a: Chansey|Seismic Toss|p2a: Starmie\n|-damage|p2a: Starmie|41/100 par\n|\n|upkeep\n|turn|22\n|\n|t:|1737801007\n|move|p2a: Starmie|Recover|p2a: Starmie\n|-heal|p2a: Starmie|91/100 par\n|move|p1a: Chansey|Seismic Toss|p2a: Starmie\n|-damage|p2a: Starmie|60/100 par\n|\n|upkeep\n|turn|23\n|\n|t:|1737801009\n|move|p2a: Starmie|Recover|p2a: Starmie\n|-heal|p2a: Starmie|100/100 par\n|cant|p1a: Chansey|par\n|\n|upkeep\n|turn|24\n|\n|t:|1737801013\n|cant|p2a: Starmie|par\n|move|p1a: Chansey|Soft-Boiled|p1a: Chansey\n|-heal|p1a: Chansey|100/100 par\n|\n|upkeep\n|turn|25\n|\n|t:|1737801014\n|cant|p2a: Starmie|par\n|move|p1a: Chansey|Seismic Toss|p2a: Starmie\n|-damage|p2a: Starmie|70/100 par\n|\n|upkeep\n|turn|26\n|\n|t:|1737801017\n|move|p2a: Starmie|Recover|p2a: Starmie\n|-heal|p2a: Starmie|100/100 par\n|move|p1a: Chansey|Seismic Toss|p2a: Starmie\n|-damage|p2a: Starmie|70/100 par\n|\n|upkeep\n|turn|27\n|\n|t:|1737801018\n|move|p2a: Starmie|Recover|p2a: Starmie\n|-heal|p2a: Starmie|100/100 par\n|move|p1a: Chansey|Seismic Toss|p2a: Starmie\n|-damage|p2a: Starmie|70/100 par\n|\n|upkeep\n|turn|28\n|\n|t:|1737801019\n|move|p2a: Starmie|Recover|p2a: Starmie\n|-heal|p2a: Starmie|100/100 par\n|move|p1a: Chansey|Seismic Toss|p2a: Starmie\n|-damage|p2a: Starmie|70/100 par\n|\n|upkeep\n|turn|29\n|\n|t:|1737801020\n|move|p2a: Starmie|Recover|p2a: Starmie\n|-heal|p2a: Starmie|100/100 par\n|move|p1a: Chansey|Seismic Toss|p2a: Starmie\n|-damage|p2a: Starmie|70/100 par\n|\n|upkeep\n|turn|30\n|\n|t:|1737801022\n|cant|p2a: Starmie|par\n|cant|p1a: Chansey|par\n|\n|upkeep\n|turn|31\n|\n|t:|1737801023\n|move|p2a: Starmie|Recover|p2a: Starmie\n|-heal|p2a: Starmie|100/100 par\n|move|p1a: Chansey|Seismic Toss|p2a: Starmie\n|-damage|p2a: Starmie|70/100 par\n|\n|upkeep\n|turn|32\n|\n|t:|1737801024\n|move|p2a: Starmie|Recover|p2a: Starmie\n|-heal|p2a: Starmie|100/100 par\n|move|p1a: Chansey|Seismic Toss|p2a: Starmie\n|-damage|p2a: Starmie|70/100 par\n|\n|upkeep\n|turn|33\n|\n|t:|1737801025\n|move|p2a: Starmie|Recover|p2a: Starmie\n|-heal|p2a: Starmie|100/100 par\n|move|p1a: Chansey|Seismic Toss|p2a: Starmie\n|-damage|p2a: Starmie|70/100 par\n|\n|upkeep\n|turn|34\n|\n|t:|1737801026\n|move|p2a: Starmie|Recover|p2a: Starmie\n|-heal|p2a: Starmie|100/100 par\n|cant|p1a: Chansey|par\n|\n|upkeep\n|turn|35\n|\n|t:|1737801028\n|move|p2a: Starmie|Psychic|p1a: Chansey\n|-crit|p1a: Chansey\n|-damage|p1a: Chansey|71/100 par\n|move|p1a: Chansey|Seismic Toss|p2a: Starmie\n|-damage|p2a: Starmie|70/100 par\n|\n|upkeep\n|turn|36\n|\n|t:|1737801030\n|cant|p2a: Starmie|par\n|cant|p1a: Chansey|par\n|\n|upkeep\n|turn|37\n|\n|t:|1737801031\n|move|p2a: Starmie|Recover|p2a: Starmie\n|-heal|p2a: Starmie|100/100 par\n|move|p1a: Chansey|Seismic Toss|p2a: Starmie\n|-damage|p2a: Starmie|70/100 par\n|\n|upkeep\n|turn|38\n|\n|t:|1737801033\n|cant|p2a: Starmie|par\n|cant|p1a: Chansey|par\n|\n|upkeep\n|turn|39\n|\n|t:|1737801036\n|cant|p2a: Starmie|par\n|move|p1a: Chansey|Seismic Toss|p2a: Starmie\n|-damage|p2a: Starmie|39/100 par\n|\n|upkeep\n|turn|40\n|\n|t:|1737801055\n|switch|p1a: Snorlax|Snorlax|100/100\n|cant|p2a: Starmie|par\n|\n|upkeep\n|turn|41\n|inactive|WarumFelix has 270 seconds left.\n|inactive|WarumFelix has 240 seconds left.\n|\n|t:|1737801134\n|switch|p2a: Snorlax|Snorlax|100/100 par\n|move|p1a: Snorlax|Body Slam|p2a: Snorlax\n|-damage|p2a: Snorlax|73/100 par\n|\n|upkeep\n|turn|42\n|\n|t:|1737801149\n|move|p1a: Snorlax|Amnesia|p1a: Snorlax\n|-boost|p1a: Snorlax|spa|2\n|-boost|p1a: Snorlax|spd|2\n|move|p2a: Snorlax|Reflect|p2a: Snorlax\n|-start|p2a: Snorlax|Reflect\n|\n|upkeep\n|turn|43\n|inactive|WarumFelix has 240 seconds left.\n|inactive|WarumFelix has 210 seconds left.\n|\n|t:|1737801184\n|move|p1a: Snorlax|Blizzard|p2a: Snorlax|[miss]\n|-miss|p1a: Snorlax\n|move|p2a: Snorlax|Body Slam|p1a: Snorlax\n|-damage|p1a: Snorlax|76/100\n|\n|upkeep\n|turn|44\n|\n|t:|1737801190\n|move|p1a: Snorlax|Blizzard|p2a: Snorlax\n|-damage|p2a: Snorlax|35/100 par\n|move|p2a: Snorlax|Body Slam|p1a: Snorlax\n|-damage|p1a: Snorlax|51/100\n|\n|upkeep\n|turn|45\n|inactive|WarumFelix has 210 seconds left.\n|\n|t:|1737801209\n|move|p1a: Snorlax|Blizzard|p2a: Snorlax\n|-damage|p2a: Snorlax|0 fnt\n|faint|p2a: Snorlax\n|inactive|WarumFelix has 210 seconds left.\n|\n|t:|1737801237\n|switch|p2a: Tauros|Tauros|100/100\n|turn|46\n|\n|t:|1737801239\n|switch|p2a: Starmie|Starmie|39/100 par\n|move|p1a: Snorlax|Blizzard|p2a: Starmie\n|-resisted|p2a: Starmie\n|-damage|p2a: Starmie|17/100 par\n|\n|upkeep\n|turn|47\n|c|☆Amaranth|nice try\n|inactive|WarumFelix has 180 seconds left.\n|\n|t:|1737801273\n|switch|p2a: Exeggutor|Exeggutor|100/100\n|move|p1a: Snorlax|Body Slam|p2a: Exeggutor\n|-damage|p2a: Exeggutor|69/100\n|\n|upkeep\n|turn|48\n|inactive|WarumFelix has 180 seconds left.\n|\n|t:|1737801287\n|move|p2a: Exeggutor|Psychic|p1a: Snorlax\n|-damage|p1a: Snorlax|36/100\n|move|p1a: Snorlax|Blizzard|p2a: Exeggutor\n|-supereffective|p2a: Exeggutor\n|-damage|p2a: Exeggutor|7/100\n|\n|upkeep\n|turn|49\n|inactive|WarumFelix has 180 seconds left.\n|\n|t:|1737801312\n|switch|p1a: Rhydon|Rhydon|100/100 slp\n|move|p2a: Exeggutor|Explosion|p1a: Rhydon\n|-crit|p1a: Rhydon\n|-resisted|p1a: Rhydon\n|-damage|p1a: Rhydon|46/100 slp\n|faint|p2a: Exeggutor\n|\n|t:|1737801317\n|switch|p2a: Starmie|Starmie|17/100 par\n|turn|50\n|\n|t:|1737801324\n|switch|p1a: Snorlax|Snorlax|36/100\n|move|p2a: Starmie|Recover|p2a: Starmie\n|-heal|p2a: Starmie|67/100 par\n|\n|upkeep\n|turn|51\n|inactive|WarumFelix has 180 seconds left.\n|\n|t:|1737801352\n|move|p1a: Snorlax|Self-Destruct|p2a: Starmie\n|-damage|p2a: Starmie|0 fnt\n|faint|p2a: Starmie\n|faint|p1a: Snorlax\n|\n|t:|1737801357\n|switch|p1a: Exeggutor|Exeggutor|100/100\n|switch|p2a: Zapdos|Zapdos|100/100\n|turn|52\n|inactive|Amaranth has 270 seconds left.\n|inactive|Amaranth has 240 seconds left.\n|inactive|Amaranth has 210 seconds left.\n|inactive|Amaranth has 180 seconds left.\n|\n|t:|1737801496\n|switch|p1a: Rhydon|Rhydon|46/100 slp\n|move|p2a: Zapdos|Drill Peck|p1a: Rhydon\n|-resisted|p1a: Rhydon\n|-damage|p1a: Rhydon|36/100 slp\n|\n|upkeep\n|turn|53\n|rated|Smogon Premier League\n|inactive|WarumFelix has 180 seconds left.\n|\n|t:|1737801504\n|switch|p2a: Tauros|Tauros|100/100\n|cant|p1a: Rhydon|slp\n|\n|upkeep\n|turn|54\n|inactive|Amaranth has 180 seconds left.\n|inactive|WarumFelix has 180 seconds left.\n|\n|t:|1737801517\n|move|p2a: Tauros|Earthquake|p1a: Rhydon\n|-supereffective|p1a: Rhydon\n|-damage|p1a: Rhydon|3/100 slp\n|-curestatus|p1a: Rhydon|slp|[msg]\n|\n|upkeep\n|turn|55\n|\n|t:|1737801527\n|move|p2a: Tauros|Body Slam|p1a: Rhydon\n|-resisted|p1a: Rhydon\n|-damage|p1a: Rhydon|0 fnt\n|faint|p1a: Rhydon\n|\n|t:|1737801528\n|switch|p1a: Exeggutor|Exeggutor|100/100\n|turn|56\n|inactive|WarumFelix has 180 seconds left.\n|\n|t:|1737801561\n|move|p2a: Tauros|Body Slam|p1a: Exeggutor\n|-damage|p1a: Exeggutor|70/100\n|move|p1a: Exeggutor|Sleep Powder|p2a: Tauros\n|-status|p2a: Tauros|slp|[from] move: Sleep Powder\n|\n|upkeep\n|turn|57\n|\n|t:|1737801564\n|cant|p2a: Tauros|slp\n|move|p1a: Exeggutor|Psychic|p2a: Tauros\n|-damage|p2a: Tauros|55/100 slp\n|-unboost|p2a: Tauros|spa|1\n|-unboost|p2a: Tauros|spd|1\n|\n|upkeep\n|turn|58\n|\n|t:|1737801565\n|cant|p2a: Tauros|slp\n|move|p1a: Exeggutor|Psychic|p2a: Tauros\n|-damage|p2a: Tauros|0 fnt\n|faint|p2a: Tauros\n|\n|t:|1737801566\n|switch|p2a: Zapdos|Zapdos|100/100\n|turn|59\n|\n|t:|1737801567\n|move|p2a: Zapdos|Drill Peck|p1a: Exeggutor\n|-supereffective|p1a: Exeggutor\n|-damage|p1a: Exeggutor|18/100\n|move|p1a: Exeggutor|Explosion|p2a: Zapdos\n|-damage|p2a: Zapdos|23/100\n|faint|p1a: Exeggutor\n|\n|t:|1737801569\n|switch|p1a: Tauros|Tauros|100/100\n|turn|60\n|\n|t:|1737801571\n|move|p1a: Tauros|Body Slam|p2a: Zapdos\n|-crit|p2a: Zapdos\n|-damage|p2a: Zapdos|0 fnt\n|faint|p2a: Zapdos\n|\n|win|Amaranth\n|c|☆Amaranth|ggs\n|c|☆WarumFelix|ggs\n","uploadtime":1737801571,"views":"2162","formatid":"gen1ou","rating":null,"private":0,"password":null}