{"id":"smogtours-gen1ou-957142","format":"[Gen 1] OU","players":["Ct0wn","1000papercranes"],"log":"|inactive|Battle timer is ON: inactive players will automatically lose when time's up.\n|t:|1784413314\n|gametype|singles\n|player|p1|Ct0wn|battlegirl-gen4|\n|player|p2|1000papercranes|psychic-gen1rb|\n|gen|1\n|tier|[Gen 1] OU\n|rule|Desync Clause Mod: Desyncs resolve to link battle behavior from the acting player's perspective.\n|rule|HP Percentage Mod: HP is shown in percentages\n|rule|Endless Battle Clause: Forcing endless battles is banned\n|rule|Sleep Clause Mod: Limit one foe put to sleep\n|rule|Freeze Clause Mod: Limit one foe frozen\n|rule|Species Clause: Limit one of each Pokémon\n|rule|OHKO Clause: OHKO moves are banned\n|rule|Evasion Moves Clause: Evasion moves are banned\n|\n|t:|1784413314\n|teamsize|p1|6\n|teamsize|p2|6\n|start\n|switch|p1a: Jynx|Jynx|100/100\n|switch|p2a: Gengar|Gengar|100/100\n|turn|1\n|c|☆Ct0wn|Hf\n|c|☆1000papercranes|hf\n|\n|t:|1784413334\n|move|p2a: Gengar|Hypnosis|p1a: Jynx|[miss]\n|-miss|p2a: Gengar\n|move|p1a: Jynx|Lovely Kiss|p2a: Gengar\n|-status|p2a: Gengar|slp|[from] move: Lovely Kiss\n|\n|upkeep\n|turn|2\n|\n|t:|1784413337\n|switch|p2a: Chansey|Chansey|100/100\n|move|p1a: Jynx|Ice Beam|p2a: Chansey\n|-damage|p2a: Chansey|85/100\n|\n|upkeep\n|turn|3\n|\n|t:|1784413340\n|move|p1a: Jynx|Ice Beam|p2a: Chansey\n|-damage|p2a: Chansey|69/100\n|move|p2a: Chansey|Sing|p1a: Jynx|[miss]\n|-miss|p2a: Chansey\n|\n|upkeep\n|turn|4\n|\n|t:|1784413343\n|move|p1a: Jynx|Ice Beam|p2a: Chansey\n|-damage|p2a: Chansey|54/100\n|move|p2a: Chansey|Sing|p1a: Jynx\n|-status|p1a: Jynx|slp|[from] move: Sing\n|\n|upkeep\n|turn|5\n|\n|t:|1784413347\n|switch|p1a: Alakazam|Alakazam|100/100\n|move|p2a: Chansey|Soft-Boiled|p2a: Chansey\n|-heal|p2a: Chansey|100/100\n|\n|upkeep\n|turn|6\n|\n|t:|1784413350\n|move|p1a: Alakazam|Thunder Wave|p2a: Chansey\n|-status|p2a: Chansey|par\n|move|p2a: Chansey|Thunder Wave|p1a: Alakazam\n|-status|p1a: Alakazam|par\n|\n|upkeep\n|turn|7\n|\n|t:|1784413352\n|move|p1a: Alakazam|Psychic|p2a: Chansey\n|-damage|p2a: Chansey|83/100 par\n|-unboost|p2a: Chansey|spa|1\n|-unboost|p2a: Chansey|spd|1\n|move|p2a: Chansey|Ice Beam|p1a: Alakazam\n|-crit|p1a: Alakazam\n|-damage|p1a: Alakazam|59/100 par\n|\n|upkeep\n|turn|8\n|\n|t:|1784413364\n|switch|p2a: Snorlax|Snorlax|100/100\n|move|p1a: Alakazam|Psychic|p2a: Snorlax\n|-damage|p2a: Snorlax|68/100\n|-unboost|p2a: Snorlax|spa|1\n|-unboost|p2a: Snorlax|spd|1\n|\n|upkeep\n|turn|9\n|\n|t:|1784413368\n|switch|p1a: Snorlax|Snorlax|100/100\n|move|p2a: Snorlax|Body Slam|p1a: Snorlax\n|-damage|p1a: Snorlax|73/100\n|\n|upkeep\n|turn|10\n|\n|t:|1784413376\n|move|p2a: Snorlax|Earthquake|p1a: Snorlax\n|-damage|p1a: Snorlax|52/100\n|move|p1a: Snorlax|Body Slam|p2a: Snorlax\n|-damage|p2a: Snorlax|43/100\n|\n|upkeep\n|turn|11\n|\n|t:|1784413395\n|move|p1a: Snorlax|Body Slam|p2a: Snorlax\n|-damage|p2a: Snorlax|18/100\n|move|p2a: Snorlax|Self-Destruct|p1a: Snorlax\n|-damage|p1a: Snorlax|0 fnt\n|faint|p1a: Snorlax\n|faint|p2a: Snorlax\n|\n|t:|1784413413\n|switch|p2a: Tauros|Tauros|100/100\n|switch|p1a: Alakazam|Alakazam|59/100 par\n|turn|12\n|inactive|Ct0wn has 270 seconds left.\n|inactive|1000papercranes has 270 seconds left.\n|\n|t:|1784413442\n|switch|p1a: Starmie|Starmie|100/100\n|move|p2a: Tauros|Body Slam|p1a: Starmie\n|-damage|p1a: Starmie|66/100\n|\n|upkeep\n|turn|13\n|\n|t:|1784413447\n|switch|p2a: Chansey|Chansey|83/100 par\n|move|p1a: Starmie|Recover|p1a: Starmie\n|-heal|p1a: Starmie|100/100\n|\n|upkeep\n|turn|14\n|\n|t:|1784413451\n|move|p1a: Starmie|Surf|p2a: Chansey\n|-damage|p2a: Chansey|68/100 par\n|cant|p2a: Chansey|par\n|\n|upkeep\n|turn|15\n|\n|t:|1784413455\n|switch|p1a: Alakazam|Alakazam|59/100 par\n|move|p2a: Chansey|Ice Beam|p1a: Alakazam\n|-damage|p1a: Alakazam|39/100 par\n|\n|upkeep\n|turn|16\n|\n|t:|1784413460\n|move|p1a: Alakazam|Psychic|p2a: Chansey\n|-damage|p2a: Chansey|51/100 par\n|cant|p2a: Chansey|par\n|\n|upkeep\n|turn|17\n|\n|t:|1784413463\n|move|p1a: Alakazam|Recover|p1a: Alakazam\n|-heal|p1a: Alakazam|89/100 par\n|cant|p2a: Chansey|par\n|\n|upkeep\n|turn|18\n|\n|t:|1784413466\n|move|p1a: Alakazam|Psychic|p2a: Chansey\n|-damage|p2a: Chansey|34/100 par\n|move|p2a: Chansey|Soft-Boiled|p2a: Chansey\n|-heal|p2a: Chansey|84/100 par\n|\n|upkeep\n|turn|19\n|\n|t:|1784413469\n|cant|p1a: Alakazam|par\n|move|p2a: Chansey|Ice Beam|p1a: Alakazam\n|-damage|p1a: Alakazam|70/100 par\n|\n|upkeep\n|turn|20\n|\n|t:|1784413473\n|move|p1a: Alakazam|Psychic|p2a: Chansey\n|-damage|p2a: Chansey|67/100 par\n|-unboost|p2a: Chansey|spa|1\n|-unboost|p2a: Chansey|spd|1\n|cant|p2a: Chansey|par\n|\n|upkeep\n|turn|21\n|\n|t:|1784413477\n|move|p1a: Alakazam|Psychic|p2a: Chansey\n|-damage|p2a: Chansey|38/100 par\n|move|p2a: Chansey|Soft-Boiled|p2a: Chansey\n|-heal|p2a: Chansey|88/100 par\n|\n|upkeep\n|turn|22\n|\n|t:|1784413481\n|move|p1a: Alakazam|Recover|p1a: Alakazam\n|-heal|p1a: Alakazam|100/100 par\n|cant|p2a: Chansey|par\n|\n|upkeep\n|turn|23\n|\n|t:|1784413485\n|cant|p1a: Alakazam|par\n|move|p2a: Chansey|Ice Beam|p1a: Alakazam\n|-damage|p1a: Alakazam|86/100 par\n|\n|upkeep\n|turn|24\n|\n|t:|1784413487\n|move|p1a: Alakazam|Psychic|p2a: Chansey\n|-damage|p2a: Chansey|59/100 par\n|-unboost|p2a: Chansey|spa|1\n|-unboost|p2a: Chansey|spd|1\n|move|p2a: Chansey|Ice Beam|p1a: Alakazam\n|-damage|p1a: Alakazam|76/100 par\n|\n|upkeep\n|turn|25\n|\n|t:|1784413491\n|move|p1a: Alakazam|Psychic|p2a: Chansey\n|-damage|p2a: Chansey|22/100 par\n|move|p2a: Chansey|Soft-Boiled|p2a: Chansey\n|-heal|p2a: Chansey|72/100 par\n|\n|upkeep\n|turn|26\n|\n|t:|1784413497\n|cant|p1a: Alakazam|par\n|cant|p2a: Chansey|par\n|\n|upkeep\n|turn|27\n|\n|t:|1784413502\n|move|p1a: Alakazam|Psychic|p2a: Chansey\n|-damage|p2a: Chansey|33/100 par\n|cant|p2a: Chansey|par\n|\n|upkeep\n|turn|28\n|\n|t:|1784413511\n|switch|p2a: Exeggutor|Exeggutor|100/100\n|cant|p1a: Alakazam|par\n|\n|upkeep\n|turn|29\n|\n|t:|1784413517\n|switch|p2a: Chansey|Chansey|33/100 par\n|move|p1a: Alakazam|Psychic|p2a: Chansey\n|-crit|p2a: Chansey\n|-damage|p2a: Chansey|0 fnt\n|faint|p2a: Chansey\n|\n|t:|1784413520\n|switch|p2a: Tauros|Tauros|100/100\n|turn|30\n|\n|t:|1784413524\n|switch|p1a: Starmie|Starmie|100/100\n|move|p2a: Tauros|Body Slam|p1a: Starmie\n|-damage|p1a: Starmie|67/100\n|\n|upkeep\n|turn|31\n|\n|t:|1784413529\n|switch|p2a: Gengar|Gengar|100/100 slp\n|move|p1a: Starmie|Thunder Wave|p2a: Gengar\n|-fail|p2a: Gengar\n|\n|upkeep\n|turn|32\n|\n|t:|1784413535\n|move|p1a: Starmie|Recover|p1a: Starmie\n|-heal|p1a: Starmie|100/100\n|-curestatus|p2a: Gengar|slp|[msg]\n|\n|upkeep\n|turn|33\n|\n|t:|1784413548\n|switch|p1a: Alakazam|Alakazam|76/100 par\n|move|p2a: Gengar|Thunderbolt|p1a: Alakazam\n|-damage|p1a: Alakazam|52/100 par\n|\n|upkeep\n|turn|34\n|\n|t:|1784413557\n|move|p2a: Gengar|Thunderbolt|p1a: Alakazam\n|-crit|p1a: Alakazam\n|-damage|p1a: Alakazam|4/100 par\n|move|p1a: Alakazam|Thunder Wave|p2a: Gengar\n|-status|p2a: Gengar|par\n|\n|upkeep\n|turn|35\n|\n|t:|1784413569\n|move|p1a: Alakazam|Psychic|p2a: Gengar\n|-crit|p2a: Gengar\n|-supereffective|p2a: Gengar\n|-damage|p2a: Gengar|0 fnt\n|faint|p2a: Gengar\n|\n|t:|1784413572\n|switch|p2a: Tauros|Tauros|100/100\n|turn|36\n|\n|t:|1784413576\n|move|p2a: Tauros|Body Slam|p1a: Alakazam\n|-damage|p1a: Alakazam|0 fnt\n|faint|p1a: Alakazam\n|\n|t:|1784413578\n|switch|p1a: Exeggutor|Exeggutor|100/100\n|turn|37\n|\n|t:|1784413594\n|move|p2a: Tauros|Hyper Beam|p1a: Exeggutor|[miss]\n|-miss|p2a: Tauros\n|move|p1a: Exeggutor|Sleep Powder|p2a: Tauros\n|-status|p2a: Tauros|slp|[from] move: Sleep Powder\n|\n|upkeep\n|turn|38\n|\n|t:|1784413600\n|switch|p2a: Exeggutor|Exeggutor|100/100\n|move|p1a: Exeggutor|Double-Edge|p2a: Exeggutor\n|-damage|p2a: Exeggutor|78/100\n|-damage|p1a: Exeggutor|95/100|[from] Recoil|[of] p2a: Exeggutor\n|\n|upkeep\n|turn|39\n|\n|t:|1784413616\n|move|p2a: Exeggutor|Stun Spore|p1a: Exeggutor|[miss]\n|-miss|p2a: Exeggutor\n|move|p1a: Exeggutor|Double-Edge|p2a: Exeggutor\n|-crit|p2a: Exeggutor\n|-damage|p2a: Exeggutor|36/100\n|-damage|p1a: Exeggutor|84/100|[from] Recoil|[of] p2a: Exeggutor\n|\n|upkeep\n|turn|40\n|\n|t:|1784413622\n|switch|p1a: Jynx|Jynx|100/100 slp\n|move|p2a: Exeggutor|Stun Spore|p1a: Jynx\n|-fail|p1a: Jynx\n|\n|upkeep\n|turn|41\n|\n|t:|1784413624\n|switch|p2a: Zapdos|Zapdos|100/100\n|-curestatus|p1a: Jynx|slp|[msg]\n|\n|upkeep\n|turn|42\n|\n|t:|1784413628\n|move|p2a: Zapdos|Drill Peck|p1a: Jynx\n|-crit|p1a: Jynx\n|-damage|p1a: Jynx|7/100\n|move|p1a: Jynx|Ice Beam|p2a: Zapdos\n|-supereffective|p2a: Zapdos\n|-damage|p2a: Zapdos|52/100\n|\n|upkeep\n|turn|43\n|\n|t:|1784413634\n|move|p2a: Zapdos|Drill Peck|p1a: Jynx\n|-damage|p1a: Jynx|0 fnt\n|faint|p1a: Jynx\n|\n|t:|1784413641\n|switch|p1a: Starmie|Starmie|100/100\n|turn|44\n|\n|t:|1784413657\n|switch|p2a: Exeggutor|Exeggutor|36/100\n|move|p1a: Starmie|Surf|p2a: Exeggutor\n|-resisted|p2a: Exeggutor\n|-damage|p2a: Exeggutor|24/100\n|\n|upkeep\n|turn|45\n|\n|t:|1784413671\n|move|p1a: Starmie|Surf|p2a: Exeggutor\n|-crit|p2a: Exeggutor\n|-resisted|p2a: Exeggutor\n|-damage|p2a: Exeggutor|0 fnt\n|faint|p2a: Exeggutor\n|c|☆Ct0wn|Sorry man\n|\n|t:|1784413690\n|switch|p2a: Zapdos|Zapdos|52/100\n|turn|46\n|\n|t:|1784413693\n|move|p1a: Starmie|Thunder Wave|p2a: Zapdos\n|-status|p2a: Zapdos|par\n|move|p2a: Zapdos|Thunderbolt|p1a: Starmie\n|-supereffective|p1a: Starmie\n|-damage|p1a: Starmie|21/100\n|\n|upkeep\n|turn|47\n|\n|t:|1784413695\n|move|p1a: Starmie|Surf|p2a: Zapdos\n|-damage|p2a: Zapdos|28/100 par\n|cant|p2a: Zapdos|par\n|\n|upkeep\n|turn|48\n|\n|t:|1784413698\n|move|p1a: Starmie|Surf|p2a: Zapdos\n|-crit|p2a: Zapdos\n|-damage|p2a: Zapdos|0 fnt\n|faint|p2a: Zapdos\n|\n|t:|1784413700\n|switch|p2a: Tauros|Tauros|100/100 slp\n|turn|49\n|\n|t:|1784413702\n|move|p1a: Starmie|Surf|p2a: Tauros\n|-damage|p2a: Tauros|59/100 slp\n|-curestatus|p2a: Tauros|slp|[msg]\n|\n|upkeep\n|turn|50\n|\n|t:|1784413705\n|move|p1a: Starmie|Thunder Wave|p2a: Tauros\n|-status|p2a: Tauros|par\n|move|p2a: Tauros|Body Slam|p1a: Starmie\n|-damage|p1a: Starmie|0 fnt\n|faint|p1a: Starmie\n|\n|t:|1784413706\n|switch|p1a: Exeggutor|Exeggutor|84/100\n|turn|51\n|\n|t:|1784413708\n|move|p1a: Exeggutor|Psychic|p2a: Tauros\n|-damage|p2a: Tauros|13/100 par\n|move|p2a: Tauros|Hyper Beam|p1a: Exeggutor\n|-damage|p1a: Exeggutor|35/100\n|-mustrecharge|p2a: Tauros\n|\n|upkeep\n|turn|52\n|\n|t:|1784413713\n|move|p1a: Exeggutor|Psychic|p2a: Tauros\n|-damage|p2a: Tauros|0 fnt\n|faint|p2a: Tauros\n|\n|win|Ct0wn\n|c|☆1000papercranes|Gg\n|c|☆Ct0wn|Ggs \n|c|☆1000papercranes|Ggs\n|c|☆Ct0wn|sorry for no bo5\n|c|☆Ct0wn|Lame on my part but I’m a lil sick \n|c|☆Ct0wn|didn’t know if I was up for it\n|player|p1|\n|c|☆1000papercranes|rules are bo3\n","uploadtime":1784413713,"views":"102","formatid":"gen1ou","rating":null,"private":0,"password":null}