{"id":"smogtours-gen1ou-911666","format":"[Gen 1] OU","players":["Laroxyl","Isza"],"log":"|inactive|Battle timer is ON: inactive players will automatically lose when time's up.\n|t:|1771782477\n|gametype|singles\n|player|p1|Laroxyl|#splxviitigers2|\n|player|p2|Isza|#wcop2025usnortheast2|\n|gen|1\n|tier|[Gen 1] OU\n|rule|Desync Clause Mod: Desyncs changed to move failure.\n|rule|Sleep Clause Mod: Limit one foe put to sleep\n|rule|Freeze Clause Mod: Limit one foe frozen\n|rule|Species Clause: Limit one of each Pokémon\n|rule|OHKO Clause: OHKO moves are banned\n|rule|Evasion Moves Clause: Evasion moves are banned\n|rule|Endless Battle Clause: Forcing endless battles is banned\n|rule|HP Percentage Mod: HP is shown in percentages\n|\n|t:|1771782477\n|teamsize|p1|6\n|teamsize|p2|6\n|start\n|switch|p1a: Jynx|Jynx|100/100\n|switch|p2a: Alakazam|Alakazam|100/100\n|turn|1\n|c|☆Isza|hf\n|c|☆Laroxyl|hf\n|rated|Smogon Premier League\n|inactive|Laroxyl has 270 seconds left.\n|inactive|Isza has 270 seconds left.\n|\n|t:|1771782522\n|switch|p1a: Chansey|Chansey|100/100\n|move|p2a: Alakazam|Thunder Wave|p1a: Chansey\n|-status|p1a: Chansey|par\n|\n|upkeep\n|turn|2\n|\n|t:|1771782536\n|move|p2a: Alakazam|Seismic Toss|p1a: Chansey\n|-damage|p1a: Chansey|86/100 par\n|move|p1a: Chansey|Sing|p2a: Alakazam\n|-status|p2a: Alakazam|slp|[from] move: Sing\n|\n|upkeep\n|turn|3\n|inactive|Isza has 270 seconds left.\n|inactive|Laroxyl has 270 seconds left.\n|inactive|Isza has 240 seconds left.\n|\n|t:|1771782612\n|cant|p2a: Alakazam|slp\n|cant|p1a: Chansey|par\n|\n|upkeep\n|turn|4\n|inactive|Laroxyl has 270 seconds left.\n|\n|t:|1771782620\n|switch|p2a: Snorlax|Snorlax|100/100\n|move|p1a: Chansey|Seismic Toss|p2a: Snorlax\n|-damage|p2a: Snorlax|81/100\n|\n|upkeep\n|turn|5\n|inactive|Laroxyl has 270 seconds left.\n|\n|t:|1771782657\n|switch|p1a: Rhydon|Rhydon|100/100\n|move|p2a: Snorlax|Body Slam|p1a: Rhydon\n|-resisted|p1a: Rhydon\n|-damage|p1a: Rhydon|88/100\n|\n|upkeep\n|turn|6\n|inactive|Isza has 240 seconds left.\n|inactive|Laroxyl has 240 seconds left.\n|\n|t:|1771782673\n|switch|p1a: Cloyster|Cloyster|100/100\n|switch|p2a: Exeggutor|Exeggutor|100/100\n|\n|upkeep\n|turn|7\n|inactive|Laroxyl has 240 seconds left.\n|\n|t:|1771782693\n|switch|p1a: Chansey|Chansey|86/100 par\n|switch|p2a: Starmie|Starmie|100/100\n|\n|upkeep\n|turn|8\n|\n|t:|1771782706\n|switch|p2a: Alakazam|Alakazam|100/100 slp\n|switch|p1a: Tauros|Tauros|100/100\n|\n|upkeep\n|turn|9\n|inactive|Isza has 240 seconds left.\n|\n|t:|1771782746\n|switch|p2a: Exeggutor|Exeggutor|100/100\n|move|p1a: Tauros|Body Slam|p2a: Exeggutor\n|-damage|p2a: Exeggutor|74/100\n|\n|upkeep\n|turn|10\n|inactive|Laroxyl has 240 seconds left.\n|\n|t:|1771782773\n|switch|p1a: Chansey|Chansey|86/100 par\n|move|p2a: Exeggutor|Psychic|p1a: Chansey\n|-damage|p1a: Chansey|69/100 par\n|-unboost|p1a: Chansey|spa|1\n|-unboost|p1a: Chansey|spd|1\n|\n|upkeep\n|turn|11\n|inactive|Laroxyl has 210 seconds left.\n|\n|t:|1771782794\n|move|p2a: Exeggutor|Psychic|p1a: Chansey\n|-crit|p1a: Chansey\n|-damage|p1a: Chansey|33/100 par\n|move|p1a: Chansey|Soft-Boiled|p1a: Chansey\n|-heal|p1a: Chansey|83/100 par\n|\n|upkeep\n|turn|12\n|\n|t:|1771782800\n|move|p2a: Exeggutor|Psychic|p1a: Chansey\n|-crit|p1a: Chansey\n|-damage|p1a: Chansey|52/100 par\n|move|p1a: Chansey|Thunder Wave|p2a: Exeggutor\n|-status|p2a: Exeggutor|par\n|\n|upkeep\n|turn|13\n|inactive|Isza has 240 seconds left.\n|inactive|Laroxyl has 210 seconds left.\n|inactive|Laroxyl has 180 seconds left.\n|inactive|Isza has 210 seconds left.\n|\n|t:|1771782873\n|move|p2a: Exeggutor|Psychic|p1a: Chansey\n|-damage|p1a: Chansey|25/100 par\n|move|p1a: Chansey|Soft-Boiled|p1a: Chansey\n|-heal|p1a: Chansey|75/100 par\n|\n|upkeep\n|turn|14\n|\n|t:|1771782881\n|move|p2a: Exeggutor|Psychic|p1a: Chansey\n|-damage|p1a: Chansey|49/100 par\n|-unboost|p1a: Chansey|spa|1\n|-unboost|p1a: Chansey|spd|1\n|move|p1a: Chansey|Soft-Boiled|p1a: Chansey\n|-heal|p1a: Chansey|99/100 par\n|\n|upkeep\n|turn|15\n|\n|t:|1771782888\n|move|p2a: Exeggutor|Sleep Powder|p1a: Chansey\n|-fail|p1a: Chansey\n|move|p1a: Chansey|Seismic Toss|p2a: Exeggutor\n|-damage|p2a: Exeggutor|49/100 par\n|\n|upkeep\n|turn|16\n|inactive|Laroxyl has 180 seconds left.\n|inactive|Isza has 210 seconds left.\n|\n|t:|1771782927\n|switch|p1a: Jynx|Jynx|100/100\n|cant|p2a: Exeggutor|par\n|\n|upkeep\n|turn|17\n|\n|t:|1771782941\n|switch|p2a: Chansey|Chansey|100/100\n|move|p1a: Jynx|Blizzard|p2a: Chansey\n|-crit|p2a: Chansey\n|-damage|p2a: Chansey|63/100\n|\n|upkeep\n|turn|18\n|\n|t:|1771782958\n|move|p1a: Jynx|Blizzard|p2a: Chansey\n|-damage|p2a: Chansey|42/100\n|move|p2a: Chansey|Soft-Boiled|p2a: Chansey\n|-heal|p2a: Chansey|92/100\n|\n|upkeep\n|turn|19\n|\n|t:|1771782963\n|switch|p1a: Chansey|Chansey|99/100 par\n|move|p2a: Chansey|Seismic Toss|p1a: Chansey\n|-damage|p1a: Chansey|85/100 par\n|\n|upkeep\n|turn|20\n|inactive|Isza has 240 seconds left.\n|\n|t:|1771782985\n|move|p2a: Chansey|Seismic Toss|p1a: Chansey\n|-damage|p1a: Chansey|71/100 par\n|cant|p1a: Chansey|par\n|\n|upkeep\n|turn|21\n|\n|t:|1771783001\n|switch|p2a: Exeggutor|Exeggutor|49/100 par\n|move|p1a: Chansey|Thunder Wave|p2a: Exeggutor\n|-fail|p2a: Exeggutor|par\n|\n|upkeep\n|turn|22\n|inactive|Laroxyl has 150 seconds left.\n|\n|t:|1771783028\n|switch|p1a: Jynx|Jynx|100/100\n|move|p2a: Exeggutor|Sleep Powder|p1a: Jynx\n|-status|p1a: Jynx|slp|[from] move: Sleep Powder\n|\n|upkeep\n|turn|23\n|inactive|Laroxyl has 150 seconds left.\n|inactive|Isza has 240 seconds left.\n|inactive|Laroxyl has 120 seconds left.\n|\n|t:|1771783072\n|cant|p1a: Jynx|slp\n|move|p2a: Exeggutor|Psychic|p1a: Jynx\n|-resisted|p1a: Jynx\n|-damage|p1a: Jynx|82/100 slp\n|-unboost|p1a: Jynx|spa|1\n|-unboost|p1a: Jynx|spd|1\n|\n|upkeep\n|turn|24\n|inactive|Isza has 240 seconds left.\n|\n|t:|1771783078\n|-curestatus|p1a: Jynx|slp|[msg]\n|move|p2a: Exeggutor|Psychic|p1a: Jynx\n|-resisted|p1a: Jynx\n|-damage|p1a: Jynx|55/100\n|-unboost|p1a: Jynx|spa|1\n|-unboost|p1a: Jynx|spd|1\n|\n|upkeep\n|turn|25\n|inactive|Isza has 240 seconds left.\n|inactive|Laroxyl has 120 seconds left.\n|\n|t:|1771783115\n|switch|p2a: Starmie|Starmie|100/100\n|move|p1a: Jynx|Blizzard|p2a: Starmie\n|-resisted|p2a: Starmie\n|-damage|p2a: Starmie|91/100\n|\n|upkeep\n|turn|26\n|\n|t:|1771783142\n|switch|p2a: Exeggutor|Exeggutor|49/100 par\n|switch|p1a: Chansey|Chansey|71/100 par\n|\n|upkeep\n|turn|27\n|inactive|Laroxyl has 90 seconds left.\n|\n|t:|1771783175\n|switch|p1a: Jynx|Jynx|55/100\n|move|p2a: Exeggutor|Hyper Beam|p1a: Jynx\n|-crit|p1a: Jynx\n|-damage|p1a: Jynx|0 fnt\n|faint|p1a: Jynx\n|\n|t:|1771783194\n|switch|p1a: Cloyster|Cloyster|100/100\n|turn|28\n|inactive|Laroxyl has 60 seconds left.\n|inactive|Isza has 210 seconds left.\n|inactive|Isza has 180 seconds left.\n|inactive|Isza has 150 seconds left.\n|\n|t:|1771783289\n|switch|p2a: Starmie|Starmie|91/100\n|move|p1a: Cloyster|Blizzard|p2a: Starmie\n|-resisted|p2a: Starmie\n|-damage|p2a: Starmie|70/100\n|-status|p2a: Starmie|frz\n|\n|upkeep\n|turn|29\n|inactive|Laroxyl has 60 seconds left.\n|\n|t:|1771783308\n|switch|p2a: Chansey|Chansey|92/100\n|move|p1a: Cloyster|Clamp|p2a: Chansey|[miss]\n|-miss|p1a: Cloyster\n|\n|upkeep\n|turn|30\n|\n|t:|1771783313\n|switch|p1a: Chansey|Chansey|71/100 par\n|move|p2a: Chansey|Seismic Toss|p1a: Chansey\n|-damage|p1a: Chansey|57/100 par\n|\n|upkeep\n|turn|31\n|inactive|Isza has 150 seconds left.\n|\n|t:|1771783326\n|switch|p2a: Alakazam|Alakazam|100/100 slp\n|move|p1a: Chansey|Soft-Boiled|p1a: Chansey\n|-heal|p1a: Chansey|100/100 par\n|\n|upkeep\n|turn|32\n|inactive|Laroxyl has 60 seconds left.\n|\n|t:|1771783367\n|switch|p2a: Snorlax|Snorlax|81/100\n|switch|p1a: Cloyster|Cloyster|100/100\n|\n|upkeep\n|turn|33\n|\n|t:|1771783373\n|switch|p2a: Chansey|Chansey|92/100\n|move|p1a: Cloyster|Clamp|p2a: Chansey\n|-damage|p2a: Chansey|87/100\n|\n|upkeep\n|turn|34\n|\n|t:|1771783376\n|switch|p1a: Tauros|Tauros|100/100\n|switch|p2a: Alakazam|Alakazam|100/100 slp\n|\n|upkeep\n|turn|35\n|\n|t:|1771783387\n|switch|p2a: Starmie|Starmie|70/100 frz\n|move|p1a: Tauros|Body Slam|p2a: Starmie\n|-damage|p2a: Starmie|33/100 frz\n|\n|upkeep\n|turn|36\n|\n|t:|1771783400\n|cant|p2a: Starmie|frz\n|move|p1a: Tauros|Body Slam|p2a: Starmie\n|-damage|p2a: Starmie|1/100 frz\n|\n|upkeep\n|turn|37\n|\n|t:|1771783405\n|cant|p2a: Starmie|frz\n|move|p1a: Tauros|Body Slam|p2a: Starmie\n|-crit|p2a: Starmie\n|-damage|p2a: Starmie|0 fnt\n|faint|p2a: Starmie\n|\n|t:|1771783411\n|switch|p2a: Tauros|Tauros|100/100\n|turn|38\n|\n|t:|1771783417\n|move|p1a: Tauros|Body Slam|p2a: Tauros\n|-damage|p2a: Tauros|71/100\n|move|p2a: Tauros|Body Slam|p1a: Tauros\n|-damage|p1a: Tauros|71/100\n|\n|upkeep\n|turn|39\n|\n|t:|1771783422\n|move|p1a: Tauros|Body Slam|p2a: Tauros\n|-crit|p2a: Tauros\n|-damage|p2a: Tauros|10/100\n|move|p2a: Tauros|Body Slam|p1a: Tauros\n|-damage|p1a: Tauros|43/100\n|\n|upkeep\n|turn|40\n|inactive|Laroxyl has 60 seconds left.\n|inactive|Isza has 210 seconds left.\n|\n|t:|1771783470\n|move|p2a: Tauros|Body Slam|p1a: Tauros\n|-damage|p1a: Tauros|13/100\n|move|p1a: Tauros|Body Slam|p2a: Tauros\n|-damage|p2a: Tauros|0 fnt\n|faint|p2a: Tauros\n|\n|t:|1771783476\n|switch|p2a: Snorlax|Snorlax|81/100\n|turn|41\n|\n|t:|1771783491\n|switch|p1a: Rhydon|Rhydon|88/100\n|move|p2a: Snorlax|Body Slam|p1a: Rhydon\n|-resisted|p1a: Rhydon\n|-damage|p1a: Rhydon|76/100\n|\n|upkeep\n|turn|42\n|inactive|Isza has 210 seconds left.\n|\n|t:|1771783499\n|move|p1a: Rhydon|Earthquake|p2a: Snorlax\n|-damage|p2a: Snorlax|45/100\n|move|p2a: Snorlax|Reflect|p2a: Snorlax\n|-start|p2a: Snorlax|Reflect\n|\n|upkeep\n|turn|43\n|\n|t:|1771783509\n|move|p1a: Rhydon|Earthquake|p2a: Snorlax\n|-damage|p2a: Snorlax|27/100\n|move|p2a: Snorlax|Body Slam|p1a: Rhydon\n|-resisted|p1a: Rhydon\n|-damage|p1a: Rhydon|64/100\n|-status|p1a: Rhydon|par\n|\n|upkeep\n|turn|44\n|\n|t:|1771783531\n|move|p2a: Snorlax|Rest|p2a: Snorlax\n|-status|p2a: Snorlax|slp|[from] move: Rest\n|-heal|p2a: Snorlax|100/100 slp|[silent]\n|move|p1a: Rhydon|Rest|p1a: Rhydon\n|-status|p1a: Rhydon|slp|[from] move: Rest\n|-heal|p1a: Rhydon|100/100 slp|[silent]\n|\n|upkeep\n|turn|45\n|\n|t:|1771783541\n|cant|p2a: Snorlax|slp\n|cant|p1a: Rhydon|slp\n|\n|upkeep\n|turn|46\n|\n|t:|1771783545\n|switch|p2a: Exeggutor|Exeggutor|49/100 par\n|-curestatus|p1a: Rhydon|slp|[msg]\n|\n|upkeep\n|turn|47\n|inactive|Isza has 240 seconds left.\n|\n|t:|1771783558\n|switch|p1a: Chansey|Chansey|100/100 par\n|move|p2a: Exeggutor|Sleep Powder|p1a: Chansey\n|-fail|p1a: Chansey\n|\n|upkeep\n|turn|48\n|inactive|Isza has 240 seconds left.\n|\n|t:|1771783574\n|move|p2a: Exeggutor|Explosion|p1a: Chansey\n|-damage|p1a: Chansey|0 fnt\n|faint|p1a: Chansey\n|faint|p2a: Exeggutor\n|inactive|Isza has 240 seconds left.\n|\n|t:|1771783589\n|switch|p2a: Alakazam|Alakazam|100/100 slp\n|switch|p1a: Starmie|Starmie|100/100\n|turn|49\n|\n|t:|1771783597\n|switch|p2a: Chansey|Chansey|87/100\n|move|p1a: Starmie|Surf|p2a: Chansey\n|-damage|p2a: Chansey|71/100\n|\n|upkeep\n|turn|50\n|\n|t:|1771783605\n|switch|p2a: Alakazam|Alakazam|100/100 slp\n|move|p1a: Starmie|Thunder Wave|p2a: Alakazam\n|-fail|p2a: Alakazam\n|\n|upkeep\n|turn|51\n|\n|t:|1771783615\n|switch|p1a: Rhydon|Rhydon|100/100\n|-curestatus|p2a: Alakazam|slp|[msg]\n|\n|upkeep\n|turn|52\n|\n|t:|1771783621\n|switch|p1a: Starmie|Starmie|100/100\n|move|p2a: Alakazam|Psychic|p1a: Starmie\n|-resisted|p1a: Starmie\n|-damage|p1a: Starmie|82/100\n|-unboost|p1a: Starmie|spa|1\n|-unboost|p1a: Starmie|spd|1\n|\n|upkeep\n|turn|53\n|\n|t:|1771783627\n|switch|p2a: Chansey|Chansey|71/100\n|move|p1a: Starmie|Thunder Wave|p2a: Chansey\n|-status|p2a: Chansey|par\n|\n|upkeep\n|turn|54\n|\n|t:|1771783636\n|switch|p1a: Cloyster|Cloyster|100/100\n|move|p2a: Chansey|Sing|p1a: Cloyster|[miss]\n|-miss|p2a: Chansey\n|\n|upkeep\n|turn|55\n|\n|t:|1771783651\n|switch|p2a: Snorlax|Snorlax|100/100 slp\n|move|p1a: Cloyster|Clamp|p2a: Snorlax\n|-damage|p2a: Snorlax|91/100 slp\n|\n|upkeep\n|turn|56\n|inactive|Laroxyl has 60 seconds left.\n|\n|t:|1771783667\n|switch|p2a: Alakazam|Alakazam|100/100\n|move|p1a: Cloyster|Clamp|p2a: Alakazam\n|-damage|p2a: Alakazam|90/100\n|\n|upkeep\n|turn|57\n|\n|t:|1771783676\n|cant|p2a: Alakazam|partiallytrapped\n|move|p1a: Cloyster|Clamp|p2a: Alakazam|[from] Clamp\n|-damage|p2a: Alakazam|80/100\n|\n|upkeep\n|turn|58\n|\n|t:|1771783678\n|switch|p1a: Starmie|Starmie|82/100\n|cant|p2a: Alakazam|partiallytrapped\n|\n|upkeep\n|turn|59\n|inactive|Laroxyl has 60 seconds left.\n|inactive|Isza has 270 seconds left.\n|inactive|Isza has 240 seconds left.\n|\n|t:|1771783754\n|switch|p2a: Chansey|Chansey|71/100 par\n|move|p1a: Starmie|Surf|p2a: Chansey\n|-crit|p2a: Chansey\n|-damage|p2a: Chansey|39/100 par\n|\n|upkeep\n|turn|60\n|inactive|Isza has 240 seconds left.\n|inactive|Laroxyl has 60 seconds left.\n|\n|t:|1771783765\n|switch|p1a: Tauros|Tauros|13/100\n|move|p2a: Chansey|Sing|p1a: Tauros|[miss]\n|-miss|p2a: Chansey\n|\n|upkeep\n|turn|61\n|inactive|Laroxyl has 60 seconds left.\n|inactive|Isza has 240 seconds left.\n|\n|t:|1771783800\n|switch|p2a: Snorlax|Snorlax|91/100 slp\n|move|p1a: Tauros|Body Slam|p2a: Snorlax\n|-damage|p2a: Snorlax|66/100 slp\n|\n|upkeep\n|turn|62\n|\n|t:|1771783804\n|move|p1a: Tauros|Body Slam|p2a: Snorlax\n|-damage|p2a: Snorlax|40/100 slp\n|-curestatus|p2a: Snorlax|slp|[msg]\n|\n|upkeep\n|turn|63\n|\n|t:|1771783811\n|move|p1a: Tauros|Hyper Beam|p2a: Snorlax\n|-crit|p2a: Snorlax\n|-damage|p2a: Snorlax|0 fnt\n|faint|p2a: Snorlax\n|\n|t:|1771783812\n|switch|p2a: Alakazam|Alakazam|80/100\n|turn|64\n|\n|t:|1771783824\n|switch|p1a: Starmie|Starmie|82/100\n|move|p2a: Alakazam|Psychic|p1a: Starmie\n|-resisted|p1a: Starmie\n|-damage|p1a: Starmie|61/100\n|\n|upkeep\n|turn|65\n|\n|t:|1771783829\n|switch|p2a: Chansey|Chansey|39/100 par\n|move|p1a: Starmie|Recover|p1a: Starmie\n|-heal|p1a: Starmie|100/100\n|\n|upkeep\n|turn|66\n|\n|t:|1771783835\n|switch|p1a: Tauros|Tauros|13/100\n|move|p2a: Chansey|Soft-Boiled|p2a: Chansey\n|-heal|p2a: Chansey|89/100 par\n|\n|upkeep\n|turn|67\n|inactive|Laroxyl has 60 seconds left.\n|\n|t:|1771783866\n|move|p1a: Tauros|Body Slam|p2a: Chansey\n|-damage|p2a: Chansey|51/100 par\n|move|p2a: Chansey|Soft-Boiled|p2a: Chansey\n|-heal|p2a: Chansey|100/100 par\n|\n|upkeep\n|turn|68\n|inactive|Laroxyl has 60 seconds left.\n|\n|t:|1771783888\n|move|p1a: Tauros|Rest|p1a: Tauros\n|-status|p1a: Tauros|slp|[from] move: Rest\n|-heal|p1a: Tauros|100/100 slp|[silent]\n|move|p2a: Chansey|Seismic Toss|p1a: Tauros\n|-damage|p1a: Tauros|72/100 slp\n|\n|upkeep\n|turn|69\n|\n|t:|1771783897\n|cant|p1a: Tauros|slp\n|move|p2a: Chansey|Seismic Toss|p1a: Tauros\n|-damage|p1a: Tauros|44/100 slp\n|\n|upkeep\n|turn|70\n|\n|t:|1771783902\n|switch|p2a: Alakazam|Alakazam|80/100\n|-curestatus|p1a: Tauros|slp|[msg]\n|\n|upkeep\n|turn|71\n|\n|t:|1771783907\n|switch|p2a: Chansey|Chansey|100/100 par\n|switch|p1a: Starmie|Starmie|100/100\n|\n|upkeep\n|turn|72\n|\n|t:|1771783914\n|switch|p1a: Tauros|Tauros|44/100\n|move|p2a: Chansey|Sing|p1a: Tauros\n|-status|p1a: Tauros|slp|[from] move: Sing\n|\n|upkeep\n|turn|73\n|inactive|Laroxyl has 90 seconds left.\n|inactive|Isza has 270 seconds left.\n|inactive|Laroxyl has 60 seconds left.\n|inactive|Isza has 240 seconds left.\n|\n|t:|1771783987\n|switch|p1a: Cloyster|Cloyster|100/100\n|switch|p2a: Alakazam|Alakazam|80/100\n|\n|upkeep\n|turn|74\n|c|☆Isza|crit\n|inactive|Isza has 210 seconds left.\n|\n|t:|1771784028\n|switch|p2a: Chansey|Chansey|100/100 par\n|move|p1a: Cloyster|Explosion|p2a: Chansey\n|-damage|p2a: Chansey|0 fnt\n|faint|p2a: Chansey\n|faint|p1a: Cloyster\n|\n|t:|1771784035\n|switch|p1a: Starmie|Starmie|100/100\n|switch|p2a: Alakazam|Alakazam|80/100\n|turn|75\n|\n|t:|1771784038\n|move|p2a: Alakazam|Thunder Wave|p1a: Starmie\n|-status|p1a: Starmie|par\n|cant|p1a: Starmie|par\n|\n|upkeep\n|turn|76\n|\n|t:|1771784045\n|move|p2a: Alakazam|Seismic Toss|p1a: Starmie\n|-damage|p1a: Starmie|70/100 par\n|cant|p1a: Starmie|par\n|\n|upkeep\n|turn|77\n|\n|t:|1771784051\n|move|p2a: Alakazam|Seismic Toss|p1a: Starmie\n|-damage|p1a: Starmie|39/100 par\n|move|p1a: Starmie|Thunder Wave|p2a: Alakazam\n|-status|p2a: Alakazam|par\n|\n|upkeep\n|turn|78\n|\n|t:|1771784058\n|move|p2a: Alakazam|Psychic|p1a: Starmie\n|-crit|p1a: Starmie\n|-resisted|p1a: Starmie\n|-damage|p1a: Starmie|0 fnt\n|faint|p1a: Starmie\n|\n|t:|1771784060\n|switch|p1a: Rhydon|Rhydon|100/100\n|turn|79\n|inactive|Isza has 240 seconds left.\n|c|☆Isza|crit for real\n|\n|t:|1771784084\n|move|p1a: Rhydon|Earthquake|p2a: Alakazam\n|-damage|p2a: Alakazam|4/100 par\n|move|p2a: Alakazam|Psychic|p1a: Rhydon\n|-crit|p1a: Rhydon\n|-damage|p1a: Rhydon|8/100\n|-unboost|p1a: Rhydon|spa|1\n|-unboost|p1a: Rhydon|spd|1\n|\n|upkeep\n|turn|80\n|inactive|Isza has 240 seconds left.\n|c|☆Laroxyl|gg\n|\n|t:|1771784093\n|move|p1a: Rhydon|Earthquake|p2a: Alakazam\n|-damage|p2a: Alakazam|0 fnt\n|faint|p2a: Alakazam\n|\n|win|Laroxyl\n|c|☆Isza|gg\n|player|p1|\n|player|p2|\n","uploadtime":1771784093,"views":"909","formatid":"gen1ou","rating":null,"private":0,"password":null}