{"id":"smogtours-gen1ou-904826","format":"[Gen 1] OU","players":["sadisticnarwhal","LNumbers"],"log":"|inactive|Battle timer is ON: inactive players will automatically lose when time's up.\n|t:|1769978850\n|gametype|singles\n|player|p1|sadisticnarwhal|#splxviiruiners2|\n|player|p2|LNumbers|#splxviityrants|\n|gen|1\n|tier|[Gen 1] OU\n|rule|Desync Clause Mod: Desyncs changed to move failure.\n|rule|Sleep Clause Mod: Limit one foe put to sleep\n|rule|Freeze Clause Mod: Limit one foe frozen\n|rule|Species Clause: Limit one of each Pokémon\n|rule|OHKO Clause: OHKO moves are banned\n|rule|Evasion Moves Clause: Evasion moves are banned\n|rule|Endless Battle Clause: Forcing endless battles is banned\n|rule|HP Percentage Mod: HP is shown in percentages\n|\n|t:|1769978850\n|teamsize|p1|6\n|teamsize|p2|6\n|start\n|switch|p1a: Alakazam|Alakazam|100/100\n|switch|p2a: Starmie|Starmie|100/100\n|turn|1\n|c|☆LNumbers|hf\n|c|☆sadisticnarwhal|u2\n|\n|t:|1769978869\n|move|p1a: Alakazam|Seismic Toss|p2a: Starmie\n|-damage|p2a: Starmie|70/100\n|move|p2a: Starmie|Blizzard|p1a: Alakazam|[miss]\n|-miss|p2a: Starmie\n|\n|upkeep\n|turn|2\n|\n|t:|1769978880\n|switch|p1a: Chansey|Chansey|100/100\n|move|p2a: Starmie|Recover|p2a: Starmie\n|-heal|p2a: Starmie|100/100\n|\n|upkeep\n|turn|3\n|\n|t:|1769978888\n|move|p2a: Starmie|Blizzard|p1a: Chansey\n|-damage|p1a: Chansey|87/100\n|move|p1a: Chansey|Sing|p2a: Starmie\n|-status|p2a: Starmie|slp|[from] move: Sing\n|\n|upkeep\n|turn|4\n|rated|Smogon Premier League\n|\n|t:|1769978909\n|switch|p2a: Exeggutor|Exeggutor|100/100\n|move|p1a: Chansey|Thunder Wave|p2a: Exeggutor\n|-status|p2a: Exeggutor|par\n|\n|upkeep\n|turn|5\n|\n|t:|1769978914\n|switch|p1a: Alakazam|Alakazam|100/100\n|move|p2a: Exeggutor|Sleep Powder|p1a: Alakazam\n|-status|p1a: Alakazam|slp|[from] move: Sleep Powder\n|\n|upkeep\n|turn|6\n|\n|t:|1769978927\n|switch|p1a: Chansey|Chansey|87/100\n|switch|p2a: Chansey|Chansey|100/100\n|\n|upkeep\n|turn|7\n|\n|t:|1769978931\n|move|p2a: Chansey|Thunder Wave|p1a: Chansey\n|-status|p1a: Chansey|par\n|move|p1a: Chansey|Thunder Wave|p2a: Chansey\n|-status|p2a: Chansey|par\n|\n|upkeep\n|turn|8\n|inactive|LNumbers has 270 seconds left.\n|\n|t:|1769978973\n|switch|p1a: Snorlax|Snorlax|100/100\n|move|p2a: Chansey|Reflect|p2a: Chansey\n|-start|p2a: Chansey|Reflect\n|\n|upkeep\n|turn|9\n|\n|t:|1769978979\n|switch|p1a: Chansey|Chansey|87/100 par\n|move|p2a: Chansey|Thunder Wave|p1a: Chansey\n|-fail|p1a: Chansey|par\n|\n|upkeep\n|turn|10\n|\n|t:|1769978984\n|move|p1a: Chansey|Seismic Toss|p2a: Chansey\n|-damage|p2a: Chansey|86/100 par\n|move|p2a: Chansey|Seismic Toss|p1a: Chansey\n|-damage|p1a: Chansey|72/100 par\n|\n|upkeep\n|turn|11\n|\n|t:|1769978993\n|cant|p1a: Chansey|par\n|move|p2a: Chansey|Thunder Wave|p1a: Chansey\n|-fail|p1a: Chansey|par\n|\n|upkeep\n|turn|12\n|\n|t:|1769978999\n|move|p2a: Chansey|Reflect|p2a: Chansey\n|-fail|p2a: Chansey\n|move|p1a: Chansey|Seismic Toss|p2a: Chansey\n|-damage|p2a: Chansey|72/100 par\n|\n|upkeep\n|turn|13\n|\n|t:|1769979007\n|cant|p1a: Chansey|par\n|move|p2a: Chansey|Seismic Toss|p1a: Chansey\n|-damage|p1a: Chansey|58/100 par\n|\n|upkeep\n|turn|14\n|\n|t:|1769979013\n|move|p1a: Chansey|Soft-Boiled|p1a: Chansey\n|-heal|p1a: Chansey|100/100 par\n|move|p2a: Chansey|Reflect|p2a: Chansey\n|-fail|p2a: Chansey\n|\n|upkeep\n|turn|15\n|\n|t:|1769979019\n|switch|p1a: Snorlax|Snorlax|100/100\n|move|p2a: Chansey|Seismic Toss|p1a: Snorlax\n|-damage|p1a: Snorlax|81/100\n|\n|upkeep\n|turn|16\n|\n|t:|1769979023\n|move|p1a: Snorlax|Body Slam|p2a: Chansey\n|-crit|p2a: Chansey\n|-damage|p2a: Chansey|0 fnt\n|faint|p2a: Chansey\n|inactive|LNumbers has 270 seconds left.\n|\n|t:|1769979081\n|switch|p2a: Snorlax|Snorlax|100/100\n|turn|17\n|\n|t:|1769979088\n|move|p1a: Snorlax|Reflect|p1a: Snorlax\n|-start|p1a: Snorlax|Reflect\n|move|p2a: Snorlax|Body Slam|p1a: Snorlax\n|-damage|p1a: Snorlax|68/100\n|\n|upkeep\n|turn|18\n|\n|t:|1769979091\n|move|p2a: Snorlax|Reflect|p2a: Snorlax\n|-start|p2a: Snorlax|Reflect\n|move|p1a: Snorlax|Body Slam|p2a: Snorlax\n|-damage|p2a: Snorlax|87/100\n|\n|upkeep\n|turn|19\n|\n|t:|1769979099\n|move|p2a: Snorlax|Body Slam|p1a: Snorlax\n|-damage|p1a: Snorlax|54/100\n|move|p1a: Snorlax|Body Slam|p2a: Snorlax\n|-damage|p2a: Snorlax|74/100\n|\n|upkeep\n|turn|20\n|inactive|LNumbers has 270 seconds left.\n|\n|t:|1769979117\n|move|p1a: Snorlax|Body Slam|p2a: Snorlax\n|-damage|p2a: Snorlax|61/100\n|move|p2a: Snorlax|Body Slam|p1a: Snorlax\n|-damage|p1a: Snorlax|40/100\n|\n|upkeep\n|turn|21\n|inactive|LNumbers has 270 seconds left.\n|\n|t:|1769979155\n|move|p2a: Snorlax|Body Slam|p1a: Snorlax\n|-damage|p1a: Snorlax|26/100\n|move|p1a: Snorlax|Body Slam|p2a: Snorlax\n|-damage|p2a: Snorlax|48/100\n|\n|upkeep\n|turn|22\n|\n|t:|1769979160\n|switch|p2a: Zapdos|Zapdos|100/100\n|move|p1a: Snorlax|Rest|p1a: Snorlax\n|-status|p1a: Snorlax|slp|[from] move: Rest\n|-heal|p1a: Snorlax|100/100 slp|[silent]\n|\n|upkeep\n|turn|23\n|inactive|LNumbers has 240 seconds left.\n|inactive|sadisticnarwhal has 270 seconds left.\n|\n|t:|1769979218\n|move|p2a: Zapdos|Drill Peck|p1a: Snorlax\n|-damage|p1a: Snorlax|89/100 slp\n|cant|p1a: Snorlax|slp\n|\n|upkeep\n|turn|24\n|\n|t:|1769979223\n|switch|p1a: Chansey|Chansey|100/100 par\n|move|p2a: Zapdos|Thunderbolt|p1a: Chansey\n|-crit|p1a: Chansey\n|-damage|p1a: Chansey|67/100 par\n|\n|upkeep\n|turn|25\n|inactive|LNumbers has 210 seconds left.\n|inactive|sadisticnarwhal has 240 seconds left.\n|\n|t:|1769979266\n|switch|p2a: Snorlax|Snorlax|48/100\n|move|p1a: Chansey|Thunder Wave|p2a: Snorlax\n|-status|p2a: Snorlax|par\n|\n|upkeep\n|turn|26\n|inactive|sadisticnarwhal has 240 seconds left.\n|\n|t:|1769979272\n|switch|p1a: Snorlax|Snorlax|89/100 slp\n|cant|p2a: Snorlax|par\n|\n|upkeep\n|turn|27\n|\n|t:|1769979276\n|-curestatus|p1a: Snorlax|slp|[msg]\n|move|p2a: Snorlax|Reflect|p2a: Snorlax\n|-start|p2a: Snorlax|Reflect\n|\n|upkeep\n|turn|28\n|\n|t:|1769979282\n|switch|p1a: Exeggutor|Exeggutor|100/100\n|move|p2a: Snorlax|Body Slam|p1a: Exeggutor\n|-damage|p1a: Exeggutor|69/100\n|\n|upkeep\n|turn|29\n|\n|t:|1769979288\n|move|p1a: Exeggutor|Psychic|p2a: Snorlax\n|-damage|p2a: Snorlax|15/100 par\n|move|p2a: Snorlax|Rest|p2a: Snorlax\n|-status|p2a: Snorlax|slp|[from] move: Rest\n|-heal|p2a: Snorlax|100/100 slp|[silent]\n|\n|upkeep\n|turn|30\n|\n|t:|1769979298\n|switch|p2a: Exeggutor|Exeggutor|100/100 par\n|move|p1a: Exeggutor|Psychic|p2a: Exeggutor\n|-resisted|p2a: Exeggutor\n|-damage|p2a: Exeggutor|87/100 par\n|\n|upkeep\n|turn|31\n|inactive|LNumbers has 210 seconds left.\n|\n|t:|1769979339\n|move|p1a: Exeggutor|Psychic|p2a: Exeggutor\n|-resisted|p2a: Exeggutor\n|-damage|p2a: Exeggutor|73/100 par\n|-unboost|p2a: Exeggutor|spa|1\n|-unboost|p2a: Exeggutor|spd|1\n|move|p2a: Exeggutor|Psychic|p1a: Exeggutor\n|-resisted|p1a: Exeggutor\n|-damage|p1a: Exeggutor|60/100\n|\n|upkeep\n|turn|32\n|\n|t:|1769979345\n|move|p1a: Exeggutor|Psychic|p2a: Exeggutor\n|-resisted|p2a: Exeggutor\n|-damage|p2a: Exeggutor|51/100 par\n|move|p2a: Exeggutor|Stun Spore|p1a: Exeggutor\n|-status|p1a: Exeggutor|par\n|\n|upkeep\n|turn|33\n|inactive|LNumbers has 210 seconds left.\n|\n|t:|1769979356\n|switch|p2a: Starmie|Starmie|100/100 slp\n|move|p1a: Exeggutor|Psychic|p2a: Starmie\n|-crit|p2a: Starmie\n|-resisted|p2a: Starmie\n|-damage|p2a: Starmie|61/100 slp\n|\n|upkeep\n|turn|34\n|inactive|LNumbers has 210 seconds left.\n|inactive|LNumbers has 180 seconds left.\n|inactive|sadisticnarwhal has 270 seconds left.\n|inactive|LNumbers has 150 seconds left.\n|inactive|LNumbers has 120 seconds left.\n|\n|t:|1769979463\n|switch|p2a: Snorlax|Snorlax|100/100 slp\n|move|p1a: Exeggutor|Mega Drain|p2a: Snorlax\n|-damage|p2a: Snorlax|87/100 slp\n|-heal|p1a: Exeggutor|68/100 par|[from] drain|[of] p2a: Snorlax\n|\n|upkeep\n|turn|35\n|inactive|LNumbers has 120 seconds left.\n|\n|t:|1769979468\n|cant|p2a: Snorlax|slp\n|move|p1a: Exeggutor|Psychic|p2a: Snorlax\n|-damage|p2a: Snorlax|56/100 slp\n|-unboost|p2a: Snorlax|spa|1\n|-unboost|p2a: Snorlax|spd|1\n|\n|upkeep\n|turn|36\n|\n|t:|1769979477\n|switch|p2a: Exeggutor|Exeggutor|51/100 par\n|cant|p1a: Exeggutor|par\n|\n|upkeep\n|turn|37\n|\n|t:|1769979485\n|cant|p2a: Exeggutor|par\n|move|p1a: Exeggutor|Psychic|p2a: Exeggutor\n|-resisted|p2a: Exeggutor\n|-damage|p2a: Exeggutor|38/100 par\n|\n|upkeep\n|turn|38\n|\n|t:|1769979493\n|cant|p1a: Exeggutor|par\n|cant|p2a: Exeggutor|par\n|\n|upkeep\n|turn|39\n|\n|t:|1769979497\n|switch|p1a: Alakazam|Alakazam|100/100 slp\n|cant|p2a: Exeggutor|par\n|\n|upkeep\n|turn|40\n|inactive|LNumbers has 150 seconds left.\n|\n|t:|1769979521\n|cant|p1a: Alakazam|slp\n|move|p2a: Exeggutor|Psychic|p1a: Alakazam\n|-resisted|p1a: Alakazam\n|-damage|p1a: Alakazam|85/100 slp\n|-unboost|p1a: Alakazam|spa|1\n|-unboost|p1a: Alakazam|spd|1\n|\n|upkeep\n|turn|41\n|inactive|LNumbers has 120 seconds left.\n|\n|t:|1769979547\n|switch|p1a: Exeggutor|Exeggutor|68/100 par\n|move|p2a: Exeggutor|Psychic|p1a: Exeggutor\n|-resisted|p1a: Exeggutor\n|-damage|p1a: Exeggutor|56/100 par\n|\n|upkeep\n|turn|42\n|inactive|LNumbers has 120 seconds left.\n|\n|t:|1769979572\n|cant|p2a: Exeggutor|par\n|move|p1a: Exeggutor|Psychic|p2a: Exeggutor\n|-resisted|p2a: Exeggutor\n|-damage|p2a: Exeggutor|25/100 par\n|\n|upkeep\n|turn|43\n|\n|t:|1769979599\n|move|p1a: Exeggutor|Psychic|p2a: Exeggutor\n|-resisted|p2a: Exeggutor\n|-damage|p2a: Exeggutor|12/100 par\n|move|p2a: Exeggutor|Psychic|p1a: Exeggutor\n|-resisted|p1a: Exeggutor\n|-damage|p1a: Exeggutor|44/100 par\n|-unboost|p1a: Exeggutor|spa|1\n|-unboost|p1a: Exeggutor|spd|1\n|\n|upkeep\n|turn|44\n|inactive|LNumbers has 90 seconds left.\n|\n|t:|1769979643\n|cant|p2a: Exeggutor|par\n|move|p1a: Exeggutor|Psychic|p2a: Exeggutor\n|-resisted|p2a: Exeggutor\n|-damage|p2a: Exeggutor|3/100 par\n|\n|upkeep\n|turn|45\n|\n|t:|1769979657\n|switch|p2a: Zapdos|Zapdos|100/100\n|cant|p1a: Exeggutor|par\n|\n|upkeep\n|turn|46\n|\n|t:|1769979666\n|switch|p1a: Alakazam|Alakazam|85/100 slp\n|move|p2a: Zapdos|Drill Peck|p1a: Alakazam\n|-crit|p1a: Alakazam\n|-damage|p1a: Alakazam|0 fnt\n|faint|p1a: Alakazam\n|\n|t:|1769979673\n|switch|p1a: Snorlax|Snorlax|89/100\n|turn|47\n|\n|t:|1769979695\n|move|p2a: Zapdos|Thunder Wave|p1a: Snorlax\n|-status|p1a: Snorlax|par\n|move|p1a: Snorlax|Body Slam|p2a: Zapdos\n|-damage|p2a: Zapdos|72/100\n|-status|p2a: Zapdos|par\n|\n|upkeep\n|turn|48\n|inactive|LNumbers has 60 seconds left.\n|\n|t:|1769979712\n|switch|p2a: Snorlax|Snorlax|56/100 slp\n|move|p1a: Snorlax|Body Slam|p2a: Snorlax\n|-damage|p2a: Snorlax|29/100 slp\n|\n|upkeep\n|turn|49\n|inactive|LNumbers has 60 seconds left.\n|\n|t:|1769979727\n|switch|p2a: Tauros|Tauros|100/100\n|move|p1a: Snorlax|Hyper Beam|p2a: Tauros\n|-damage|p2a: Tauros|48/100\n|-mustrecharge|p1a: Snorlax\n|\n|upkeep\n|turn|50\n|inactive|LNumbers has 60 seconds left.\n|\n|t:|1769979745\n|move|p2a: Tauros|Body Slam|p1a: Snorlax\n|-damage|p1a: Snorlax|63/100 par\n|cant|p1a: Snorlax|recharge\n|\n|upkeep\n|turn|51\n|inactive|LNumbers has 60 seconds left.\n|\n|t:|1769979775\n|move|p2a: Tauros|Body Slam|p1a: Snorlax\n|-damage|p1a: Snorlax|39/100 par\n|move|p1a: Snorlax|Hyper Beam|p2a: Tauros\n|-damage|p2a: Tauros|0 fnt\n|faint|p2a: Tauros\n|inactive|LNumbers has 30 seconds left.\n|\n|t:|1769979791\n|switch|p2a: Zapdos|Zapdos|72/100 par\n|turn|52\n|\n|t:|1769979797\n|move|p2a: Zapdos|Thunderbolt|p1a: Snorlax\n|-damage|p1a: Snorlax|5/100 par\n|move|p1a: Snorlax|Body Slam|p2a: Zapdos\n|-damage|p2a: Zapdos|40/100 par\n|\n|upkeep\n|turn|53\n|inactive|LNumbers has 30 seconds left.\n|inactive|LNumbers has 20 seconds left.\n|\n|t:|1769979830\n|cant|p2a: Zapdos|par\n|move|p1a: Snorlax|Hyper Beam|p2a: Zapdos\n|-damage|p2a: Zapdos|0 fnt\n|faint|p2a: Zapdos\n|inactive|LNumbers has 25 seconds left this turn.\n|inactive|LNumbers has 20 seconds left.\n|c|☆LNumbers|yea\n|\n|t:|1769979838\n|switch|p2a: Starmie|Starmie|61/100 slp\n|turn|54\n|inactive|LNumbers has 30 seconds left this turn.\n|\n|t:|1769979842\n|-curestatus|p2a: Starmie|slp|[msg]\n|move|p1a: Snorlax|Hyper Beam|p2a: Starmie\n|-damage|p2a: Starmie|0 fnt\n|faint|p2a: Starmie\n|inactive|LNumbers has 30 seconds left.\n|c|☆LNumbers|gg\n|\n|t:|1769979853\n|switch|p2a: Snorlax|Snorlax|29/100 slp\n|turn|55\n|\n|t:|1769979857\n|switch|p1a: Tauros|Tauros|100/100\n|-curestatus|p2a: Snorlax|slp|[msg]\n|\n|upkeep\n|turn|56\n|\n|t:|1769979863\n|move|p1a: Tauros|Hyper Beam|p2a: Snorlax\n|-damage|p2a: Snorlax|0 fnt\n|faint|p2a: Snorlax\n|\n|t:|1769979865\n|switch|p2a: Exeggutor|Exeggutor|3/100 par\n|turn|57\n|c|☆sadisticnarwhal|gg\n|\n|t:|1769979876\n|move|p1a: Tauros|Body Slam|p2a: Exeggutor\n|-damage|p2a: Exeggutor|0 fnt\n|faint|p2a: Exeggutor\n|\n|win|sadisticnarwhal\n|player|p2|\n|player|p1|\n","uploadtime":1769979876,"views":"1032","formatid":"gen1ou","rating":null,"private":0,"password":null}