{"id":"smogtours-gen1ou-946409","format":"[Gen 1] OU","players":["magialice","Enigami"],"log":"|inactive|Battle timer is ON: inactive players will automatically lose when time's up.\n|t:|1781395399\n|gametype|singles\n|player|p1|magialice|#pmplivdachsbuns|\n|player|p2|Enigami|oak-gen1rb|\n|gen|1\n|tier|[Gen 1] OU\n|rule|Desync Clause Mod: Desyncs changed to move failure.\n|rule|HP Percentage Mod: HP is shown in percentages\n|rule|Endless Battle Clause: Forcing endless battles is banned\n|rule|Sleep Clause Mod: Limit one foe put to sleep\n|rule|Freeze Clause Mod: Limit one foe frozen\n|rule|Species Clause: Limit one of each Pokémon\n|rule|OHKO Clause: OHKO moves are banned\n|rule|Evasion Moves Clause: Evasion moves are banned\n|\n|t:|1781395399\n|teamsize|p1|6\n|teamsize|p2|6\n|start\n|switch|p1a: Gengar|Gengar|100/100\n|switch|p2a: Alakazam|Alakazam|100/100\n|turn|1\n|c|☆magialice|glhf\n|\n|t:|1781395411\n|switch|p2a: Exeggutor|Exeggutor|100/100\n|switch|p1a: Exeggutor|Exeggutor|100/100\n|\n|upkeep\n|turn|2\n|c|☆Enigami|u2\n|\n|t:|1781395435\n|switch|p2a: Alakazam|Alakazam|100/100\n|move|p1a: Exeggutor|Sleep Powder|p2a: Alakazam\n|-status|p2a: Alakazam|slp|[from] move: Sleep Powder\n|\n|upkeep\n|turn|3\n|\n|t:|1781395443\n|switch|p1a: Alakazam|Alakazam|100/100\n|-curestatus|p2a: Alakazam|slp|[msg]\n|\n|upkeep\n|turn|4\n|\n|t:|1781395447\n|switch|p2a: Exeggutor|Exeggutor|100/100\n|switch|p1a: Exeggutor|Exeggutor|100/100\n|\n|upkeep\n|turn|5\n|\n|t:|1781395450\n|switch|p1a: Gengar|Gengar|100/100\n|move|p2a: Exeggutor|Sleep Powder|p1a: Gengar|[miss]\n|-miss|p2a: Exeggutor\n|\n|upkeep\n|turn|6\n|\n|t:|1781395464\n|switch|p2a: Alakazam|Alakazam|100/100\n|move|p1a: Gengar|Hypnosis|p2a: Alakazam\n|-status|p2a: Alakazam|slp|[from] move: Hypnosis\n|\n|upkeep\n|turn|7\n|\n|t:|1781395471\n|switch|p2a: Exeggutor|Exeggutor|100/100\n|switch|p1a: Alakazam|Alakazam|100/100\n|\n|upkeep\n|turn|8\n|\n|t:|1781395475\n|switch|p1a: Gengar|Gengar|100/100\n|move|p2a: Exeggutor|Sleep Powder|p1a: Gengar\n|-status|p1a: Gengar|slp|[from] move: Sleep Powder\n|\n|upkeep\n|turn|9\n|\n|t:|1781395501\n|switch|p1a: Alakazam|Alakazam|100/100\n|move|p2a: Exeggutor|Stun Spore|p1a: Alakazam\n|-status|p1a: Alakazam|par\n|\n|upkeep\n|turn|10\n|\n|t:|1781395510\n|move|p2a: Exeggutor|Psychic|p1a: Alakazam\n|-resisted|p1a: Alakazam\n|-damage|p1a: Alakazam|84/100 par\n|move|p1a: Alakazam|Thunder Wave|p2a: Exeggutor\n|-status|p2a: Exeggutor|par\n|\n|upkeep\n|turn|11\n|\n|t:|1781395519\n|cant|p1a: Alakazam|par\n|move|p2a: Exeggutor|Psychic|p1a: Alakazam\n|-resisted|p1a: Alakazam\n|-damage|p1a: Alakazam|67/100 par\n|\n|upkeep\n|turn|12\n|\n|t:|1781395528\n|cant|p1a: Alakazam|par\n|cant|p2a: Exeggutor|par\n|\n|upkeep\n|turn|13\n|\n|t:|1781395551\n|switch|p2a: Tauros|Tauros|100/100\n|move|p1a: Alakazam|Psychic|p2a: Tauros\n|-crit|p2a: Tauros\n|-damage|p2a: Tauros|9/100\n|\n|upkeep\n|turn|14\n|\n|t:|1781395557\n|switch|p1a: Starmie|Starmie|100/100\n|move|p2a: Tauros|Body Slam|p1a: Starmie\n|-damage|p1a: Starmie|65/100\n|-status|p1a: Starmie|par\n|\n|upkeep\n|turn|15\n|inactive|Enigami has 270 seconds left.\n|\n|t:|1781395614\n|move|p2a: Tauros|Body Slam|p1a: Starmie\n|-damage|p1a: Starmie|32/100 par\n|move|p1a: Starmie|Surf|p2a: Tauros\n|-damage|p2a: Tauros|0 fnt\n|faint|p2a: Tauros\n|inactive|Enigami has 240 seconds left.\n|\n|t:|1781395633\n|switch|p2a: Rhydon|Rhydon|100/100\n|turn|16\n|inactive|Enigami has 240 seconds left.\n|\n|t:|1781395639\n|switch|p2a: Cloyster|Cloyster|100/100\n|switch|p1a: Exeggutor|Exeggutor|100/100\n|\n|upkeep\n|turn|17\n|\n|t:|1781395648\n|move|p2a: Cloyster|Blizzard|p1a: Exeggutor\n|-supereffective|p1a: Exeggutor\n|-damage|p1a: Exeggutor|48/100\n|move|p1a: Exeggutor|Stun Spore|p2a: Cloyster\n|-status|p2a: Cloyster|par\n|\n|upkeep\n|turn|18\n|\n|t:|1781395660\n|switch|p1a: Alakazam|Alakazam|67/100 par\n|move|p2a: Cloyster|Blizzard|p1a: Alakazam\n|-damage|p1a: Alakazam|33/100 par\n|\n|upkeep\n|turn|19\n|\n|t:|1781395667\n|switch|p2a: Rhydon|Rhydon|100/100\n|move|p1a: Alakazam|Rest|p1a: Alakazam\n|-status|p1a: Alakazam|slp|[from] move: Rest\n|-heal|p1a: Alakazam|100/100 slp|[silent]\n|\n|upkeep\n|turn|20\n|c|☆Enigami|Really?\n|\n|t:|1781395676\n|move|p2a: Rhydon|Body Slam|p1a: Alakazam\n|-damage|p1a: Alakazam|62/100 slp\n|cant|p1a: Alakazam|slp\n|\n|upkeep\n|turn|21\n|c|☆magialice|i did not wanna lose to wrap today\n|\n|t:|1781395683\n|switch|p1a: Exeggutor|Exeggutor|48/100\n|move|p2a: Rhydon|Earthquake|p1a: Exeggutor\n|-resisted|p1a: Exeggutor\n|-damage|p1a: Exeggutor|30/100\n|\n|upkeep\n|turn|22\n|\n|t:|1781395690\n|switch|p2a: Exeggutor|Exeggutor|100/100 par\n|move|p1a: Exeggutor|Psychic|p2a: Exeggutor\n|-resisted|p2a: Exeggutor\n|-damage|p2a: Exeggutor|88/100 par\n|\n|upkeep\n|turn|23\n|\n|t:|1781395696\n|switch|p2a: Alakazam|Alakazam|100/100 slp\n|move|p1a: Exeggutor|Psychic|p2a: Alakazam\n|-resisted|p2a: Alakazam\n|-damage|p2a: Alakazam|85/100 slp\n|\n|upkeep\n|turn|24\n|\n|t:|1781395698\n|switch|p1a: Snorlax|Snorlax|100/100\n|cant|p2a: Alakazam|slp\n|\n|upkeep\n|turn|25\n|\n|t:|1781395702\n|switch|p2a: Cloyster|Cloyster|100/100 par\n|move|p1a: Snorlax|Body Slam|p2a: Cloyster\n|-damage|p2a: Cloyster|79/100 par\n|\n|upkeep\n|turn|26\n|\n|t:|1781395708\n|switch|p1a: Starmie|Starmie|32/100 par\n|move|p2a: Cloyster|Rest|p2a: Cloyster\n|-status|p2a: Cloyster|slp|[from] move: Rest\n|-heal|p2a: Cloyster|100/100 slp|[silent]\n|\n|upkeep\n|turn|27\n|\n|t:|1781395714\n|switch|p2a: Starmie|Starmie|100/100\n|move|p1a: Starmie|Recover|p1a: Starmie\n|-heal|p1a: Starmie|82/100 par\n|\n|upkeep\n|turn|28\n|\n|t:|1781395723\n|switch|p1a: Exeggutor|Exeggutor|30/100\n|move|p2a: Starmie|Thunderbolt|p1a: Exeggutor\n|-resisted|p1a: Exeggutor\n|-damage|p1a: Exeggutor|21/100\n|\n|upkeep\n|turn|29\n|\n|t:|1781395741\n|switch|p2a: Alakazam|Alakazam|85/100 slp\n|switch|p1a: Alakazam|Alakazam|62/100 slp\n|\n|upkeep\n|turn|30\n|\n|t:|1781395751\n|switch|p2a: Rhydon|Rhydon|100/100\n|-curestatus|p1a: Alakazam|slp|[msg]\n|\n|upkeep\n|turn|31\n|inactive|magialice has 270 seconds left.\n|inactive|magialice has 240 seconds left.\n|\n|t:|1781395821\n|switch|p1a: Snorlax|Snorlax|100/100\n|move|p2a: Rhydon|Earthquake|p1a: Snorlax\n|-damage|p1a: Snorlax|66/100\n|\n|upkeep\n|turn|32\n|\n|t:|1781395826\n|switch|p1a: Exeggutor|Exeggutor|21/100\n|move|p2a: Rhydon|Earthquake|p1a: Exeggutor\n|-crit|p1a: Exeggutor\n|-resisted|p1a: Exeggutor\n|-damage|p1a: Exeggutor|0 fnt\n|faint|p1a: Exeggutor\n|\n|t:|1781395831\n|switch|p1a: Starmie|Starmie|82/100 par\n|turn|33\n|\n|t:|1781395842\n|switch|p2a: Exeggutor|Exeggutor|88/100 par\n|cant|p1a: Starmie|par\n|\n|upkeep\n|turn|34\n|\n|t:|1781395844\n|move|p1a: Starmie|Surf|p2a: Exeggutor\n|-resisted|p2a: Exeggutor\n|-damage|p2a: Exeggutor|76/100 par\n|cant|p2a: Exeggutor|par\n|\n|upkeep\n|turn|35\n|\n|t:|1781395848\n|move|p1a: Starmie|Surf|p2a: Exeggutor\n|-resisted|p2a: Exeggutor\n|-damage|p2a: Exeggutor|64/100 par\n|move|p2a: Exeggutor|Psychic|p1a: Starmie\n|-resisted|p1a: Starmie\n|-damage|p1a: Starmie|62/100 par\n|\n|upkeep\n|turn|36\n|\n|t:|1781395854\n|move|p1a: Starmie|Thunder Wave|p2a: Exeggutor\n|-fail|p2a: Exeggutor|par\n|move|p2a: Exeggutor|Psychic|p1a: Starmie\n|-resisted|p1a: Starmie\n|-damage|p1a: Starmie|44/100 par\n|\n|upkeep\n|turn|37\n|\n|t:|1781395859\n|cant|p1a: Starmie|par\n|move|p2a: Exeggutor|Psychic|p1a: Starmie\n|-resisted|p1a: Starmie\n|-damage|p1a: Starmie|23/100 par\n|-unboost|p1a: Starmie|spa|1\n|-unboost|p1a: Starmie|spd|1\n|\n|upkeep\n|turn|38\n|\n|t:|1781395865\n|switch|p1a: Gengar|Gengar|100/100 slp\n|move|p2a: Exeggutor|Psychic|p1a: Gengar\n|-supereffective|p1a: Gengar\n|-damage|p1a: Gengar|36/100 slp\n|\n|upkeep\n|turn|39\n|\n|t:|1781395872\n|switch|p1a: Snorlax|Snorlax|66/100\n|move|p2a: Exeggutor|Stun Spore|p1a: Snorlax\n|-status|p1a: Snorlax|par\n|\n|upkeep\n|turn|40\n|\n|t:|1781395881\n|move|p2a: Exeggutor|Psychic|p1a: Snorlax\n|-damage|p1a: Snorlax|33/100 par\n|cant|p1a: Snorlax|par\n|\n|upkeep\n|turn|41\n|\n|t:|1781395886\n|switch|p1a: Starmie|Starmie|23/100 par\n|move|p2a: Exeggutor|Psychic|p1a: Starmie\n|-resisted|p1a: Starmie\n|-damage|p1a: Starmie|6/100 par\n|\n|upkeep\n|turn|42\n|inactive|Enigami has 270 seconds left.\n|\n|t:|1781395917\n|move|p1a: Starmie|Recover|p1a: Starmie\n|-heal|p1a: Starmie|56/100 par\n|move|p2a: Exeggutor|Psychic|p1a: Starmie\n|-resisted|p1a: Starmie\n|-damage|p1a: Starmie|35/100 par\n|-unboost|p1a: Starmie|spa|1\n|-unboost|p1a: Starmie|spd|1\n|\n|upkeep\n|turn|43\n|\n|t:|1781395921\n|move|p2a: Exeggutor|Psychic|p1a: Starmie\n|-resisted|p1a: Starmie\n|-damage|p1a: Starmie|9/100 par\n|-unboost|p1a: Starmie|spa|1\n|-unboost|p1a: Starmie|spd|1\n|cant|p1a: Starmie|par\n|\n|upkeep\n|turn|44\n|\n|t:|1781395930\n|cant|p2a: Exeggutor|par\n|move|p1a: Starmie|Recover|p1a: Starmie\n|-heal|p1a: Starmie|58/100 par\n|\n|upkeep\n|turn|45\n|\n|t:|1781395934\n|switch|p1a: Alakazam|Alakazam|62/100\n|move|p2a: Exeggutor|Stun Spore|p1a: Alakazam\n|-status|p1a: Alakazam|par\n|\n|upkeep\n|turn|46\n|\n|t:|1781395947\n|move|p1a: Alakazam|Rest|p1a: Alakazam\n|-status|p1a: Alakazam|slp|[from] move: Rest\n|-heal|p1a: Alakazam|100/100 slp|[silent]\n|move|p2a: Exeggutor|Psychic|p1a: Alakazam\n|-resisted|p1a: Alakazam\n|-damage|p1a: Alakazam|84/100 slp\n|\n|upkeep\n|turn|47\n|\n|t:|1781395951\n|cant|p1a: Alakazam|slp\n|move|p2a: Exeggutor|Psychic|p1a: Alakazam\n|-resisted|p1a: Alakazam\n|-damage|p1a: Alakazam|68/100 slp\n|-unboost|p1a: Alakazam|spa|1\n|-unboost|p1a: Alakazam|spd|1\n|\n|upkeep\n|turn|48\n|\n|t:|1781395961\n|switch|p1a: Starmie|Starmie|58/100 par\n|cant|p2a: Exeggutor|par\n|\n|upkeep\n|turn|49\n|\n|t:|1781395968\n|move|p1a: Starmie|Recover|p1a: Starmie\n|-heal|p1a: Starmie|100/100 par\n|move|p2a: Exeggutor|Psychic|p1a: Starmie\n|-crit|p1a: Starmie\n|-resisted|p1a: Starmie\n|-damage|p1a: Starmie|63/100 par\n|\n|upkeep\n|turn|50\n|\n|t:|1781395973\n|cant|p1a: Starmie|par\n|cant|p2a: Exeggutor|par\n|\n|upkeep\n|turn|51\n|\n|t:|1781395977\n|cant|p1a: Starmie|par\n|move|p2a: Exeggutor|Psychic|p1a: Starmie\n|-resisted|p1a: Starmie\n|-damage|p1a: Starmie|43/100 par\n|\n|upkeep\n|turn|52\n|\n|t:|1781395980\n|cant|p1a: Starmie|par\n|move|p2a: Exeggutor|Explosion|p1a: Starmie\n|-damage|p1a: Starmie|0 fnt\n|faint|p1a: Starmie\n|faint|p2a: Exeggutor\n|\n|t:|1781395988\n|switch|p1a: Tauros|Tauros|100/100\n|switch|p2a: Starmie|Starmie|100/100\n|turn|53\n|\n|t:|1781395999\n|switch|p1a: Alakazam|Alakazam|68/100 slp\n|move|p2a: Starmie|Thunder Wave|p1a: Alakazam\n|-fail|p1a: Alakazam\n|\n|upkeep\n|turn|54\n|\n|t:|1781396005\n|-curestatus|p1a: Alakazam|slp|[msg]\n|move|p2a: Starmie|Thunder Wave|p1a: Alakazam\n|-status|p1a: Alakazam|par\n|\n|upkeep\n|turn|55\n|\n|t:|1781396020\n|switch|p2a: Alakazam|Alakazam|85/100 slp\n|move|p1a: Alakazam|Psychic|p2a: Alakazam\n|-resisted|p2a: Alakazam\n|-damage|p2a: Alakazam|70/100 slp\n|-unboost|p2a: Alakazam|spa|1\n|-unboost|p2a: Alakazam|spd|1\n|\n|upkeep\n|turn|56\n|\n|t:|1781396023\n|switch|p1a: Tauros|Tauros|100/100\n|cant|p2a: Alakazam|slp\n|\n|upkeep\n|turn|57\n|\n|t:|1781396028\n|cant|p2a: Alakazam|slp\n|move|p1a: Tauros|Thunderbolt|p2a: Alakazam\n|-damage|p2a: Alakazam|45/100 slp\n|\n|upkeep\n|turn|58\n|\n|t:|1781396030\n|-curestatus|p2a: Alakazam|slp|[msg]\n|move|p1a: Tauros|Body Slam|p2a: Alakazam\n|-crit|p2a: Alakazam\n|-damage|p2a: Alakazam|0 fnt\n|faint|p2a: Alakazam\n|\n|t:|1781396034\n|switch|p2a: Starmie|Starmie|100/100\n|turn|59\n|\n|t:|1781396038\n|move|p2a: Starmie|Surf|p1a: Tauros\n|-damage|p1a: Tauros|60/100\n|move|p1a: Tauros|Earthquake|p2a: Starmie\n|-damage|p2a: Starmie|74/100\n|\n|upkeep\n|turn|60\n|\n|t:|1781396042\n|switch|p1a: Gengar|Gengar|36/100 slp\n|move|p2a: Starmie|Thunder Wave|p1a: Gengar\n|-fail|p1a: Gengar\n|\n|upkeep\n|turn|61\n|\n|t:|1781396044\n|switch|p1a: Alakazam|Alakazam|68/100 par\n|move|p2a: Starmie|Surf|p1a: Alakazam\n|-damage|p1a: Alakazam|39/100 par\n|\n|upkeep\n|turn|62\n|\n|t:|1781396049\n|switch|p2a: Rhydon|Rhydon|100/100\n|cant|p1a: Alakazam|par\n|\n|upkeep\n|turn|63\n|\n|t:|1781396059\n|move|p2a: Rhydon|Substitute|p2a: Rhydon\n|-start|p2a: Rhydon|Substitute\n|-damage|p2a: Rhydon|76/100\n|move|p1a: Alakazam|Psychic|p2a: Rhydon\n|-end|p2a: Rhydon|Substitute\n|\n|upkeep\n|turn|64\n|\n|t:|1781396062\n|switch|p1a: Gengar|Gengar|36/100 slp\n|move|p2a: Rhydon|Earthquake|p1a: Gengar\n|-supereffective|p1a: Gengar\n|-damage|p1a: Gengar|0 fnt\n|faint|p1a: Gengar\n|\n|t:|1781396064\n|switch|p1a: Tauros|Tauros|60/100\n|turn|65\n|\n|t:|1781396071\n|move|p1a: Tauros|Earthquake|p2a: Rhydon\n|-supereffective|p2a: Rhydon\n|-damage|p2a: Rhydon|42/100\n|move|p2a: Rhydon|Earthquake|p1a: Tauros\n|-damage|p1a: Tauros|19/100\n|\n|upkeep\n|turn|66\n|\n|t:|1781396081\n|switch|p2a: Cloyster|Cloyster|100/100 slp\n|move|p1a: Tauros|Earthquake|p2a: Cloyster\n|-damage|p2a: Cloyster|83/100 slp\n|\n|upkeep\n|turn|67\n|\n|t:|1781396084\n|move|p1a: Tauros|Thunderbolt|p2a: Cloyster\n|-supereffective|p2a: Cloyster\n|-damage|p2a: Cloyster|37/100 slp\n|cant|p2a: Cloyster|slp\n|\n|upkeep\n|turn|68\n|\n|t:|1781396087\n|move|p1a: Tauros|Thunderbolt|p2a: Cloyster\n|-crit|p2a: Cloyster\n|-supereffective|p2a: Cloyster\n|-damage|p2a: Cloyster|0 fnt\n|faint|p2a: Cloyster\n|\n|t:|1781396089\n|switch|p2a: Starmie|Starmie|74/100\n|turn|69\n|\n|t:|1781396101\n|switch|p1a: Snorlax|Snorlax|33/100 par\n|move|p2a: Starmie|Surf|p1a: Snorlax\n|-damage|p1a: Snorlax|4/100 par\n|\n|upkeep\n|turn|70\n|\n|t:|1781396106\n|move|p2a: Starmie|Thunderbolt|p1a: Snorlax\n|-damage|p1a: Snorlax|0 fnt\n|faint|p1a: Snorlax\n|\n|t:|1781396108\n|switch|p1a: Alakazam|Alakazam|39/100 par\n|turn|71\n|\n|t:|1781396116\n|switch|p2a: Rhydon|Rhydon|42/100\n|move|p1a: Alakazam|Recover|p1a: Alakazam\n|-heal|p1a: Alakazam|89/100 par\n|\n|upkeep\n|turn|72\n|\n|t:|1781396130\n|move|p2a: Rhydon|Substitute|p2a: Rhydon\n|-start|p2a: Rhydon|Substitute\n|-damage|p2a: Rhydon|17/100\n|move|p1a: Alakazam|Psychic|p2a: Rhydon\n|-end|p2a: Rhydon|Substitute\n|\n|upkeep\n|turn|73\n|\n|t:|1781396136\n|move|p2a: Rhydon|Earthquake|p1a: Alakazam\n|-damage|p1a: Alakazam|19/100 par\n|move|p1a: Alakazam|Psychic|p2a: Rhydon\n|-crit|p2a: Rhydon\n|-damage|p2a: Rhydon|0 fnt\n|faint|p2a: Rhydon\n|\n|t:|1781396138\n|switch|p2a: Starmie|Starmie|74/100\n|turn|74\n|\n|t:|1781396142\n|move|p2a: Starmie|Surf|p1a: Alakazam\n|-damage|p1a: Alakazam|0 fnt\n|faint|p1a: Alakazam\n|\n|t:|1781396143\n|switch|p1a: Tauros|Tauros|19/100\n|turn|75\n|\n|t:|1781396145\n|move|p2a: Starmie|Surf|p1a: Tauros\n|-damage|p1a: Tauros|0 fnt\n|faint|p1a: Tauros\n|\n|win|Enigami\n|c|☆magialice|gg\n|c|☆Enigami|gg\n|player|p1|\n|player|p1|magialice|#pmplivdachsbuns|\n","uploadtime":1781396145,"views":"54","formatid":"gen1ou","rating":null,"private":0,"password":null}