{"id":"smogtours-gen1ou-820256","format":"[Gen 1] OU","players":["Amaranth","nicole7735"],"log":"|inactive|Battle timer is ON: inactive players will automatically lose when time's up.\n|t:|1739698774\n|gametype|singles\n|player|p1|Amaranth|#amaranth|\n|player|p2|nicole7735|lady-gen4|\n|teamsize|p1|6\n|teamsize|p2|6\n|gen|1\n|tier|[Gen 1] OU\n|rule|Desync Clause Mod: Desyncs changed to move failure.\n|rule|Sleep Clause Mod: Limit one foe put to sleep\n|rule|Freeze Clause Mod: Limit one foe frozen\n|rule|Species Clause: Limit one of each Pokémon\n|rule|OHKO Clause: OHKO moves are banned\n|rule|Evasion Moves Clause: Evasion moves are banned\n|rule|Endless Battle Clause: Forcing endless battles is banned\n|rule|HP Percentage Mod: HP is shown in percentages\n|\n|t:|1739698774\n|start\n|switch|p1a: Alakazam|Alakazam|100/100\n|switch|p2a: Jynx|Jynx|100/100\n|turn|1\n|c|☆nicole7735|hf\n|c|☆Amaranth|glhf\n|\n|t:|1739698783\n|move|p1a: Alakazam|Thunder Wave|p2a: Jynx\n|-status|p2a: Jynx|par\n|move|p2a: Jynx|Lovely Kiss|p1a: Alakazam\n|-status|p1a: Alakazam|slp|[from] move: Lovely Kiss\n|\n|upkeep\n|turn|2\n|\n|t:|1739698791\n|switch|p1a: Chansey|Chansey|100/100\n|move|p2a: Jynx|Blizzard|p1a: Chansey\n|-damage|p1a: Chansey|81/100\n|\n|upkeep\n|turn|3\n|\n|t:|1739698794\n|move|p1a: Chansey|Thunderbolt|p2a: Jynx\n|-damage|p2a: Jynx|78/100 par\n|move|p2a: Jynx|Blizzard|p1a: Chansey\n|-crit|p1a: Chansey\n|-damage|p1a: Chansey|47/100\n|\n|upkeep\n|turn|4\n|\n|t:|1739698797\n|move|p1a: Chansey|Thunderbolt|p2a: Jynx\n|-damage|p2a: Jynx|55/100 par\n|cant|p2a: Jynx|par\n|\n|upkeep\n|turn|5\n|\n|t:|1739698799\n|move|p1a: Chansey|Thunderbolt|p2a: Jynx\n|-damage|p2a: Jynx|32/100 par\n|move|p2a: Jynx|Rest|p2a: Jynx\n|-status|p2a: Jynx|slp|[from] move: Rest\n|-heal|p2a: Jynx|100/100 slp|[silent]\n|\n|upkeep\n|turn|6\n|\n|t:|1739698803\n|move|p1a: Chansey|Soft-Boiled|p1a: Chansey\n|-heal|p1a: Chansey|97/100\n|cant|p2a: Jynx|slp\n|\n|upkeep\n|turn|7\n|\n|t:|1739698807\n|move|p1a: Chansey|Thunderbolt|p2a: Jynx\n|-damage|p2a: Jynx|76/100 slp\n|-curestatus|p2a: Jynx|slp|[msg]\n|\n|upkeep\n|turn|8\n|\n|t:|1739698812\n|switch|p2a: Chansey|Chansey|100/100\n|move|p1a: Chansey|Ice Beam|p2a: Chansey\n|-damage|p2a: Chansey|90/100\n|-status|p2a: Chansey|frz\n|\n|upkeep\n|turn|9\n|rated|Smogon Premier League\n|inactive|nicole7735 has 270 seconds left.\n|inactive|nicole7735 has 240 seconds left.\n|inactive|nicole7735 has 210 seconds left.\n|\n|t:|1739698905\n|switch|p1a: Exeggutor|Exeggutor|100/100\n|cant|p2a: Chansey|frz\n|\n|upkeep\n|turn|10\n|\n|t:|1739698912\n|move|p1a: Exeggutor|Sleep Powder|p2a: Chansey|[miss]\n|-miss|p1a: Exeggutor\n|cant|p2a: Chansey|frz\n|\n|upkeep\n|turn|11\n|\n|t:|1739698914\n|move|p1a: Exeggutor|Sleep Powder|p2a: Chansey\n|-fail|p2a: Chansey\n|cant|p2a: Chansey|frz\n|\n|upkeep\n|turn|12\n|\n|t:|1739698915\n|move|p1a: Exeggutor|Sleep Powder|p2a: Chansey\n|-fail|p2a: Chansey\n|cant|p2a: Chansey|frz\n|\n|upkeep\n|turn|13\n|\n|t:|1739698917\n|move|p1a: Exeggutor|Psychic|p2a: Chansey\n|-damage|p2a: Chansey|73/100 frz\n|-unboost|p2a: Chansey|spa|1\n|-unboost|p2a: Chansey|spd|1\n|cant|p2a: Chansey|frz\n|\n|upkeep\n|turn|14\n|\n|t:|1739698918\n|move|p1a: Exeggutor|Sleep Powder|p2a: Chansey\n|-fail|p2a: Chansey\n|cant|p2a: Chansey|frz\n|\n|upkeep\n|turn|15\n|\n|t:|1739698920\n|move|p1a: Exeggutor|Psychic|p2a: Chansey\n|-damage|p2a: Chansey|46/100 frz\n|-unboost|p2a: Chansey|spa|1\n|-unboost|p2a: Chansey|spd|1\n|cant|p2a: Chansey|frz\n|\n|upkeep\n|turn|16\n|\n|t:|1739698921\n|move|p1a: Exeggutor|Sleep Powder|p2a: Chansey\n|-fail|p2a: Chansey\n|cant|p2a: Chansey|frz\n|\n|upkeep\n|turn|17\n|\n|t:|1739698924\n|switch|p2a: Jynx|Jynx|76/100\n|move|p1a: Exeggutor|Psychic|p2a: Jynx\n|-resisted|p2a: Jynx\n|-damage|p2a: Jynx|57/100\n|-unboost|p2a: Jynx|spa|1\n|-unboost|p2a: Jynx|spd|1\n|\n|upkeep\n|turn|18\n|\n|t:|1739698931\n|switch|p1a: Alakazam|Alakazam|100/100 slp\n|move|p2a: Jynx|Blizzard|p1a: Alakazam\n|-damage|p1a: Alakazam|77/100 slp\n|\n|upkeep\n|turn|19\n|\n|t:|1739698935\n|switch|p1a: Chansey|Chansey|97/100\n|move|p2a: Jynx|Blizzard|p1a: Chansey\n|-damage|p1a: Chansey|86/100\n|\n|upkeep\n|turn|20\n|\n|t:|1739698938\n|move|p2a: Jynx|Blizzard|p1a: Chansey\n|-crit|p1a: Chansey\n|-damage|p1a: Chansey|48/100\n|move|p1a: Chansey|Thunderbolt|p2a: Jynx\n|-damage|p2a: Jynx|21/100\n|-status|p2a: Jynx|par\n|\n|upkeep\n|turn|21\n|\n|t:|1739698950\n|switch|p2a: Snorlax|Snorlax|100/100\n|move|p1a: Chansey|Soft-Boiled|p1a: Chansey\n|-heal|p1a: Chansey|98/100\n|\n|upkeep\n|turn|22\n|\n|t:|1739698961\n|move|p1a: Chansey|Thunder Wave|p2a: Snorlax\n|-status|p2a: Snorlax|par\n|cant|p2a: Snorlax|par\n|\n|upkeep\n|turn|23\n|\n|t:|1739698964\n|move|p1a: Chansey|Thunderbolt|p2a: Snorlax\n|-damage|p2a: Snorlax|80/100 par\n|cant|p2a: Snorlax|par\n|\n|upkeep\n|turn|24\n|\n|t:|1739698966\n|move|p1a: Chansey|Thunderbolt|p2a: Snorlax\n|-damage|p2a: Snorlax|61/100 par\n|move|p2a: Snorlax|Body Slam|p1a: Chansey\n|-damage|p1a: Chansey|55/100\n|\n|upkeep\n|turn|25\n|\n|t:|1739698968\n|move|p1a: Chansey|Soft-Boiled|p1a: Chansey\n|-heal|p1a: Chansey|100/100\n|move|p2a: Snorlax|Body Slam|p1a: Chansey\n|-damage|p1a: Chansey|60/100\n|\n|upkeep\n|turn|26\n|\n|t:|1739698970\n|move|p1a: Chansey|Soft-Boiled|p1a: Chansey\n|-heal|p1a: Chansey|100/100\n|move|p2a: Snorlax|Body Slam|p1a: Chansey\n|-damage|p1a: Chansey|59/100\n|\n|upkeep\n|turn|27\n|\n|t:|1739698971\n|move|p1a: Chansey|Soft-Boiled|p1a: Chansey\n|-heal|p1a: Chansey|100/100\n|cant|p2a: Snorlax|par\n|\n|upkeep\n|turn|28\n|\n|t:|1739698980\n|move|p1a: Chansey|Thunderbolt|p2a: Snorlax\n|-crit|p2a: Snorlax\n|-damage|p2a: Snorlax|25/100 par\n|move|p2a: Snorlax|Rest|p2a: Snorlax\n|-status|p2a: Snorlax|slp|[from] move: Rest\n|-heal|p2a: Snorlax|100/100 slp|[silent]\n|\n|upkeep\n|turn|29\n|\n|t:|1739698985\n|switch|p1a: Snorlax|Snorlax|100/100\n|cant|p2a: Snorlax|slp\n|\n|upkeep\n|turn|30\n|\n|t:|1739698997\n|move|p1a: Snorlax|Body Slam|p2a: Snorlax\n|-damage|p2a: Snorlax|76/100 slp\n|-curestatus|p2a: Snorlax|slp|[msg]\n|\n|upkeep\n|turn|31\n|\n|t:|1739699004\n|switch|p2a: Gengar|Gengar|100/100\n|move|p1a: Snorlax|Body Slam|p2a: Gengar\n|-immune|p2a: Gengar\n|\n|upkeep\n|turn|32\n|\n|t:|1739699022\n|switch|p2a: Jynx|Jynx|21/100 par\n|move|p1a: Snorlax|Earthquake|p2a: Jynx\n|-damage|p2a: Jynx|0 fnt\n|faint|p2a: Jynx\n|\n|t:|1739699038\n|switch|p2a: Tauros|Tauros|100/100\n|turn|33\n|\n|t:|1739699052\n|move|p2a: Tauros|Blizzard|p1a: Snorlax\n|-damage|p1a: Snorlax|81/100\n|move|p1a: Snorlax|Body Slam|p2a: Tauros\n|-damage|p2a: Tauros|71/100\n|\n|upkeep\n|turn|34\n|\n|t:|1739699058\n|move|p2a: Tauros|Blizzard|p1a: Snorlax\n|-crit|p1a: Snorlax\n|-damage|p1a: Snorlax|42/100\n|move|p1a: Snorlax|Body Slam|p2a: Tauros\n|-damage|p2a: Tauros|39/100\n|\n|upkeep\n|turn|35\n|inactive|Amaranth has 270 seconds left.\n|inactive|nicole7735 has 270 seconds left.\n|inactive|Amaranth has 240 seconds left.\n|\n|t:|1739699121\n|move|p2a: Tauros|Hyper Beam|p1a: Snorlax\n|-damage|p1a: Snorlax|0 fnt\n|faint|p1a: Snorlax\n|inactive|Amaranth has 240 seconds left.\n|\n|t:|1739699136\n|switch|p1a: Exeggutor|Exeggutor|100/100\n|turn|36\n|inactive|nicole7735 has 270 seconds left.\n|inactive|nicole7735 has 240 seconds left.\n|\n|t:|1739699188\n|move|p2a: Tauros|Body Slam|p1a: Exeggutor\n|-damage|p1a: Exeggutor|71/100\n|-status|p1a: Exeggutor|par\n|move|p1a: Exeggutor|Psychic|p2a: Tauros\n|-damage|p2a: Tauros|0 fnt\n|faint|p2a: Tauros\n|\n|t:|1739699192\n|switch|p2a: Starmie|Starmie|100/100\n|turn|37\n|\n|t:|1739699218\n|switch|p1a: Alakazam|Alakazam|77/100 slp\n|move|p2a: Starmie|Blizzard|p1a: Alakazam\n|-crit|p1a: Alakazam\n|-damage|p1a: Alakazam|29/100 slp\n|\n|upkeep\n|turn|38\n|\n|t:|1739699224\n|cant|p1a: Alakazam|slp\n|move|p2a: Starmie|Blizzard|p1a: Alakazam\n|-damage|p1a: Alakazam|2/100 slp\n|\n|upkeep\n|turn|39\n|\n|t:|1739699230\n|switch|p1a: Chansey|Chansey|100/100\n|move|p2a: Starmie|Blizzard|p1a: Chansey\n|-damage|p1a: Chansey|88/100\n|\n|upkeep\n|turn|40\n|inactive|nicole7735 has 210 seconds left.\n|\n|t:|1739699255\n|switch|p2a: Snorlax|Snorlax|76/100\n|move|p1a: Chansey|Thunder Wave|p2a: Snorlax\n|-status|p2a: Snorlax|par\n|\n|upkeep\n|turn|41\n|\n|t:|1739699264\n|switch|p1a: Gengar|Gengar|100/100\n|move|p2a: Snorlax|Body Slam|p1a: Gengar\n|-immune|p1a: Gengar\n|\n|upkeep\n|turn|42\n|\n|t:|1739699268\n|move|p1a: Gengar|Thunderbolt|p2a: Snorlax\n|-damage|p2a: Snorlax|52/100 par\n|move|p2a: Snorlax|Earthquake|p1a: Gengar\n|-supereffective|p1a: Gengar\n|-damage|p1a: Gengar|31/100\n|\n|upkeep\n|turn|43\n|inactive|Amaranth has 270 seconds left.\n|inactive|nicole7735 has 210 seconds left.\n|inactive|nicole7735 has 180 seconds left.\n|inactive|nicole7735 has 150 seconds left.\n|\n|t:|1739699364\n|switch|p2a: Chansey|Chansey|46/100 frz\n|move|p1a: Gengar|Thunderbolt|p2a: Chansey\n|-damage|p2a: Chansey|34/100 frz\n|\n|upkeep\n|turn|44\n|inactive|Amaranth has 270 seconds left.\n|\n|t:|1739699385\n|switch|p1a: Tauros|Tauros|100/100\n|cant|p2a: Chansey|frz\n|\n|upkeep\n|turn|45\n|\n|t:|1739699391\n|move|p1a: Tauros|Body Slam|p2a: Chansey\n|-damage|p2a: Chansey|0 fnt\n|faint|p2a: Chansey\n|\n|t:|1739699392\n|switch|p2a: Starmie|Starmie|100/100\n|turn|46\n|\n|t:|1739699406\n|move|p2a: Starmie|Thunder Wave|p1a: Tauros\n|-status|p1a: Tauros|par\n|move|p1a: Tauros|Body Slam|p2a: Starmie\n|-damage|p2a: Starmie|66/100\n|\n|upkeep\n|turn|47\n|\n|t:|1739699434\n|switch|p1a: Chansey|Chansey|88/100\n|move|p2a: Starmie|Psychic|p1a: Chansey\n|-damage|p1a: Chansey|74/100\n|\n|upkeep\n|turn|48\n|inactive|nicole7735 has 150 seconds left.\n|\n|t:|1739699450\n|move|p2a: Starmie|Thunder Wave|p1a: Chansey\n|-status|p1a: Chansey|par\n|move|p1a: Chansey|Thunderbolt|p2a: Starmie\n|-supereffective|p2a: Starmie\n|-damage|p2a: Starmie|22/100\n|\n|upkeep\n|turn|49\n|inactive|nicole7735 has 150 seconds left.\n|\n|t:|1739699473\n|switch|p2a: Snorlax|Snorlax|52/100 par\n|cant|p1a: Chansey|par\n|\n|upkeep\n|turn|50\n|\n|t:|1739699492\n|switch|p1a: Tauros|Tauros|100/100 par\n|move|p2a: Snorlax|Body Slam|p1a: Tauros\n|-damage|p1a: Tauros|70/100 par\n|\n|upkeep\n|turn|51\n|\n|t:|1739699509\n|move|p1a: Tauros|Body Slam|p2a: Snorlax\n|-damage|p2a: Snorlax|26/100 par\n|move|p2a: Snorlax|Rest|p2a: Snorlax\n|-status|p2a: Snorlax|slp|[from] move: Rest\n|-heal|p2a: Snorlax|100/100 slp|[silent]\n|\n|upkeep\n|turn|52\n|\n|t:|1739699519\n|move|p1a: Tauros|Body Slam|p2a: Snorlax\n|-damage|p2a: Snorlax|77/100 slp\n|cant|p2a: Snorlax|slp\n|\n|upkeep\n|turn|53\n|\n|t:|1739699527\n|switch|p1a: Exeggutor|Exeggutor|71/100 par\n|-curestatus|p2a: Snorlax|slp|[msg]\n|\n|upkeep\n|turn|54\n|inactive|nicole7735 has 150 seconds left.\n|\n|t:|1739699538\n|switch|p2a: Gengar|Gengar|100/100\n|move|p1a: Exeggutor|Sleep Powder|p2a: Gengar\n|-status|p2a: Gengar|slp|[from] move: Sleep Powder\n|\n|upkeep\n|turn|55\n|inactive|nicole7735 has 150 seconds left.\n|inactive|nicole7735 has 120 seconds left.\n|inactive|nicole7735 has 90 seconds left.\n|\n|t:|1739699608\n|switch|p2a: Snorlax|Snorlax|77/100\n|move|p1a: Exeggutor|Stun Spore|p2a: Snorlax\n|-status|p2a: Snorlax|par\n|\n|upkeep\n|turn|56\n|\n|t:|1739699615\n|switch|p2a: Starmie|Starmie|22/100\n|move|p1a: Exeggutor|Psychic|p2a: Starmie\n|-resisted|p2a: Starmie\n|-damage|p2a: Starmie|1/100\n|-unboost|p2a: Starmie|spa|1\n|-unboost|p2a: Starmie|spd|1\n|\n|upkeep\n|turn|57\n|\n|t:|1739699623\n|move|p2a: Starmie|Recover|p2a: Starmie\n|-heal|p2a: Starmie|51/100\n|move|p1a: Exeggutor|Stun Spore|p2a: Starmie|[miss]\n|-miss|p1a: Exeggutor\n|\n|upkeep\n|turn|58\n|\n|t:|1739699628\n|move|p2a: Starmie|Recover|p2a: Starmie\n|-heal|p2a: Starmie|100/100\n|move|p1a: Exeggutor|Stun Spore|p2a: Starmie\n|-status|p2a: Starmie|par\n|\n|upkeep\n|turn|59\n|\n|t:|1739699649\n|switch|p1a: Chansey|Chansey|74/100 par\n|move|p2a: Starmie|Blizzard|p1a: Chansey|[miss]\n|-miss|p2a: Starmie\n|\n|upkeep\n|turn|60\n|\n|t:|1739699659\n|switch|p2a: Snorlax|Snorlax|77/100 par\n|switch|p1a: Tauros|Tauros|70/100 par\n|\n|upkeep\n|turn|61\n|\n|t:|1739699686\n|move|p1a: Tauros|Body Slam|p2a: Snorlax\n|-damage|p2a: Snorlax|53/100 par\n|move|p2a: Snorlax|Rest|p2a: Snorlax\n|-status|p2a: Snorlax|slp|[from] move: Rest\n|-heal|p2a: Snorlax|100/100 slp|[silent]\n|\n|upkeep\n|turn|62\n|\n|t:|1739699697\n|switch|p1a: Exeggutor|Exeggutor|71/100 par\n|cant|p2a: Snorlax|slp\n|\n|upkeep\n|turn|63\n|\n|t:|1739699716\n|switch|p2a: Starmie|Starmie|100/100 par\n|move|p1a: Exeggutor|Psychic|p2a: Starmie\n|-resisted|p2a: Starmie\n|-damage|p2a: Starmie|81/100 par\n|\n|upkeep\n|turn|64\n|\n|t:|1739699723\n|switch|p2a: Snorlax|Snorlax|100/100 slp\n|switch|p1a: Chansey|Chansey|74/100 par\n|\n|upkeep\n|turn|65\n|\n|t:|1739699727\n|-curestatus|p2a: Snorlax|slp|[msg]\n|move|p1a: Chansey|Thunder Wave|p2a: Snorlax\n|-status|p2a: Snorlax|par\n|\n|upkeep\n|turn|66\n|inactive|nicole7735 has 120 seconds left.\n|\n|t:|1739699732\n|switch|p1a: Exeggutor|Exeggutor|71/100 par\n|cant|p2a: Snorlax|par\n|\n|upkeep\n|turn|67\n|\n|t:|1739699737\n|switch|p2a: Starmie|Starmie|81/100 par\n|move|p1a: Exeggutor|Rest|p1a: Exeggutor\n|-status|p1a: Exeggutor|slp|[from] move: Rest\n|-heal|p1a: Exeggutor|100/100 slp|[silent]\n|\n|upkeep\n|turn|68\n|\n|t:|1739699742\n|switch|p2a: Snorlax|Snorlax|100/100 par\n|switch|p1a: Chansey|Chansey|74/100 par\n|\n|upkeep\n|turn|69\n|\n|t:|1739699743\n|switch|p1a: Exeggutor|Exeggutor|100/100 slp\n|cant|p2a: Snorlax|par\n|\n|upkeep\n|turn|70\n|\n|t:|1739699745\n|cant|p1a: Exeggutor|slp\n|move|p2a: Snorlax|Body Slam|p1a: Exeggutor\n|-damage|p1a: Exeggutor|68/100 slp\n|\n|upkeep\n|turn|71\n|\n|t:|1739699747\n|-curestatus|p1a: Exeggutor|slp|[msg]\n|cant|p2a: Snorlax|par\n|\n|upkeep\n|turn|72\n|\n|t:|1739699757\n|switch|p2a: Starmie|Starmie|81/100 par\n|move|p1a: Exeggutor|Psychic|p2a: Starmie\n|-resisted|p2a: Starmie\n|-damage|p2a: Starmie|61/100 par\n|-unboost|p2a: Starmie|spa|1\n|-unboost|p2a: Starmie|spd|1\n|\n|upkeep\n|turn|73\n|\n|t:|1739699771\n|switch|p1a: Tauros|Tauros|70/100 par\n|cant|p2a: Starmie|par\n|\n|upkeep\n|turn|74\n|inactive|nicole7735 has 180 seconds left.\n|\n|t:|1739699797\n|switch|p2a: Snorlax|Snorlax|100/100 par\n|cant|p1a: Tauros|par\n|\n|upkeep\n|turn|75\n|\n|t:|1739699801\n|switch|p1a: Exeggutor|Exeggutor|68/100\n|move|p2a: Snorlax|Body Slam|p1a: Exeggutor\n|-damage|p1a: Exeggutor|37/100\n|\n|upkeep\n|turn|76\n|\n|t:|1739699823\n|move|p1a: Exeggutor|Rest|p1a: Exeggutor\n|-status|p1a: Exeggutor|slp|[from] move: Rest\n|-heal|p1a: Exeggutor|100/100 slp|[silent]\n|move|p2a: Snorlax|Body Slam|p1a: Exeggutor\n|-damage|p1a: Exeggutor|70/100 slp\n|\n|upkeep\n|turn|77\n|\n|t:|1739699839\n|switch|p2a: Starmie|Starmie|61/100 par\n|cant|p1a: Exeggutor|slp\n|\n|upkeep\n|turn|78\n|\n|t:|1739699843\n|switch|p1a: Chansey|Chansey|74/100 par\n|cant|p2a: Starmie|par\n|\n|upkeep\n|turn|79\n|\n|t:|1739699849\n|switch|p2a: Snorlax|Snorlax|100/100 par\n|switch|p1a: Exeggutor|Exeggutor|70/100 slp\n|\n|upkeep\n|turn|80\n|\n|t:|1739699856\n|switch|p2a: Starmie|Starmie|61/100 par\n|-curestatus|p1a: Exeggutor|slp|[msg]\n|\n|upkeep\n|turn|81\n|\n|t:|1739699863\n|switch|p1a: Chansey|Chansey|74/100 par\n|move|p2a: Starmie|Recover|p2a: Starmie\n|-heal|p2a: Starmie|100/100 par\n|\n|upkeep\n|turn|82\n|\n|t:|1739699871\n|switch|p2a: Snorlax|Snorlax|100/100 par\n|move|p1a: Chansey|Thunderbolt|p2a: Snorlax\n|-damage|p2a: Snorlax|81/100 par\n|\n|upkeep\n|turn|83\n|\n|t:|1739699890\n|switch|p1a: Exeggutor|Exeggutor|70/100\n|move|p2a: Snorlax|Earthquake|p1a: Exeggutor\n|-resisted|p1a: Exeggutor\n|-damage|p1a: Exeggutor|57/100\n|\n|upkeep\n|turn|84\n|\n|t:|1739699902\n|switch|p1a: Chansey|Chansey|74/100 par\n|switch|p2a: Starmie|Starmie|100/100 par\n|\n|upkeep\n|turn|85\n|\n|t:|1739699904\n|switch|p2a: Snorlax|Snorlax|81/100 par\n|move|p1a: Chansey|Thunderbolt|p2a: Snorlax\n|-damage|p2a: Snorlax|61/100 par\n|\n|upkeep\n|turn|86\n|\n|t:|1739699924\n|switch|p1a: Gengar|Gengar|31/100\n|move|p2a: Snorlax|Rest|p2a: Snorlax\n|-status|p2a: Snorlax|slp|[from] move: Rest\n|-heal|p2a: Snorlax|100/100 slp|[silent]\n|\n|upkeep\n|turn|87\n|\n|t:|1739699933\n|move|p1a: Gengar|Thunderbolt|p2a: Snorlax\n|-damage|p2a: Snorlax|77/100 slp\n|cant|p2a: Snorlax|slp\n|\n|upkeep\n|turn|88\n|\n|t:|1739699934\n|move|p1a: Gengar|Thunderbolt|p2a: Snorlax\n|-damage|p2a: Snorlax|56/100 slp\n|-curestatus|p2a: Snorlax|slp|[msg]\n|\n|upkeep\n|turn|89\n|inactive|nicole7735 has 240 seconds left.\n|inactive|Amaranth has 270 seconds left.\n|inactive|nicole7735 has 210 seconds left.\n|inactive|Amaranth has 240 seconds left.\n|inactive|nicole7735 has 180 seconds left.\n|inactive|Amaranth has 210 seconds left.\n|inactive|nicole7735 has 150 seconds left.\n|inactive|Amaranth has 180 seconds left.\n|inactive|nicole7735 has 120 seconds left.\n|inactive|Amaranth has 150 seconds left.\n|inactive|Amaranth has 120 seconds left.\n|inactive|nicole7735 has 90 seconds left.\n|\n|t:|1739700120\n|switch|p2a: Gengar|Gengar|100/100 slp\n|move|p1a: Gengar|Thunderbolt|p2a: Gengar\n|-damage|p2a: Gengar|79/100 slp\n|\n|upkeep\n|turn|90\n|\n|t:|1739700130\n|cant|p2a: Gengar|slp\n|move|p1a: Gengar|Thunderbolt|p2a: Gengar\n|-damage|p2a: Gengar|54/100 slp\n|\n|upkeep\n|turn|91\n|inactive|nicole7735 has 90 seconds left.\n|\n|t:|1739700152\n|cant|p2a: Gengar|slp\n|move|p1a: Gengar|Night Shade|p2a: Gengar\n|-damage|p2a: Gengar|23/100 slp\n|\n|upkeep\n|turn|92\n|inactive|nicole7735 has 90 seconds left.\n|inactive|nicole7735 has 60 seconds left.\n|inactive|nicole7735 has 30 seconds left.\n|\n|t:|1739700220\n|cant|p2a: Gengar|slp\n|move|p1a: Gengar|Thunderbolt|p2a: Gengar\n|-damage|p2a: Gengar|0 fnt\n|faint|p2a: Gengar\n|\n|t:|1739700221\n|switch|p2a: Snorlax|Snorlax|56/100\n|turn|93\n|\n|t:|1739700231\n|switch|p1a: Alakazam|Alakazam|2/100 slp\n|move|p2a: Snorlax|Earthquake|p1a: Alakazam\n|-damage|p1a: Alakazam|0 fnt\n|faint|p1a: Alakazam\n|\n|t:|1739700234\n|switch|p1a: Exeggutor|Exeggutor|57/100\n|turn|94\n|\n|t:|1739700238\n|switch|p2a: Starmie|Starmie|100/100 par\n|move|p1a: Exeggutor|Sleep Powder|p2a: Starmie|[miss]\n|-miss|p1a: Exeggutor\n|\n|upkeep\n|turn|95\n|\n|t:|1739700242\n|switch|p1a: Chansey|Chansey|74/100 par\n|move|p2a: Starmie|Psychic|p1a: Chansey\n|-damage|p1a: Chansey|59/100 par\n|\n|upkeep\n|turn|96\n|\n|t:|1739700246\n|switch|p2a: Snorlax|Snorlax|56/100\n|move|p1a: Chansey|Soft-Boiled|p1a: Chansey\n|-heal|p1a: Chansey|100/100 par\n|\n|upkeep\n|turn|97\n|\n|t:|1739700251\n|move|p2a: Snorlax|Body Slam|p1a: Chansey\n|-damage|p1a: Chansey|57/100 par\n|move|p1a: Chansey|Thunder Wave|p2a: Snorlax\n|-status|p2a: Snorlax|par\n|\n|upkeep\n|turn|98\n|\n|t:|1739700256\n|switch|p1a: Exeggutor|Exeggutor|57/100\n|cant|p2a: Snorlax|par\n|\n|upkeep\n|turn|99\n|\n|t:|1739700266\n|switch|p2a: Starmie|Starmie|100/100 par\n|move|p1a: Exeggutor|Psychic|p2a: Starmie\n|-resisted|p2a: Starmie\n|-damage|p2a: Starmie|82/100 par\n|\n|upkeep\n|turn|100\n|inactive|nicole7735 has 90 seconds left.\n|\n|t:|1739700282\n|switch|p1a: Chansey|Chansey|57/100 par\n|move|p2a: Starmie|Psychic|p1a: Chansey\n|-crit|p1a: Chansey\n|-damage|p1a: Chansey|28/100 par\n|-unboost|p1a: Chansey|spa|1\n|-unboost|p1a: Chansey|spd|1\n|\n|upkeep\n|turn|101\n|\n|t:|1739700286\n|cant|p2a: Starmie|par\n|move|p1a: Chansey|Soft-Boiled|p1a: Chansey\n|-heal|p1a: Chansey|78/100 par\n|\n|upkeep\n|turn|102\n|\n|t:|1739700296\n|switch|p2a: Snorlax|Snorlax|56/100 par\n|move|p1a: Chansey|Thunderbolt|p2a: Snorlax\n|-damage|p2a: Snorlax|43/100 par\n|\n|upkeep\n|turn|103\n|\n|t:|1739700301\n|switch|p1a: Tauros|Tauros|70/100 par\n|cant|p2a: Snorlax|par\n|\n|upkeep\n|turn|104\n|inactive|nicole7735 has 120 seconds left.\n|\n|t:|1739700318\n|switch|p2a: Starmie|Starmie|82/100 par\n|cant|p1a: Tauros|par\n|\n|upkeep\n|turn|105\n|\n|t:|1739700330\n|switch|p1a: Chansey|Chansey|78/100 par\n|move|p2a: Starmie|Psychic|p1a: Chansey\n|-damage|p1a: Chansey|64/100 par\n|\n|upkeep\n|turn|106\n|\n|t:|1739700334\n|switch|p2a: Snorlax|Snorlax|43/100 par\n|move|p1a: Chansey|Thunderbolt|p2a: Snorlax\n|-damage|p2a: Snorlax|22/100 par\n|\n|upkeep\n|turn|107\n|inactive|Amaranth has 270 seconds left.\n|\n|t:|1739700346\n|switch|p1a: Gengar|Gengar|31/100\n|cant|p2a: Snorlax|par\n|\n|upkeep\n|turn|108\n|\n|t:|1739700353\n|move|p1a: Gengar|Thunderbolt|p2a: Snorlax\n|-crit|p2a: Snorlax\n|-damage|p2a: Snorlax|0 fnt\n|faint|p2a: Snorlax\n|\n|t:|1739700357\n|switch|p2a: Starmie|Starmie|82/100 par\n|turn|109\n|\n|t:|1739700367\n|move|p1a: Gengar|Explosion|p2a: Starmie\n|-damage|p2a: Starmie|9/100 par\n|faint|p1a: Gengar\n|\n|t:|1739700368\n|switch|p1a: Exeggutor|Exeggutor|57/100\n|turn|110\n|\n|t:|1739700372\n|move|p1a: Exeggutor|Psychic|p2a: Starmie\n|-crit|p2a: Starmie\n|-resisted|p2a: Starmie\n|-damage|p2a: Starmie|0 fnt\n|faint|p2a: Starmie\n|\n|win|Amaranth\n|c|☆Amaranth|gg sry about luck\n|c|☆nicole7735|ggs\n","uploadtime":1739700372,"views":"1858","formatid":"gen1ou","rating":null,"private":0,"password":null}