{"id":"smogtours-gen1ou-968644","format":"[Gen 1] OU","players":["Amaranth","wooooo rby"],"log":"|inactive|Battle timer is ON: inactive players will automatically lose when time's up.\n|t:|1788618627\n|gametype|singles\n|player|p1|Amaranth|#amaranth|\n|player|p2|wooooo rby|lucas|\n|gen|1\n|tier|[Gen 1] OU\n|rule|Desync Clause Mod: Desyncs resolve to link battle behavior from the acting player's perspective.\n|rule|HP Percentage Mod: HP is shown in percentages\n|rule|Endless Battle Clause: Forcing endless battles is banned\n|rule|Sleep Clause Mod: Limit one foe put to sleep\n|rule|Freeze Clause Mod: Limit one foe frozen\n|rule|Species Clause: Limit one of each Pokémon\n|rule|OHKO Clause: OHKO moves are banned\n|rule|Evasion Moves Clause: Evasion moves are banned\n|\n|t:|1788618627\n|teamsize|p1|6\n|teamsize|p2|6\n|start\n|switch|p1a: Gengar|Gengar|100/100\n|switch|p2a: Gengar|Gengar|100/100\n|turn|1\n|c|☆wooooo rby|hf\n|c|☆Amaranth|glhf\n|\n|t:|1788618634\n|move|p1a: Gengar|Psychic|p2a: Gengar\n|-crit|p2a: Gengar\n|-supereffective|p2a: Gengar\n|-damage|p2a: Gengar|18/100\n|-unboost|p2a: Gengar|spa|1\n|-unboost|p2a: Gengar|spd|1\n|move|p2a: Gengar|Psychic|p1a: Gengar\n|-crit|p1a: Gengar\n|-supereffective|p1a: Gengar\n|-damage|p1a: Gengar|9/100\n|\n|upkeep\n|turn|2\n|\n|t:|1788618653\n|move|p2a: Gengar|Psychic|p1a: Gengar\n|-supereffective|p1a: Gengar\n|-damage|p1a: Gengar|0 fnt\n|faint|p1a: Gengar\n|\n|t:|1788618661\n|switch|p1a: Tauros|Tauros|100/100\n|turn|3\n|\n|t:|1788618669\n|switch|p2a: Snorlax|Snorlax|100/100\n|move|p1a: Tauros|Blizzard|p2a: Snorlax|[miss]\n|-miss|p1a: Tauros\n|\n|upkeep\n|turn|4\n|\n|t:|1788618674\n|switch|p1a: Exeggutor|Exeggutor|100/100\n|move|p2a: Snorlax|Body Slam|p1a: Exeggutor\n|-damage|p1a: Exeggutor|71/100\n|\n|upkeep\n|turn|5\n|\n|t:|1788618680\n|switch|p2a: Gengar|Gengar|18/100\n|move|p1a: Exeggutor|Stun Spore|p2a: Gengar\n|-status|p2a: Gengar|par\n|\n|upkeep\n|turn|6\n|\n|t:|1788618685\n|switch|p2a: Exeggutor|Exeggutor|100/100\n|move|p1a: Exeggutor|Psychic|p2a: Exeggutor\n|-resisted|p2a: Exeggutor\n|-damage|p2a: Exeggutor|88/100\n|-unboost|p2a: Exeggutor|spa|1\n|-unboost|p2a: Exeggutor|spd|1\n|\n|upkeep\n|turn|7\n|\n|t:|1788618688\n|move|p2a: Exeggutor|Explosion|p1a: Exeggutor\n|-damage|p1a: Exeggutor|0 fnt\n|faint|p1a: Exeggutor\n|faint|p2a: Exeggutor\n|\n|t:|1788618697\n|switch|p1a: Snorlax|Snorlax|100/100\n|switch|p2a: Chansey|Chansey|100/100\n|turn|8\n|\n|t:|1788618706\n|move|p2a: Chansey|Sing|p1a: Snorlax|[miss]\n|-miss|p2a: Chansey\n|move|p1a: Snorlax|Body Slam|p2a: Chansey\n|-damage|p2a: Chansey|56/100\n|\n|upkeep\n|turn|9\n|\n|t:|1788618710\n|move|p2a: Chansey|Soft-Boiled|p2a: Chansey\n|-heal|p2a: Chansey|100/100\n|move|p1a: Snorlax|Body Slam|p2a: Chansey\n|-damage|p2a: Chansey|58/100\n|\n|upkeep\n|turn|10\n|\n|t:|1788618714\n|move|p2a: Chansey|Sing|p1a: Snorlax\n|-status|p1a: Snorlax|slp|[from] move: Sing\n|cant|p1a: Snorlax|slp\n|\n|upkeep\n|turn|11\n|\n|t:|1788618718\n|switch|p1a: Chansey|Chansey|100/100\n|move|p2a: Chansey|Soft-Boiled|p2a: Chansey\n|-heal|p2a: Chansey|100/100\n|\n|upkeep\n|turn|12\n|\n|t:|1788618721\n|move|p1a: Chansey|Thunder Wave|p2a: Chansey\n|-status|p2a: Chansey|par\n|move|p2a: Chansey|Thunder Wave|p1a: Chansey\n|-status|p1a: Chansey|par\n|\n|upkeep\n|turn|13\n|\n|t:|1788618724\n|move|p1a: Chansey|Reflect|p1a: Chansey\n|-start|p1a: Chansey|Reflect\n|cant|p2a: Chansey|par\n|\n|upkeep\n|turn|14\n|\n|t:|1788618728\n|move|p2a: Chansey|Seismic Toss|p1a: Chansey\n|-damage|p1a: Chansey|86/100 par\n|move|p1a: Chansey|Seismic Toss|p2a: Chansey\n|-damage|p2a: Chansey|86/100 par\n|\n|upkeep\n|turn|15\n|\n|t:|1788618731\n|cant|p2a: Chansey|par\n|move|p1a: Chansey|Seismic Toss|p2a: Chansey\n|-damage|p2a: Chansey|72/100 par\n|\n|upkeep\n|turn|16\n|\n|t:|1788618736\n|move|p2a: Chansey|Seismic Toss|p1a: Chansey\n|-damage|p1a: Chansey|72/100 par\n|cant|p1a: Chansey|par\n|\n|upkeep\n|turn|17\n|\n|t:|1788618740\n|move|p2a: Chansey|Thunder Wave|p1a: Chansey\n|-fail|p1a: Chansey|par\n|cant|p1a: Chansey|par\n|\n|upkeep\n|turn|18\n|\n|t:|1788618741\n|cant|p2a: Chansey|par\n|move|p1a: Chansey|Seismic Toss|p2a: Chansey\n|-damage|p2a: Chansey|58/100 par\n|\n|upkeep\n|turn|19\n|\n|t:|1788618744\n|switch|p1a: Tauros|Tauros|100/100\n|cant|p2a: Chansey|par\n|\n|upkeep\n|turn|20\n|\n|t:|1788618751\n|switch|p2a: Gengar|Gengar|18/100 par\n|move|p1a: Tauros|Body Slam|p2a: Gengar\n|-immune|p2a: Gengar\n|\n|upkeep\n|turn|21\n|\n|t:|1788618758\n|switch|p2a: Snorlax|Snorlax|100/100\n|move|p1a: Tauros|Earthquake|p2a: Snorlax\n|-damage|p2a: Snorlax|82/100\n|\n|upkeep\n|turn|22\n|\n|t:|1788618772\n|move|p1a: Tauros|Body Slam|p2a: Snorlax\n|-damage|p2a: Snorlax|58/100\n|move|p2a: Snorlax|Body Slam|p1a: Tauros\n|-damage|p1a: Tauros|70/100\n|\n|upkeep\n|turn|23\n|\n|t:|1788618778\n|move|p1a: Tauros|Body Slam|p2a: Snorlax\n|-damage|p2a: Snorlax|32/100\n|move|p2a: Snorlax|Self-Destruct|p1a: Tauros\n|-damage|p1a: Tauros|0 fnt\n|faint|p1a: Tauros\n|faint|p2a: Snorlax\n|\n|t:|1788618791\n|switch|p1a: Chansey|Chansey|72/100 par\n|switch|p2a: Zapdos|Zapdos|100/100\n|turn|24\n|\n|t:|1788618794\n|switch|p2a: Chansey|Chansey|58/100 par\n|cant|p1a: Chansey|par\n|\n|upkeep\n|turn|25\n|\n|t:|1788618797\n|switch|p1a: Slowbro|Slowbro|100/100\n|move|p2a: Chansey|Soft-Boiled|p2a: Chansey\n|-heal|p2a: Chansey|100/100 par\n|\n|upkeep\n|turn|26\n|\n|t:|1788618802\n|move|p1a: Slowbro|Amnesia|p1a: Slowbro\n|-boost|p1a: Slowbro|spa|2\n|-boost|p1a: Slowbro|spd|2\n|cant|p2a: Chansey|par\n|\n|upkeep\n|turn|27\n|\n|t:|1788618808\n|move|p1a: Slowbro|Amnesia|p1a: Slowbro\n|-boost|p1a: Slowbro|spa|2\n|-boost|p1a: Slowbro|spd|2\n|move|p2a: Chansey|Thunder Wave|p1a: Slowbro\n|-status|p1a: Slowbro|par\n|\n|upkeep\n|turn|28\n|\n|t:|1788618811\n|move|p1a: Slowbro|Amnesia|p1a: Slowbro\n|-boost|p1a: Slowbro|spa|2\n|-boost|p1a: Slowbro|spd|2\n|move|p2a: Chansey|Seismic Toss|p1a: Slowbro\n|-damage|p1a: Slowbro|75/100 par\n|\n|upkeep\n|turn|29\n|\n|t:|1788618813\n|move|p1a: Slowbro|Surf|p2a: Chansey\n|-damage|p2a: Chansey|50/100 par\n|move|p2a: Chansey|Seismic Toss|p1a: Slowbro\n|-damage|p1a: Slowbro|50/100 par\n|\n|upkeep\n|turn|30\n|\n|t:|1788618817\n|move|p1a: Slowbro|Reflect|p1a: Slowbro\n|-start|p1a: Slowbro|Reflect\n|cant|p2a: Chansey|par\n|\n|upkeep\n|turn|31\n|\n|t:|1788618821\n|move|p1a: Slowbro|Surf|p2a: Chansey\n|-damage|p2a: Chansey|0 fnt\n|faint|p2a: Chansey\n|\n|t:|1788618824\n|switch|p2a: Zapdos|Zapdos|100/100\n|turn|32\n|\n|t:|1788618830\n|move|p2a: Zapdos|Thunderbolt|p1a: Slowbro\n|-supereffective|p1a: Slowbro\n|-damage|p1a: Slowbro|29/100 par\n|move|p1a: Slowbro|Surf|p2a: Zapdos\n|-damage|p2a: Zapdos|20/100\n|\n|upkeep\n|turn|33\n|\n|t:|1788618841\n|move|p2a: Zapdos|Thunderbolt|p1a: Slowbro\n|-supereffective|p1a: Slowbro\n|-damage|p1a: Slowbro|8/100 par\n|cant|p1a: Slowbro|par\n|\n|upkeep\n|turn|34\n|\n|t:|1788618847\n|move|p2a: Zapdos|Thunderbolt|p1a: Slowbro\n|-supereffective|p1a: Slowbro\n|-damage|p1a: Slowbro|0 fnt\n|faint|p1a: Slowbro\n|\n|t:|1788618848\n|switch|p1a: Chansey|Chansey|72/100 par\n|turn|35\n|\n|t:|1788618855\n|move|p2a: Zapdos|Drill Peck|p1a: Chansey\n|-damage|p1a: Chansey|37/100 par\n|move|p1a: Chansey|Reflect|p1a: Chansey\n|-start|p1a: Chansey|Reflect\n|\n|upkeep\n|turn|36\n|\n|t:|1788618859\n|move|p2a: Zapdos|Drill Peck|p1a: Chansey\n|-damage|p1a: Chansey|21/100 par\n|cant|p1a: Chansey|par\n|\n|upkeep\n|turn|37\n|\n|t:|1788618863\n|move|p2a: Zapdos|Drill Peck|p1a: Chansey\n|-damage|p1a: Chansey|5/100 par\n|move|p1a: Chansey|Soft-Boiled|p1a: Chansey\n|-heal|p1a: Chansey|55/100 par\n|\n|upkeep\n|turn|38\n|\n|t:|1788618866\n|move|p2a: Zapdos|Drill Peck|p1a: Chansey\n|-damage|p1a: Chansey|39/100 par\n|cant|p1a: Chansey|par\n|\n|upkeep\n|turn|39\n|\n|t:|1788618869\n|move|p2a: Zapdos|Drill Peck|p1a: Chansey\n|-damage|p1a: Chansey|22/100 par\n|move|p1a: Chansey|Soft-Boiled|p1a: Chansey\n|-heal|p1a: Chansey|72/100 par\n|\n|upkeep\n|turn|40\n|\n|t:|1788618884\n|move|p2a: Zapdos|Drill Peck|p1a: Chansey\n|-damage|p1a: Chansey|53/100 par\n|move|p1a: Chansey|Soft-Boiled|p1a: Chansey\n|-heal|p1a: Chansey|100/100 par\n|\n|upkeep\n|turn|41\n|\n|t:|1788618887\n|move|p2a: Zapdos|Drill Peck|p1a: Chansey\n|-damage|p1a: Chansey|82/100 par\n|cant|p1a: Chansey|par\n|\n|upkeep\n|turn|42\n|\n|t:|1788618891\n|move|p2a: Zapdos|Drill Peck|p1a: Chansey\n|-crit|p1a: Chansey\n|-damage|p1a: Chansey|15/100 par\n|move|p1a: Chansey|Seismic Toss|p2a: Zapdos\n|-damage|p2a: Zapdos|0 fnt\n|faint|p2a: Zapdos\n|\n|t:|1788618896\n|switch|p2a: Tauros|Tauros|100/100\n|turn|43\n|\n|t:|1788618899\n|move|p2a: Tauros|Body Slam|p1a: Chansey\n|-damage|p1a: Chansey|0 fnt\n|faint|p1a: Chansey\n|\n|t:|1788618900\n|switch|p1a: Snorlax|Snorlax|100/100 slp\n|turn|44\n|\n|t:|1788618902\n|move|p2a: Tauros|Body Slam|p1a: Snorlax\n|-damage|p1a: Snorlax|77/100 slp\n|cant|p1a: Snorlax|slp\n|\n|upkeep\n|turn|45\n|\n|t:|1788618904\n|move|p2a: Tauros|Body Slam|p1a: Snorlax\n|-damage|p1a: Snorlax|52/100 slp\n|cant|p1a: Snorlax|slp\n|\n|upkeep\n|turn|46\n|\n|t:|1788618905\n|move|p2a: Tauros|Body Slam|p1a: Snorlax\n|-damage|p1a: Snorlax|26/100 slp\n|cant|p1a: Snorlax|slp\n|\n|upkeep\n|turn|47\n|c|☆Amaranth|gg\n|\n|t:|1788618908\n|move|p2a: Tauros|Body Slam|p1a: Snorlax\n|-crit|p1a: Snorlax\n|-damage|p1a: Snorlax|0 fnt\n|faint|p1a: Snorlax\n|\n|win|wooooo rby\n|c|☆wooooo rby|gg\n","uploadtime":1788618908,"views":"116","formatid":"gen1ou","rating":null,"private":0,"password":null}