{"id":"smogtours-gen1ou-948088","format":"[Gen 1] OU","players":["LLLiolae","Soda Krys"],"log":"|inactive|Battle timer is ON: inactive players will automatically lose when time's up.\n|t:|1781902715\n|gametype|singles\n|player|p1|LLLiolae|lucas|\n|player|p2|Soda Krys|gwynn|\n|gen|1\n|tier|[Gen 1] OU\n|rule|Desync Clause Mod: Desyncs changed to move failure.\n|rule|HP Percentage Mod: HP is shown in percentages\n|rule|Endless Battle Clause: Forcing endless battles is banned\n|rule|Sleep Clause Mod: Limit one foe put to sleep\n|rule|Freeze Clause Mod: Limit one foe frozen\n|rule|Species Clause: Limit one of each Pokémon\n|rule|OHKO Clause: OHKO moves are banned\n|rule|Evasion Moves Clause: Evasion moves are banned\n|\n|t:|1781902715\n|teamsize|p1|6\n|teamsize|p2|6\n|start\n|switch|p1a: Gengar|Gengar|100/100\n|switch|p2a: Tauros|Tauros|100/100\n|turn|1\n|c|☆LLLiolae|hf \n|inactive|Soda Krys has 270 seconds left.\n|\n|t:|1781902748\n|switch|p1a: Exeggutor|Exeggutor|100/100\n|move|p2a: Tauros|Earthquake|p1a: Exeggutor\n|-crit|p1a: Exeggutor\n|-resisted|p1a: Exeggutor\n|-damage|p1a: Exeggutor|80/100\n|\n|upkeep\n|turn|2\n|c|+Eelektrone|Soda Krys win\n|\n|t:|1781902753\n|move|p2a: Tauros|Body Slam|p1a: Exeggutor\n|-damage|p1a: Exeggutor|52/100\n|move|p1a: Exeggutor|Sleep Powder|p2a: Tauros\n|-status|p2a: Tauros|slp|[from] move: Sleep Powder\n|\n|upkeep\n|turn|3\n|\n|t:|1781902758\n|switch|p2a: Chansey|Chansey|100/100\n|move|p1a: Exeggutor|Stun Spore|p2a: Chansey\n|-status|p2a: Chansey|par\n|\n|upkeep\n|turn|4\n|\n|t:|1781902762\n|switch|p2a: Golem|Golem|100/100\n|move|p1a: Exeggutor|Explosion|p2a: Golem\n|-resisted|p2a: Golem\n|-damage|p2a: Golem|69/100\n|faint|p1a: Exeggutor\n|\n|t:|1781902767\n|switch|p1a: Cloyster|Cloyster|100/100\n|turn|5\n|\n|t:|1781902771\n|switch|p2a: Starmie|Starmie|100/100\n|move|p1a: Cloyster|Blizzard|p2a: Starmie\n|-crit|p2a: Starmie\n|-resisted|p2a: Starmie\n|-damage|p2a: Starmie|60/100\n|\n|upkeep\n|turn|6\n|\n|t:|1781902776\n|move|p2a: Starmie|Thunder Wave|p1a: Cloyster\n|-status|p1a: Cloyster|par\n|move|p1a: Cloyster|Explosion|p2a: Starmie\n|-damage|p2a: Starmie|0 fnt\n|faint|p2a: Starmie\n|faint|p1a: Cloyster\n|\n|t:|1781902783\n|switch|p2a: Snorlax|Snorlax|100/100\n|switch|p1a: Snorlax|Snorlax|100/100\n|turn|7\n|\n|t:|1781902787\n|switch|p1a: Gengar|Gengar|100/100\n|move|p2a: Snorlax|Body Slam|p1a: Gengar\n|-immune|p1a: Gengar\n|\n|upkeep\n|turn|8\n|\n|t:|1781902792\n|move|p1a: Gengar|Night Shade|p2a: Snorlax\n|-damage|p2a: Snorlax|81/100\n|move|p2a: Snorlax|Earthquake|p1a: Gengar\n|-supereffective|p1a: Gengar\n|-damage|p1a: Gengar|24/100\n|\n|upkeep\n|turn|9\n|\n|t:|1781902798\n|switch|p2a: Golem|Golem|69/100\n|move|p1a: Gengar|Night Shade|p2a: Golem\n|-damage|p2a: Golem|42/100\n|\n|upkeep\n|turn|10\n|inactive|LLLiolae has 270 seconds left.\n|\n|t:|1781902836\n|move|p1a: Gengar|Night Shade|p2a: Golem\n|-damage|p2a: Golem|14/100\n|move|p2a: Golem|Earthquake|p1a: Gengar\n|-supereffective|p1a: Gengar\n|-damage|p1a: Gengar|0 fnt\n|faint|p1a: Gengar\n|\n|t:|1781902840\n|switch|p1a: Tauros|Tauros|100/100\n|turn|11\n|inactive|LLLiolae has 270 seconds left.\n|\n|t:|1781902869\n|move|p1a: Tauros|Blizzard|p2a: Golem\n|-crit|p2a: Golem\n|-supereffective|p2a: Golem\n|-damage|p2a: Golem|0 fnt\n|faint|p2a: Golem\n|\n|t:|1781902870\n|switch|p2a: Snorlax|Snorlax|81/100\n|turn|12\n|inactive|LLLiolae has 270 seconds left.\n|\n|t:|1781902896\n|move|p1a: Tauros|Body Slam|p2a: Snorlax\n|-damage|p2a: Snorlax|55/100\n|move|p2a: Snorlax|Body Slam|p1a: Tauros\n|-damage|p1a: Tauros|68/100\n|\n|upkeep\n|turn|13\n|\n|t:|1781902900\n|move|p1a: Tauros|Body Slam|p2a: Snorlax\n|-damage|p2a: Snorlax|29/100\n|move|p2a: Snorlax|Counter|p1a: Tauros\n|-damage|p1a: Tauros|0 fnt\n|faint|p1a: Tauros\n|inactive|LLLiolae has 270 seconds left.\n|\n|t:|1781902905\n|switch|p1a: Articuno|Articuno|100/100\n|turn|14\n|inactive|LLLiolae has 270 seconds left.\n|\n|t:|1781902924\n|switch|p2a: Lapras|Lapras|100/100\n|move|p1a: Articuno|Ice Beam|p2a: Lapras\n|-resisted|p2a: Lapras\n|-damage|p2a: Lapras|94/100\n|\n|upkeep\n|turn|15\n|inactive|LLLiolae has 270 seconds left.\n|\n|t:|1781902937\n|move|p1a: Articuno|Ice Beam|p2a: Lapras\n|-resisted|p2a: Lapras\n|-damage|p2a: Lapras|87/100\n|move|p2a: Lapras|Confuse Ray|p1a: Articuno\n|-start|p1a: Articuno|confusion\n|\n|upkeep\n|turn|16\n|\n|t:|1781902941\n|switch|p1a: Snorlax|Snorlax|100/100\n|move|p2a: Lapras|Thunderbolt|p1a: Snorlax\n|-damage|p1a: Snorlax|84/100\n|\n|upkeep\n|turn|17\n|\n|t:|1781902945\n|move|p2a: Lapras|Confuse Ray|p1a: Snorlax\n|-start|p1a: Snorlax|confusion\n|-activate|p1a: Snorlax|confusion\n|-damage|p1a: Snorlax|75/100|[from] confusion\n|\n|upkeep\n|turn|18\n|\n|t:|1781902947\n|switch|p2a: Snorlax|Snorlax|29/100\n|-activate|p1a: Snorlax|confusion\n|-damage|p1a: Snorlax|66/100|[from] confusion\n|\n|upkeep\n|turn|19\n|\n|t:|1781902949\n|switch|p1a: Articuno|Articuno|100/100\n|move|p2a: Snorlax|Self-Destruct|p1a: Articuno\n|-damage|p1a: Articuno|10/100\n|faint|p2a: Snorlax\n|\n|t:|1781902953\n|switch|p2a: Lapras|Lapras|87/100\n|turn|20\n|\n|t:|1781902960\n|move|p1a: Articuno|Hyper Beam|p2a: Lapras\n|-damage|p2a: Lapras|62/100\n|-mustrecharge|p1a: Articuno\n|move|p2a: Lapras|Blizzard|p1a: Articuno\n|-damage|p1a: Articuno|0 fnt\n|faint|p1a: Articuno\n|\n|t:|1781902962\n|switch|p1a: Snorlax|Snorlax|66/100\n|turn|21\n|\n|t:|1781902965\n|move|p2a: Lapras|Confuse Ray|p1a: Snorlax\n|-start|p1a: Snorlax|confusion\n|-activate|p1a: Snorlax|confusion\n|move|p1a: Snorlax|Body Slam|p2a: Lapras\n|-damage|p2a: Lapras|37/100\n|\n|upkeep\n|turn|22\n|\n|t:|1781902971\n|move|p2a: Lapras|Blizzard|p1a: Snorlax\n|-crit|p1a: Snorlax\n|-damage|p1a: Snorlax|0 fnt\n|faint|p1a: Snorlax\n|\n|win|Soda Krys\n|player|p1|\n|player|p2|\n","uploadtime":1781902971,"views":"80","formatid":"gen1ou","rating":null,"private":0,"password":null}