{"id":"smogtours-gen1ou-899538","format":"[Gen 1] OU","players":["Laroxyl","LNumbers"],"log":"|inactive|Battle timer is ON: inactive players will automatically lose when time's up.\n|t:|1768505972\n|gametype|singles\n|player|p1|Laroxyl|#splxviitigers2|\n|player|p2|LNumbers|#splxviityrants2|\n|gen|1\n|tier|[Gen 1] OU\n|rule|Desync Clause Mod: Desyncs changed to move failure.\n|rule|Sleep Clause Mod: Limit one foe put to sleep\n|rule|Freeze Clause Mod: Limit one foe frozen\n|rule|Species Clause: Limit one of each Pokémon\n|rule|OHKO Clause: OHKO moves are banned\n|rule|Evasion Moves Clause: Evasion moves are banned\n|rule|Endless Battle Clause: Forcing endless battles is banned\n|rule|HP Percentage Mod: HP is shown in percentages\n|\n|t:|1768505972\n|teamsize|p1|6\n|teamsize|p2|6\n|start\n|switch|p1a: Gengar|Gengar|100/100\n|switch|p2a: Jynx|Jynx|100/100\n|turn|1\n|c|☆LNumbers|hf\n|c|☆Laroxyl|hf\n|inactive|LNumbers has 270 seconds left.\n|rated|Smogon Premier League\n|\n|t:|1768506017\n|move|p1a: Gengar|Hypnosis|p2a: Jynx|[miss]\n|-miss|p1a: Gengar\n|move|p2a: Jynx|Lovely Kiss|p1a: Gengar\n|-status|p1a: Gengar|slp|[from] move: Lovely Kiss\n|\n|upkeep\n|turn|2\n|\n|t:|1768506030\n|switch|p1a: Chansey|Chansey|100/100\n|move|p2a: Jynx|Blizzard|p1a: Chansey\n|-damage|p1a: Chansey|81/100\n|\n|upkeep\n|turn|3\n|\n|t:|1768506041\n|move|p2a: Jynx|Blizzard|p1a: Chansey\n|-damage|p1a: Chansey|63/100\n|move|p1a: Chansey|Thunder Wave|p2a: Jynx\n|-status|p2a: Jynx|par\n|\n|upkeep\n|turn|4\n|\n|t:|1768506055\n|move|p1a: Chansey|Seismic Toss|p2a: Jynx\n|-damage|p2a: Jynx|70/100 par\n|move|p2a: Jynx|Blizzard|p1a: Chansey\n|-damage|p1a: Chansey|44/100\n|\n|upkeep\n|turn|5\n|\n|t:|1768506062\n|switch|p2a: Cloyster|Cloyster|100/100\n|move|p1a: Chansey|Soft-Boiled|p1a: Chansey\n|-heal|p1a: Chansey|94/100\n|\n|upkeep\n|turn|6\n|\n|t:|1768506078\n|switch|p1a: Cloyster|Cloyster|100/100\n|move|p2a: Cloyster|Clamp|p1a: Cloyster\n|-resisted|p1a: Cloyster\n|-damage|p1a: Cloyster|93/100\n|\n|upkeep\n|turn|7\n|\n|t:|1768506089\n|switch|p1a: Chansey|Chansey|94/100\n|move|p2a: Cloyster|Clamp|p1a: Chansey\n|-damage|p1a: Chansey|89/100\n|\n|upkeep\n|turn|8\n|\n|t:|1768506117\n|move|p2a: Cloyster|Clamp|p1a: Chansey|[from] Clamp\n|-damage|p1a: Chansey|83/100\n|cant|p1a: Chansey|partiallytrapped\n|\n|upkeep\n|turn|9\n|\n|t:|1768506124\n|move|p2a: Cloyster|Clamp|p1a: Chansey|[from] Clamp\n|-damage|p1a: Chansey|78/100\n|cant|p1a: Chansey|partiallytrapped\n|\n|upkeep\n|turn|10\n|\n|t:|1768506144\n|move|p2a: Cloyster|Clamp|p1a: Chansey|[miss]\n|-miss|p2a: Cloyster\n|move|p1a: Chansey|Sing|p2a: Cloyster\n|-status|p2a: Cloyster|slp|[from] move: Sing\n|\n|upkeep\n|turn|11\n|inactive|Laroxyl has 270 seconds left.\n|\n|t:|1768506168\n|switch|p2a: Alakazam|Alakazam|100/100\n|switch|p1a: Tauros|Tauros|100/100\n|\n|upkeep\n|turn|12\n|inactive|Laroxyl has 270 seconds left.\n|\n|t:|1768506195\n|switch|p1a: Exeggutor|Exeggutor|100/100\n|move|p2a: Alakazam|Thunder Wave|p1a: Exeggutor\n|-status|p1a: Exeggutor|par\n|\n|upkeep\n|turn|13\n|inactive|LNumbers has 270 seconds left.\n|inactive|LNumbers has 240 seconds left.\n|inactive|LNumbers has 210 seconds left.\n|\n|t:|1768506270\n|move|p2a: Alakazam|Seismic Toss|p1a: Exeggutor\n|-damage|p1a: Exeggutor|75/100 par\n|move|p1a: Exeggutor|Psychic|p2a: Alakazam\n|-resisted|p2a: Alakazam\n|-damage|p2a: Alakazam|85/100\n|-unboost|p2a: Alakazam|spa|1\n|-unboost|p2a: Alakazam|spd|1\n|\n|upkeep\n|turn|14\n|inactive|LNumbers has 210 seconds left.\n|inactive|LNumbers has 180 seconds left.\n|\n|t:|1768506317\n|switch|p2a: Jynx|Jynx|70/100 par\n|switch|p1a: Chansey|Chansey|78/100\n|\n|upkeep\n|turn|15\n|inactive|LNumbers has 180 seconds left.\n|inactive|LNumbers has 150 seconds left.\n|\n|t:|1768506353\n|switch|p2a: Alakazam|Alakazam|85/100\n|move|p1a: Chansey|Seismic Toss|p2a: Alakazam\n|-damage|p2a: Alakazam|53/100\n|\n|upkeep\n|turn|16\n|inactive|LNumbers has 150 seconds left.\n|inactive|Laroxyl has 240 seconds left.\n|inactive|LNumbers has 120 seconds left.\n|inactive|LNumbers has 90 seconds left.\n|\n|t:|1768506437\n|move|p2a: Alakazam|Seismic Toss|p1a: Chansey\n|-damage|p1a: Chansey|63/100\n|move|p1a: Chansey|Thunder Wave|p2a: Alakazam\n|-status|p2a: Alakazam|par\n|\n|upkeep\n|turn|17\n|inactive|LNumbers has 60 seconds left.\n|inactive|Laroxyl has 210 seconds left.\n|\n|t:|1768506482\n|move|p1a: Chansey|Seismic Toss|p2a: Alakazam\n|-damage|p2a: Alakazam|21/100 par\n|cant|p2a: Alakazam|par\n|\n|upkeep\n|turn|18\n|inactive|Laroxyl has 210 seconds left.\n|\n|t:|1768506501\n|switch|p2a: Exeggutor|Exeggutor|100/100\n|move|p1a: Chansey|Thunder Wave|p2a: Exeggutor\n|-status|p2a: Exeggutor|par\n|\n|upkeep\n|turn|19\n|inactive|Laroxyl has 210 seconds left.\n|\n|t:|1768506527\n|move|p1a: Chansey|Soft-Boiled|p1a: Chansey\n|-heal|p1a: Chansey|100/100\n|move|p2a: Exeggutor|Stun Spore|p1a: Chansey\n|-status|p1a: Chansey|par\n|\n|upkeep\n|turn|20\n|\n|t:|1768506550\n|switch|p2a: Snorlax|Snorlax|100/100\n|move|p1a: Chansey|Seismic Toss|p2a: Snorlax\n|-damage|p2a: Snorlax|81/100\n|\n|upkeep\n|turn|21\n|inactive|Laroxyl has 180 seconds left.\n|\n|t:|1768506576\n|move|p2a: Snorlax|Body Slam|p1a: Chansey\n|-damage|p1a: Chansey|61/100 par\n|move|p1a: Chansey|Thunder Wave|p2a: Snorlax\n|-status|p2a: Snorlax|par\n|\n|upkeep\n|turn|22\n|\n|t:|1768506603\n|switch|p1a: Gengar|Gengar|100/100 slp\n|cant|p2a: Snorlax|par\n|\n|upkeep\n|turn|23\n|\n|t:|1768506617\n|switch|p1a: Cloyster|Cloyster|93/100\n|move|p2a: Snorlax|Earthquake|p1a: Cloyster|[miss]\n|-miss|p2a: Snorlax\n|-hint|In Gen 1, moves with 100% accuracy can still miss 1/256 of the time.\n|\n|upkeep\n|turn|24\n|inactive|Laroxyl has 150 seconds left.\n|inactive|Laroxyl has 120 seconds left.\n|inactive|LNumbers has 30 seconds left.\n|\n|t:|1768506684\n|switch|p1a: Snorlax|Snorlax|100/100\n|switch|p2a: Cloyster|Cloyster|100/100 slp\n|\n|upkeep\n|turn|25\n|\n|t:|1768506694\n|cant|p2a: Cloyster|slp\n|move|p1a: Snorlax|Body Slam|p2a: Cloyster\n|-damage|p2a: Cloyster|79/100 slp\n|\n|upkeep\n|turn|26\n|\n|t:|1768506699\n|cant|p2a: Cloyster|slp\n|move|p1a: Snorlax|Body Slam|p2a: Cloyster\n|-damage|p2a: Cloyster|55/100 slp\n|\n|upkeep\n|turn|27\n|inactive|LNumbers has 30 seconds left.\n|inactive|LNumbers has 20 seconds left.\n|inactive|LNumbers has 15 seconds left.\n|inactive|LNumbers has 10 seconds left.\n|\n|t:|1768506741\n|switch|p2a: Jynx|Jynx|70/100 par\n|move|p1a: Snorlax|Body Slam|p2a: Jynx\n|-damage|p2a: Jynx|12/100 par\n|\n|upkeep\n|turn|28\n|inactive|LNumbers has 20 seconds left this turn.\n|\n|t:|1768506749\n|move|p1a: Snorlax|Body Slam|p2a: Jynx\n|-damage|p2a: Jynx|0 fnt\n|faint|p2a: Jynx\n|inactive|LNumbers has 25 seconds left this turn.\n|\n|t:|1768506753\n|switch|p2a: Exeggutor|Exeggutor|100/100 par\n|turn|29\n|inactive|LNumbers has 30 seconds left.\n|inactive|LNumbers has 20 seconds left.\n|inactive|LNumbers has 15 seconds left.\n|\n|t:|1768506776\n|switch|p1a: Exeggutor|Exeggutor|75/100 par\n|move|p2a: Exeggutor|Psychic|p1a: Exeggutor\n|-resisted|p1a: Exeggutor\n|-damage|p1a: Exeggutor|63/100 par\n|\n|upkeep\n|turn|30\n|inactive|LNumbers has 25 seconds left this turn.\n|inactive|LNumbers has 20 seconds left.\n|inactive|LNumbers has 15 seconds left.\n|inactive|LNumbers has 10 seconds left.\n|\n|t:|1768506800\n|switch|p2a: Alakazam|Alakazam|21/100 par\n|cant|p1a: Exeggutor|par\n|\n|upkeep\n|turn|31\n|inactive|LNumbers has 20 seconds left this turn.\n|inactive|LNumbers has 15 seconds left.\n|inactive|LNumbers has 10 seconds left.\n|inactive|LNumbers has 5 seconds left.\n|inactive|Laroxyl has 120 seconds left.\n|\n|t:|1768506842\n|switch|p1a: Snorlax|Snorlax|100/100\n|move|p2a: Alakazam|Thunder Wave|p1a: Snorlax\n|-status|p1a: Snorlax|par\n|\n|upkeep\n|turn|32\n|inactive|LNumbers has 15 seconds left this turn.\n|inactive|LNumbers has 10 seconds left.\n|inactive|LNumbers has 5 seconds left.\n|\n|t:|1768506855\n|switch|p2a: Exeggutor|Exeggutor|100/100 par\n|move|p1a: Snorlax|Body Slam|p2a: Exeggutor\n|-damage|p2a: Exeggutor|70/100 par\n|\n|upkeep\n|turn|33\n|inactive|LNumbers has 15 seconds left this turn.\n|inactive|LNumbers has 10 seconds left.\n|\n|t:|1768506874\n|switch|p1a: Exeggutor|Exeggutor|63/100 par\n|move|p2a: Exeggutor|Psychic|p1a: Exeggutor\n|-resisted|p1a: Exeggutor\n|-damage|p1a: Exeggutor|51/100 par\n|\n|upkeep\n|turn|34\n|inactive|LNumbers has 20 seconds left this turn.\n|inactive|LNumbers has 15 seconds left.\n|inactive|LNumbers has 10 seconds left.\n|inactive|LNumbers has 5 seconds left.\n|inactive|Laroxyl has 90 seconds left.\n|\n|t:|1768506900\n|switch|p2a: Alakazam|Alakazam|21/100 par\n|move|p1a: Exeggutor|Psychic|p2a: Alakazam\n|-resisted|p2a: Alakazam\n|-damage|p2a: Alakazam|6/100 par\n|\n|upkeep\n|turn|35\n|inactive|LNumbers has 15 seconds left this turn.\n|inactive|LNumbers has 10 seconds left.\n|inactive|Laroxyl has 90 seconds left.\n|inactive|LNumbers has 5 seconds left.\n|\n|t:|1768506920\n|move|p2a: Alakazam|Thunder Wave|p1a: Exeggutor\n|-fail|p1a: Exeggutor|par\n|move|p1a: Exeggutor|Psychic|p2a: Alakazam\n|-resisted|p2a: Alakazam\n|-damage|p2a: Alakazam|0 fnt\n|faint|p2a: Alakazam\n|inactive|LNumbers has 10 seconds left this turn.\n|\n|t:|1768506925\n|switch|p2a: Tauros|Tauros|100/100\n|turn|36\n|inactive|LNumbers has 20 seconds left this turn.\n|inactive|Laroxyl has 90 seconds left.\n|\n|t:|1768506952\n|move|p2a: Tauros|Blizzard|p1a: Exeggutor\n|-crit|p1a: Exeggutor\n|-supereffective|p1a: Exeggutor\n|-damage|p1a: Exeggutor|0 fnt\n|faint|p1a: Exeggutor\n|inactive|Laroxyl has 60 seconds left.\n|\n|t:|1768506980\n|switch|p1a: Tauros|Tauros|100/100\n|turn|37\n|inactive|LNumbers has 30 seconds left.\n|\n|t:|1768506988\n|move|p1a: Tauros|Body Slam|p2a: Tauros\n|-damage|p2a: Tauros|72/100\n|move|p2a: Tauros|Blizzard|p1a: Tauros\n|-damage|p1a: Tauros|73/100\n|\n|upkeep\n|turn|38\n|inactive|LNumbers has 30 seconds left.\n|inactive|LNumbers has 20 seconds left.\n|\n|t:|1768507008\n|move|p1a: Tauros|Body Slam|p2a: Tauros\n|-damage|p2a: Tauros|45/100\n|move|p2a: Tauros|Body Slam|p1a: Tauros\n|-crit|p1a: Tauros\n|-damage|p1a: Tauros|20/100\n|\n|upkeep\n|turn|39\n|inactive|LNumbers has 30 seconds left this turn.\n|inactive|LNumbers has 20 seconds left.\n|\n|t:|1768507023\n|move|p1a: Tauros|Hyper Beam|p2a: Tauros\n|-crit|p2a: Tauros\n|-damage|p2a: Tauros|0 fnt\n|faint|p2a: Tauros\n|inactive|LNumbers has 25 seconds left this turn.\n|inactive|LNumbers has 20 seconds left.\n|inactive|LNumbers has 15 seconds left.\n|\n|t:|1768507036\n|switch|p2a: Snorlax|Snorlax|81/100 par\n|turn|40\n|inactive|LNumbers has 25 seconds left this turn.\n|inactive|LNumbers has 20 seconds left.\n|\n|t:|1768507045\n|move|p1a: Tauros|Hyper Beam|p2a: Snorlax\n|-damage|p2a: Snorlax|35/100 par\n|-mustrecharge|p1a: Tauros\n|move|p2a: Snorlax|Earthquake|p1a: Tauros\n|-damage|p1a: Tauros|0 fnt\n|faint|p1a: Tauros\n|\n|t:|1768507055\n|switch|p1a: Cloyster|Cloyster|93/100\n|turn|41\n|inactive|LNumbers has 30 seconds left.\n|inactive|LNumbers has 20 seconds left.\n|inactive|LNumbers has 15 seconds left.\n|inactive|LNumbers has 10 seconds left.\n|\n|t:|1768507083\n|switch|p2a: Cloyster|Cloyster|55/100 slp\n|move|p1a: Cloyster|Clamp|p2a: Cloyster\n|-resisted|p2a: Cloyster\n|-damage|p2a: Cloyster|48/100 slp\n|\n|upkeep\n|turn|42\n|inactive|LNumbers has 20 seconds left this turn.\n|\n|t:|1768507095\n|switch|p1a: Snorlax|Snorlax|100/100 par\n|cant|p2a: Cloyster|slp\n|\n|upkeep\n|turn|43\n|inactive|LNumbers has 30 seconds left this turn.\n|inactive|LNumbers has 20 seconds left.\n|inactive|LNumbers has 15 seconds left.\n|\n|t:|1768507111\n|cant|p2a: Cloyster|slp\n|move|p1a: Snorlax|Body Slam|p2a: Cloyster\n|-damage|p2a: Cloyster|25/100 slp\n|\n|upkeep\n|turn|44\n|inactive|LNumbers has 25 seconds left this turn.\n|inactive|LNumbers has 20 seconds left.\n|inactive|LNumbers has 15 seconds left.\n|\n|t:|1768507125\n|switch|p2a: Exeggutor|Exeggutor|70/100 par\n|cant|p1a: Snorlax|par\n|\n|upkeep\n|turn|45\n|inactive|LNumbers has 25 seconds left this turn.\n|inactive|LNumbers has 20 seconds left.\n|\n|t:|1768507141\n|switch|p1a: Chansey|Chansey|61/100 par\n|move|p2a: Exeggutor|Psychic|p1a: Chansey\n|-damage|p1a: Chansey|45/100 par\n|-unboost|p1a: Chansey|spa|1\n|-unboost|p1a: Chansey|spd|1\n|\n|upkeep\n|turn|46\n|inactive|LNumbers has 30 seconds left this turn.\n|inactive|LNumbers has 20 seconds left.\n|inactive|LNumbers has 15 seconds left.\n|\n|t:|1768507160\n|cant|p2a: Exeggutor|par\n|move|p1a: Chansey|Soft-Boiled|p1a: Chansey\n|-heal|p1a: Chansey|95/100 par\n|\n|upkeep\n|turn|47\n|inactive|LNumbers has 25 seconds left this turn.\n|inactive|LNumbers has 20 seconds left.\n|inactive|LNumbers has 15 seconds left.\n|inactive|LNumbers has 10 seconds left.\n|\n|t:|1768507176\n|move|p2a: Exeggutor|Psychic|p1a: Chansey\n|-damage|p1a: Chansey|70/100 par\n|move|p1a: Chansey|Seismic Toss|p2a: Exeggutor\n|-damage|p2a: Exeggutor|44/100 par\n|\n|upkeep\n|turn|48\n|inactive|LNumbers has 20 seconds left this turn.\n|inactive|LNumbers has 15 seconds left.\n|\n|t:|1768507185\n|move|p2a: Exeggutor|Explosion|p1a: Chansey\n|-damage|p1a: Chansey|0 fnt\n|faint|p1a: Chansey\n|faint|p2a: Exeggutor\n|inactive|LNumbers has 20 seconds left this turn.\n|inactive|LNumbers has 15 seconds left.\n|inactive|LNumbers has 10 seconds left.\n|inactive|LNumbers has 5 seconds left.\n|\n|t:|1768507203\n|switch|p2a: Cloyster|Cloyster|25/100 slp\n|switch|p1a: Cloyster|Cloyster|93/100\n|turn|49\n|inactive|LNumbers has 15 seconds left this turn.\n|inactive|LNumbers has 10 seconds left.\n|inactive|LNumbers has 5 seconds left.\n|\n|t:|1768507218\n|cant|p2a: Cloyster|slp\n|move|p1a: Cloyster|Blizzard|p2a: Cloyster|[miss]\n|-miss|p1a: Cloyster\n|\n|upkeep\n|turn|50\n|inactive|LNumbers has 15 seconds left this turn.\n|inactive|LNumbers has 10 seconds left.\n|inactive|LNumbers has 5 seconds left.\n|\n|t:|1768507231\n|-curestatus|p2a: Cloyster|slp|[msg]\n|move|p1a: Cloyster|Blizzard|p2a: Cloyster\n|-crit|p2a: Cloyster\n|-resisted|p2a: Cloyster\n|-damage|p2a: Cloyster|4/100\n|\n|upkeep\n|turn|51\n|inactive|LNumbers has 15 seconds left this turn.\n|inactive|Laroxyl has 90 seconds left.\n|inactive|LNumbers has 10 seconds left.\n|inactive|LNumbers has 5 seconds left.\n|\n|t:|1768507245\n|move|p1a: Cloyster|Blizzard|p2a: Cloyster|[miss]\n|-miss|p1a: Cloyster\n|move|p2a: Cloyster|Clamp|p1a: Cloyster\n|-resisted|p1a: Cloyster\n|-damage|p1a: Cloyster|87/100\n|\n|upkeep\n|turn|52\n|inactive|LNumbers has 15 seconds left this turn.\n|inactive|LNumbers has 10 seconds left.\n|inactive|Laroxyl has 90 seconds left.\n|\n|t:|1768507258\n|move|p2a: Cloyster|Clamp|p1a: Cloyster|[from] Clamp\n|-damage|p1a: Cloyster|80/100\n|cant|p1a: Cloyster|partiallytrapped\n|\n|upkeep\n|turn|53\n|inactive|LNumbers has 20 seconds left this turn.\n|\n|t:|1768507263\n|move|p2a: Cloyster|Clamp|p1a: Cloyster|[from] Clamp\n|-damage|p1a: Cloyster|73/100\n|cant|p1a: Cloyster|partiallytrapped\n|\n|upkeep\n|turn|54\n|inactive|LNumbers has 30 seconds left this turn.\n|\n|t:|1768507267\n|cant|p1a: Cloyster|partiallytrapped\n|move|p2a: Cloyster|Clamp|p1a: Cloyster|[from] Clamp\n|-damage|p1a: Cloyster|67/100\n|\n|upkeep\n|turn|55\n|\n|t:|1768507271\n|move|p2a: Cloyster|Rest|p2a: Cloyster\n|-status|p2a: Cloyster|slp|[from] move: Rest\n|-heal|p2a: Cloyster|100/100 slp|[silent]\n|move|p1a: Cloyster|Blizzard|p2a: Cloyster\n|-resisted|p2a: Cloyster\n|-damage|p2a: Cloyster|90/100 slp\n|\n|upkeep\n|turn|56\n|inactive|Laroxyl has 120 seconds left.\n|inactive|LNumbers has 30 seconds left.\n|\n|t:|1768507300\n|move|p1a: Cloyster|Blizzard|p2a: Cloyster\n|-crit|p2a: Cloyster\n|-resisted|p2a: Cloyster\n|-damage|p2a: Cloyster|67/100 slp\n|cant|p2a: Cloyster|slp\n|\n|upkeep\n|turn|57\n|inactive|LNumbers has 30 seconds left.\n|\n|t:|1768507324\n|move|p1a: Cloyster|Blizzard|p2a: Cloyster\n|-resisted|p2a: Cloyster\n|-damage|p2a: Cloyster|55/100 slp\n|-curestatus|p2a: Cloyster|slp|[msg]\n|\n|upkeep\n|turn|58\n|inactive|LNumbers has 30 seconds left.\n|inactive|Laroxyl has 90 seconds left.\n|inactive|LNumbers has 20 seconds left.\n|inactive|LNumbers has 15 seconds left.\n|inactive|Laroxyl has 60 seconds left.\n|\n|t:|1768507375\n|move|p2a: Cloyster|Clamp|p1a: Cloyster\n|-resisted|p1a: Cloyster\n|-damage|p1a: Cloyster|60/100\n|cant|p1a: Cloyster|partiallytrapped\n|\n|upkeep\n|turn|59\n|inactive|LNumbers has 25 seconds left this turn.\n|inactive|LNumbers has 20 seconds left.\n|inactive|Laroxyl has 60 seconds left.\n|\n|t:|1768507392\n|switch|p1a: Gengar|Gengar|100/100 slp\n|move|p2a: Cloyster|Clamp|p1a: Gengar|[miss]\n|-miss|p2a: Cloyster\n|\n|upkeep\n|turn|60\n|inactive|LNumbers has 30 seconds left this turn.\n|inactive|Laroxyl has 60 seconds left.\n|inactive|LNumbers has 20 seconds left.\n|inactive|LNumbers has 15 seconds left.\n|inactive|LNumbers has 10 seconds left.\n|\n|t:|1768507416\n|switch|p1a: Cloyster|Cloyster|60/100\n|move|p2a: Cloyster|Blizzard|p1a: Cloyster\n|-resisted|p1a: Cloyster\n|-damage|p1a: Cloyster|49/100\n|\n|upkeep\n|turn|61\n|inactive|LNumbers has 20 seconds left this turn.\n|inactive|Laroxyl has 60 seconds left.\n|\n|t:|1768507425\n|move|p1a: Cloyster|Rest|p1a: Cloyster\n|-status|p1a: Cloyster|slp|[from] move: Rest\n|-heal|p1a: Cloyster|100/100 slp|[silent]\n|move|p2a: Cloyster|Clamp|p1a: Cloyster\n|-resisted|p1a: Cloyster\n|-damage|p1a: Cloyster|93/100 slp\n|\n|upkeep\n|turn|62\n|inactive|LNumbers has 30 seconds left this turn.\n|\n|t:|1768507429\n|cant|p1a: Cloyster|slp\n|move|p2a: Cloyster|Clamp|p1a: Cloyster|[from] Clamp\n|-damage|p1a: Cloyster|85/100 slp\n|\n|upkeep\n|turn|63\n|\n|t:|1768507432\n|move|p2a: Cloyster|Clamp|p1a: Cloyster|[from] Clamp\n|-damage|p1a: Cloyster|78/100 slp\n|-curestatus|p1a: Cloyster|slp|[msg]\n|\n|upkeep\n|turn|64\n|inactive|LNumbers has 30 seconds left.\n|inactive|LNumbers has 20 seconds left.\n|inactive|LNumbers has 15 seconds left.\n|\n|t:|1768507482\n|move|p2a: Cloyster|Rest|p2a: Cloyster\n|-status|p2a: Cloyster|slp|[from] move: Rest\n|-heal|p2a: Cloyster|100/100 slp|[silent]\n|move|p1a: Cloyster|Clamp|p2a: Cloyster\n|-resisted|p2a: Cloyster\n|-damage|p2a: Cloyster|94/100 slp\n|\n|upkeep\n|turn|65\n|inactive|LNumbers has 25 seconds left this turn.\n|\n|t:|1768507491\n|move|p1a: Cloyster|Clamp|p2a: Cloyster|[from] Clamp\n|-damage|p2a: Cloyster|87/100 slp\n|cant|p2a: Cloyster|slp\n|\n|upkeep\n|turn|66\n|\n|t:|1768507498\n|move|p1a: Cloyster|Clamp|p2a: Cloyster\n|-crit|p2a: Cloyster\n|-resisted|p2a: Cloyster\n|-damage|p2a: Cloyster|74/100 slp\n|-curestatus|p2a: Cloyster|slp|[msg]\n|\n|upkeep\n|turn|67\n|\n|t:|1768507508\n|move|p1a: Cloyster|Clamp|p2a: Cloyster|[from] Clamp\n|-damage|p2a: Cloyster|61/100\n|cant|p2a: Cloyster|partiallytrapped\n|\n|upkeep\n|turn|68\n|\n|t:|1768507517\n|cant|p2a: Cloyster|partiallytrapped\n|move|p1a: Cloyster|Clamp|p2a: Cloyster|[from] Clamp\n|-damage|p2a: Cloyster|48/100\n|\n|upkeep\n|turn|69\n|inactive|LNumbers has 30 seconds left.\n|inactive|Laroxyl has 90 seconds left.\n|inactive|LNumbers has 20 seconds left.\n|inactive|LNumbers has 15 seconds left.\n|inactive|LNumbers has 10 seconds left.\n|inactive|LNumbers has 5 seconds left.\n|\n|t:|1768507573\n|switch|p2a: Snorlax|Snorlax|35/100 par\n|move|p1a: Cloyster|Explosion|p2a: Snorlax\n|-damage|p2a: Snorlax|0 fnt\n|faint|p2a: Snorlax\n|faint|p1a: Cloyster\n|inactive|LNumbers has 10 seconds left this turn.\n|inactive|LNumbers has 5 seconds left.\n|\n|t:|1768507580\n|switch|p1a: Snorlax|Snorlax|100/100 par\n|switch|p2a: Cloyster|Cloyster|48/100\n|turn|70\n|inactive|LNumbers has 15 seconds left this turn.\n|inactive|LNumbers has 10 seconds left.\n|\n|t:|1768507594\n|move|p2a: Cloyster|Clamp|p1a: Snorlax\n|-damage|p1a: Snorlax|91/100 par\n|cant|p1a: Snorlax|partiallytrapped\n|\n|upkeep\n|turn|71\n|inactive|LNumbers has 20 seconds left this turn.\n|\n|t:|1768507599\n|switch|p1a: Gengar|Gengar|100/100 slp\n|move|p2a: Cloyster|Clamp|p1a: Gengar\n|-damage|p1a: Gengar|90/100 slp\n|\n|upkeep\n|turn|72\n|inactive|LNumbers has 30 seconds left this turn.\n|\n|t:|1768507604\n|cant|p1a: Gengar|slp\n|move|p2a: Cloyster|Clamp|p1a: Gengar|[from] Clamp\n|-damage|p1a: Gengar|79/100 slp\n|\n|upkeep\n|turn|73\n|inactive|LNumbers has 30 seconds left.\n|\n|t:|1768507613\n|cant|p1a: Gengar|slp\n|move|p2a: Cloyster|Clamp|p1a: Gengar|[from] Clamp\n|-damage|p1a: Gengar|69/100 slp\n|\n|upkeep\n|turn|74\n|inactive|Laroxyl has 90 seconds left.\n|inactive|Laroxyl has 60 seconds left.\n|\n|t:|1768507661\n|switch|p1a: Snorlax|Snorlax|91/100 par\n|move|p2a: Cloyster|Blizzard|p1a: Snorlax\n|-damage|p1a: Snorlax|62/100 par\n|\n|upkeep\n|turn|75\n|inactive|Laroxyl has 60 seconds left.\n|inactive|LNumbers has 30 seconds left.\n|\n|t:|1768507694\n|move|p2a: Cloyster|Clamp|p1a: Snorlax|[miss]\n|-miss|p2a: Cloyster\n|move|p1a: Snorlax|Self-Destruct|p2a: Cloyster\n|-damage|p2a: Cloyster|0 fnt\n|faint|p2a: Cloyster\n|faint|p1a: Snorlax\n|\n|win|Laroxyl\n|c|☆Laroxyl|ggs\n|c|☆LNumbers|sad\n|c|☆LNumbers|ggs\n|player|p1|\n|player|p2|\n","uploadtime":1768507694,"views":"1704","formatid":"gen1ou","rating":null,"private":0,"password":null}