{"id":"smogtours-gen1ou-945433","format":"[Gen 1] OU","players":["Deezcastforms","phoopes"],"log":"|inactive|Battle timer is ON: inactive players will automatically lose when time's up.\n|t:|1781208076\n|gametype|singles\n|player|p1|Deezcastforms|#adpl8|\n|player|p2|phoopes|#phoopes|\n|gen|1\n|tier|[Gen 1] OU\n|rule|Desync Clause Mod: Desyncs changed to move failure.\n|rule|HP Percentage Mod: HP is shown in percentages\n|rule|Endless Battle Clause: Forcing endless battles is banned\n|rule|Sleep Clause Mod: Limit one foe put to sleep\n|rule|Freeze Clause Mod: Limit one foe frozen\n|rule|Species Clause: Limit one of each Pokémon\n|rule|OHKO Clause: OHKO moves are banned\n|rule|Evasion Moves Clause: Evasion moves are banned\n|\n|t:|1781208076\n|teamsize|p1|6\n|teamsize|p2|6\n|start\n|switch|p1a: Jynx|Jynx|100/100\n|switch|p2a: Chansey|Chansey|100/100\n|turn|1\n|c|☆phoopes|gl\n|c|☆Deezcastforms|hf\n|inactive|phoopes has 270 seconds left.\n|\n|t:|1781208115\n|switch|p2a: Exeggutor|Exeggutor|100/100\n|move|p1a: Jynx|Lovely Kiss|p2a: Exeggutor\n|-status|p2a: Exeggutor|slp|[from] move: Lovely Kiss\n|\n|upkeep\n|turn|2\n|\n|t:|1781208121\n|switch|p2a: Chansey|Chansey|100/100\n|move|p1a: Jynx|Blizzard|p2a: Chansey\n|-damage|p2a: Chansey|83/100\n|\n|upkeep\n|turn|3\n|\n|t:|1781208127\n|move|p1a: Jynx|Blizzard|p2a: Chansey\n|-crit|p2a: Chansey\n|-damage|p2a: Chansey|49/100\n|move|p2a: Chansey|Sing|p1a: Jynx\n|-status|p1a: Jynx|slp|[from] move: Sing\n|\n|upkeep\n|turn|4\n|\n|t:|1781208145\n|switch|p1a: Chansey|Chansey|100/100\n|move|p2a: Chansey|Soft-Boiled|p2a: Chansey\n|-heal|p2a: Chansey|99/100\n|\n|upkeep\n|turn|5\n|\n|t:|1781208154\n|move|p1a: Chansey|Thunder Wave|p2a: Chansey\n|-status|p2a: Chansey|par\n|move|p2a: Chansey|Thunder Wave|p1a: Chansey\n|-status|p1a: Chansey|par\n|\n|upkeep\n|turn|6\n|\n|t:|1781208165\n|switch|p1a: Snorlax|Snorlax|100/100\n|move|p2a: Chansey|Seismic Toss|p1a: Snorlax\n|-damage|p1a: Snorlax|81/100\n|\n|upkeep\n|turn|7\n|\n|t:|1781208181\n|switch|p2a: Cloyster|Cloyster|100/100\n|move|p1a: Snorlax|Body Slam|p2a: Cloyster\n|-damage|p2a: Cloyster|79/100\n|\n|upkeep\n|turn|8\n|\n|t:|1781208189\n|switch|p1a: Starmie|Starmie|100/100\n|move|p2a: Cloyster|Blizzard|p1a: Starmie\n|-resisted|p1a: Starmie\n|-damage|p1a: Starmie|83/100\n|\n|upkeep\n|turn|9\n|\n|t:|1781208202\n|switch|p1a: Snorlax|Snorlax|81/100\n|switch|p2a: Chansey|Chansey|99/100 par\n|\n|upkeep\n|turn|10\n|\n|t:|1781208212\n|move|p1a: Snorlax|Body Slam|p2a: Chansey\n|-damage|p2a: Chansey|57/100 par\n|move|p2a: Chansey|Thunder Wave|p1a: Snorlax\n|-status|p1a: Snorlax|par\n|\n|upkeep\n|turn|11\n|\n|t:|1781208220\n|switch|p2a: Cloyster|Cloyster|79/100\n|move|p1a: Snorlax|Body Slam|p2a: Cloyster\n|-damage|p2a: Cloyster|56/100\n|-status|p2a: Cloyster|par\n|\n|upkeep\n|turn|12\n|inactive|Deezcastforms has 270 seconds left.\n|\n|t:|1781208255\n|switch|p1a: Starmie|Starmie|83/100\n|move|p2a: Cloyster|Blizzard|p1a: Starmie\n|-crit|p1a: Starmie\n|-resisted|p1a: Starmie\n|-damage|p1a: Starmie|44/100\n|\n|upkeep\n|turn|13\n|\n|t:|1781208270\n|switch|p2a: Chansey|Chansey|57/100 par\n|move|p1a: Starmie|Recover|p1a: Starmie\n|-heal|p1a: Starmie|93/100\n|\n|upkeep\n|turn|14\n|\n|t:|1781208277\n|switch|p1a: Snorlax|Snorlax|81/100 par\n|move|p2a: Chansey|Soft-Boiled|p2a: Chansey\n|-heal|p2a: Chansey|100/100 par\n|\n|upkeep\n|turn|15\n|\n|t:|1781208298\n|cant|p2a: Chansey|par\n|move|p1a: Snorlax|Body Slam|p2a: Chansey\n|-damage|p2a: Chansey|62/100 par\n|\n|upkeep\n|turn|16\n|\n|t:|1781208305\n|move|p2a: Chansey|Soft-Boiled|p2a: Chansey\n|-heal|p2a: Chansey|100/100 par\n|move|p1a: Snorlax|Body Slam|p2a: Chansey\n|-damage|p2a: Chansey|61/100 par\n|\n|upkeep\n|turn|17\n|\n|t:|1781208310\n|move|p2a: Chansey|Soft-Boiled|p2a: Chansey\n|-heal|p2a: Chansey|100/100 par\n|move|p1a: Snorlax|Body Slam|p2a: Chansey\n|-damage|p2a: Chansey|60/100 par\n|\n|upkeep\n|turn|18\n|\n|t:|1781208315\n|move|p2a: Chansey|Soft-Boiled|p2a: Chansey\n|-heal|p2a: Chansey|100/100 par\n|move|p1a: Snorlax|Body Slam|p2a: Chansey\n|-crit|p2a: Chansey\n|-damage|p2a: Chansey|19/100 par\n|\n|upkeep\n|turn|19\n|\n|t:|1781208338\n|switch|p2a: Cloyster|Cloyster|56/100 par\n|move|p1a: Snorlax|Hyper Beam|p2a: Cloyster|[miss]\n|-miss|p1a: Snorlax\n|\n|upkeep\n|turn|20\n|inactive|phoopes has 270 seconds left.\n|\n|t:|1781208374\n|switch|p1a: Starmie|Starmie|93/100\n|move|p2a: Cloyster|Rest|p2a: Cloyster\n|-status|p2a: Cloyster|slp|[from] move: Rest\n|-heal|p2a: Cloyster|100/100 slp|[silent]\n|\n|upkeep\n|turn|21\n|\n|t:|1781208392\n|switch|p2a: Chansey|Chansey|19/100 par\n|move|p1a: Starmie|Thunderbolt|p2a: Chansey\n|-crit|p2a: Chansey\n|-damage|p2a: Chansey|1/100 par\n|\n|upkeep\n|turn|22\n|\n|t:|1781208399\n|move|p1a: Starmie|Thunderbolt|p2a: Chansey\n|-damage|p2a: Chansey|0 fnt\n|faint|p2a: Chansey\n|inactive|phoopes has 240 seconds left.\n|\n|t:|1781208428\n|switch|p2a: Zapdos|Zapdos|100/100\n|turn|23\n|inactive|phoopes has 240 seconds left.\n|inactive|Deezcastforms has 270 seconds left.\n|\n|t:|1781208481\n|switch|p1a: Chansey|Chansey|100/100 par\n|move|p2a: Zapdos|Thunder Wave|p1a: Chansey\n|-fail|p1a: Chansey|par\n|\n|upkeep\n|turn|24\n|inactive|phoopes has 240 seconds left.\n|\n|t:|1781208509\n|switch|p2a: Cloyster|Cloyster|100/100 slp\n|cant|p1a: Chansey|par\n|\n|upkeep\n|turn|25\n|\n|t:|1781208513\n|cant|p2a: Cloyster|slp\n|move|p1a: Chansey|Thunderbolt|p2a: Cloyster\n|-supereffective|p2a: Cloyster\n|-damage|p2a: Cloyster|45/100 slp\n|\n|upkeep\n|turn|26\n|\n|t:|1781208523\n|switch|p2a: Exeggutor|Exeggutor|100/100 slp\n|cant|p1a: Chansey|par\n|\n|upkeep\n|turn|27\n|inactive|Deezcastforms has 270 seconds left.\n|inactive|phoopes has 240 seconds left.\n|\n|t:|1781208536\n|cant|p2a: Exeggutor|slp\n|cant|p1a: Chansey|par\n|\n|upkeep\n|turn|28\n|inactive|Deezcastforms has 270 seconds left.\n|\n|t:|1781208542\n|cant|p2a: Exeggutor|slp\n|move|p1a: Chansey|Ice Beam|p2a: Exeggutor\n|-crit|p2a: Exeggutor\n|-supereffective|p2a: Exeggutor\n|-damage|p2a: Exeggutor|36/100 slp\n|\n|upkeep\n|turn|29\n|inactive|Deezcastforms has 270 seconds left.\n|\n|t:|1781208557\n|cant|p2a: Exeggutor|slp\n|move|p1a: Chansey|Ice Beam|p2a: Exeggutor\n|-supereffective|p2a: Exeggutor\n|-damage|p2a: Exeggutor|2/100 slp\n|\n|upkeep\n|turn|30\n|\n|t:|1781208563\n|cant|p2a: Exeggutor|slp\n|move|p1a: Chansey|Thunderbolt|p2a: Exeggutor\n|-resisted|p2a: Exeggutor\n|-damage|p2a: Exeggutor|0 fnt\n|faint|p2a: Exeggutor\n|\n|t:|1781208568\n|switch|p2a: Zapdos|Zapdos|100/100\n|turn|31\n|\n|t:|1781208575\n|move|p2a: Zapdos|Drill Peck|p1a: Chansey\n|-damage|p1a: Chansey|68/100 par\n|move|p1a: Chansey|Thunder Wave|p2a: Zapdos\n|-status|p2a: Zapdos|par\n|\n|upkeep\n|turn|32\n|\n|t:|1781208583\n|switch|p1a: Snorlax|Snorlax|81/100 par\n|move|p2a: Zapdos|Drill Peck|p1a: Snorlax\n|-damage|p1a: Snorlax|60/100 par\n|\n|upkeep\n|turn|33\n|inactive|phoopes has 270 seconds left.\n|\n|t:|1781208606\n|switch|p2a: Cloyster|Cloyster|45/100 slp\n|cant|p1a: Snorlax|par\n|\n|upkeep\n|turn|34\n|\n|t:|1781208613\n|switch|p1a: Starmie|Starmie|93/100\n|-curestatus|p2a: Cloyster|slp|[msg]\n|\n|upkeep\n|turn|35\n|\n|t:|1781208621\n|switch|p2a: Zapdos|Zapdos|100/100 par\n|move|p1a: Starmie|Thunderbolt|p2a: Zapdos\n|-damage|p2a: Zapdos|85/100 par\n|\n|upkeep\n|turn|36\n|inactive|Deezcastforms has 270 seconds left.\n|inactive|Deezcastforms has 240 seconds left.\n|\n|t:|1781208686\n|switch|p1a: Chansey|Chansey|68/100 par\n|move|p2a: Zapdos|Thunderbolt|p1a: Chansey\n|-damage|p1a: Chansey|51/100 par\n|\n|upkeep\n|turn|37\n|\n|t:|1781208693\n|move|p2a: Zapdos|Drill Peck|p1a: Chansey\n|-crit|p1a: Chansey\n|-damage|p1a: Chansey|0 fnt\n|faint|p1a: Chansey\n|inactive|Deezcastforms has 240 seconds left.\n|\n|t:|1781208704\n|switch|p1a: Exeggutor|Exeggutor|100/100\n|turn|38\n|inactive|Deezcastforms has 240 seconds left.\n|\n|t:|1781208718\n|move|p1a: Exeggutor|Psychic|p2a: Zapdos\n|-damage|p2a: Zapdos|57/100 par\n|move|p2a: Zapdos|Thunder Wave|p1a: Exeggutor\n|-status|p1a: Exeggutor|par\n|\n|upkeep\n|turn|39\n|\n|t:|1781208735\n|cant|p2a: Zapdos|par\n|move|p1a: Exeggutor|Psychic|p2a: Zapdos\n|-damage|p2a: Zapdos|30/100 par\n|\n|upkeep\n|turn|40\n|\n|t:|1781208745\n|move|p2a: Zapdos|Drill Peck|p1a: Exeggutor\n|-supereffective|p1a: Exeggutor\n|-damage|p1a: Exeggutor|50/100 par\n|move|p1a: Exeggutor|Psychic|p2a: Zapdos\n|-damage|p2a: Zapdos|2/100 par\n|-unboost|p2a: Zapdos|spa|1\n|-unboost|p2a: Zapdos|spd|1\n|\n|upkeep\n|turn|41\n|\n|t:|1781208772\n|move|p1a: Exeggutor|Psychic|p2a: Zapdos\n|-damage|p2a: Zapdos|0 fnt\n|faint|p2a: Zapdos\n|inactive|phoopes has 270 seconds left.\n|\n|t:|1781208804\n|switch|p2a: Cloyster|Cloyster|45/100\n|turn|42\n|inactive|Deezcastforms has 240 seconds left.\n|\n|t:|1781208835\n|switch|p1a: Jynx|Jynx|100/100 slp\n|move|p2a: Cloyster|Explosion|p1a: Jynx\n|-damage|p1a: Jynx|0 fnt\n|faint|p1a: Jynx\n|faint|p2a: Cloyster\n|inactive|Deezcastforms has 240 seconds left.\n|\n|t:|1781208864\n|switch|p1a: Exeggutor|Exeggutor|50/100 par\n|switch|p2a: Tauros|Tauros|100/100\n|turn|43\n|\n|t:|1781208888\n|move|p2a: Tauros|Hyper Beam|p1a: Exeggutor\n|-crit|p1a: Exeggutor\n|-damage|p1a: Exeggutor|0 fnt\n|faint|p1a: Exeggutor\n|\n|t:|1781208893\n|switch|p1a: Starmie|Starmie|93/100\n|turn|44\n|\n|t:|1781208895\n|move|p1a: Starmie|Thunder Wave|p2a: Tauros\n|-status|p2a: Tauros|par\n|move|p2a: Tauros|Body Slam|p1a: Starmie\n|-damage|p1a: Starmie|57/100\n|\n|upkeep\n|turn|45\n|inactive|Deezcastforms has 240 seconds left.\n|inactive|phoopes has 270 seconds left.\n|\n|t:|1781208901\n|move|p1a: Starmie|Recover|p1a: Starmie\n|-heal|p1a: Starmie|100/100\n|move|p2a: Tauros|Body Slam|p1a: Starmie\n|-crit|p1a: Starmie\n|-damage|p1a: Starmie|30/100\n|\n|upkeep\n|turn|46\n|\n|t:|1781208910\n|move|p1a: Starmie|Recover|p1a: Starmie\n|-heal|p1a: Starmie|79/100\n|move|p2a: Tauros|Body Slam|p1a: Starmie\n|-damage|p1a: Starmie|44/100\n|\n|upkeep\n|turn|47\n|\n|t:|1781208916\n|move|p1a: Starmie|Recover|p1a: Starmie\n|-heal|p1a: Starmie|94/100\n|cant|p2a: Tauros|par\n|\n|upkeep\n|turn|48\n|\n|t:|1781208920\n|move|p1a: Starmie|Surf|p2a: Tauros\n|-damage|p2a: Tauros|61/100 par\n|move|p2a: Tauros|Body Slam|p1a: Starmie\n|-damage|p1a: Starmie|62/100\n|\n|upkeep\n|turn|49\n|\n|t:|1781208929\n|move|p1a: Starmie|Surf|p2a: Tauros\n|-damage|p2a: Tauros|21/100 par\n|cant|p2a: Tauros|par\n|\n|upkeep\n|turn|50\n|\n|t:|1781208935\n|move|p1a: Starmie|Surf|p2a: Tauros\n|-damage|p2a: Tauros|0 fnt\n|faint|p2a: Tauros\n|\n|t:|1781208939\n|switch|p2a: Snorlax|Snorlax|100/100\n|turn|51\n|\n|t:|1781208950\n|move|p1a: Starmie|Thunder Wave|p2a: Snorlax\n|-status|p2a: Snorlax|par\n|move|p2a: Snorlax|Amnesia|p2a: Snorlax\n|-boost|p2a: Snorlax|spa|2\n|-boost|p2a: Snorlax|spd|2\n|\n|upkeep\n|turn|52\n|inactive|Deezcastforms has 270 seconds left.\n|\n|t:|1781208981\n|move|p1a: Starmie|Surf|p2a: Snorlax\n|-damage|p2a: Snorlax|86/100 par\n|cant|p2a: Snorlax|par\n|\n|upkeep\n|turn|53\n|\n|t:|1781208985\n|move|p1a: Starmie|Surf|p2a: Snorlax\n|-crit|p2a: Snorlax\n|-damage|p2a: Snorlax|32/100 par\n|move|p2a: Snorlax|Thunderbolt|p1a: Starmie\n|-supereffective|p1a: Starmie\n|-damage|p1a: Starmie|0 fnt\n|faint|p1a: Starmie\n|\n|t:|1781208991\n|switch|p1a: Tauros|Tauros|100/100\n|turn|54\n|\n|t:|1781208994\n|move|p1a: Tauros|Hyper Beam|p2a: Snorlax|[miss]\n|-miss|p1a: Tauros\n|cant|p2a: Snorlax|par\n|\n|upkeep\n|turn|55\n|\n|t:|1781208998\n|move|p1a: Tauros|Hyper Beam|p2a: Snorlax\n|-crit|p2a: Snorlax\n|-damage|p2a: Snorlax|0 fnt\n|faint|p2a: Snorlax\n|\n|win|Deezcastforms\n|c|☆phoopes|gg\n|c|☆Deezcastforms|gg\n","uploadtime":1781208998,"views":"103","formatid":"gen1ou","rating":null,"private":0,"password":null}