{"id":"smogtours-gen1ou-819001","format":"[Gen 1] OU","players":["Sceptross","WarumFelix"],"log":"|inactive|Battle timer is ON: inactive players will automatically lose when time's up.\n|t:|1739115036\n|gametype|singles\n|player|p1|Sceptross|#splxvicryonicles|\n|player|p2|WarumFelix|hilbert|\n|teamsize|p1|6\n|teamsize|p2|6\n|gen|1\n|tier|[Gen 1] OU\n|rule|Desync Clause Mod: Desyncs changed to move failure.\n|rule|Sleep Clause Mod: Limit one foe put to sleep\n|rule|Freeze Clause Mod: Limit one foe frozen\n|rule|Species Clause: Limit one of each Pokémon\n|rule|OHKO Clause: OHKO moves are banned\n|rule|Evasion Moves Clause: Evasion moves are banned\n|rule|Endless Battle Clause: Forcing endless battles is banned\n|rule|HP Percentage Mod: HP is shown in percentages\n|\n|t:|1739115036\n|start\n|switch|p1a: Starmie|Starmie|100/100\n|switch|p2a: Gengar|Gengar|100/100\n|turn|1\n|c|☆WarumFelix|glhf\n|c|☆Sceptross|gl hf\n|rated|Smogon Premier League\n|inactive|Sceptross has 270 seconds left.\n|\n|t:|1739115068\n|switch|p1a: Exeggutor|Exeggutor|100/100\n|switch|p2a: Chansey|Chansey|100/100\n|\n|upkeep\n|turn|2\n|inactive|Sceptross has 270 seconds left.\n|inactive|WarumFelix has 270 seconds left.\n|inactive|Sceptross has 240 seconds left.\n|inactive|WarumFelix has 240 seconds left.\n|\n|t:|1739115136\n|move|p1a: Exeggutor|Sleep Powder|p2a: Chansey|[miss]\n|-miss|p1a: Exeggutor\n|move|p2a: Chansey|Thunder Wave|p1a: Exeggutor\n|-status|p1a: Exeggutor|par\n|\n|upkeep\n|turn|3\n|inactive|Sceptross has 240 seconds left.\n|inactive|WarumFelix has 240 seconds left.\n|\n|t:|1739115161\n|move|p2a: Chansey|Ice Beam|p1a: Exeggutor\n|-supereffective|p1a: Exeggutor\n|-damage|p1a: Exeggutor|64/100 par\n|move|p1a: Exeggutor|Sleep Powder|p2a: Chansey\n|-status|p2a: Chansey|slp|[from] move: Sleep Powder\n|\n|upkeep\n|turn|4\n|inactive|WarumFelix has 240 seconds left.\n|inactive|Sceptross has 210 seconds left.\n|\n|t:|1739115204\n|switch|p1a: Snorlax|Snorlax|100/100\n|cant|p2a: Chansey|slp\n|\n|upkeep\n|turn|5\n|\n|t:|1739115209\n|switch|p2a: Exeggutor|Exeggutor|100/100\n|move|p1a: Snorlax|Body Slam|p2a: Exeggutor\n|-damage|p2a: Exeggutor|69/100\n|-status|p2a: Exeggutor|par\n|\n|upkeep\n|turn|6\n|inactive|Sceptross has 210 seconds left.\n|\n|t:|1739115228\n|move|p1a: Snorlax|Body Slam|p2a: Exeggutor\n|-crit|p2a: Exeggutor\n|-damage|p2a: Exeggutor|10/100 par\n|move|p2a: Exeggutor|Sleep Powder|p1a: Snorlax\n|-status|p1a: Snorlax|slp|[from] move: Sleep Powder\n|\n|upkeep\n|turn|7\n|inactive|Sceptross has 210 seconds left.\n|inactive|WarumFelix has 240 seconds left.\n|inactive|Sceptross has 180 seconds left.\n|inactive|WarumFelix has 210 seconds left.\n|inactive|Sceptross has 150 seconds left.\n|inactive|WarumFelix has 180 seconds left.\n|inactive|WarumFelix has 150 seconds left.\n|\n|t:|1739115354\n|switch|p1a: Exeggutor|Exeggutor|64/100 par\n|switch|p2a: Tauros|Tauros|100/100\n|\n|upkeep\n|turn|8\n|\n|t:|1739115361\n|switch|p2a: Chansey|Chansey|100/100 slp\n|move|p1a: Exeggutor|Psychic|p2a: Chansey\n|-damage|p2a: Chansey|84/100 slp\n|\n|upkeep\n|turn|9\n|\n|t:|1739115388\n|cant|p2a: Chansey|slp\n|move|p1a: Exeggutor|Stun Spore|p2a: Chansey\n|-fail|p2a: Chansey\n|\n|upkeep\n|turn|10\n|\n|t:|1739115394\n|switch|p1a: Tauros|Tauros|100/100\n|cant|p2a: Chansey|slp\n|\n|upkeep\n|turn|11\n|\n|t:|1739115420\n|switch|p2a: Starmie|Starmie|100/100\n|move|p1a: Tauros|Body Slam|p2a: Starmie\n|-damage|p2a: Starmie|66/100\n|-status|p2a: Starmie|par\n|\n|upkeep\n|turn|12\n|inactive|Sceptross has 120 seconds left.\n|inactive|WarumFelix has 120 seconds left.\n|inactive|Sceptross has 90 seconds left.\n|\n|t:|1739115499\n|switch|p1a: Chansey|Chansey|100/100\n|move|p2a: Starmie|Thunder Wave|p1a: Chansey\n|-status|p1a: Chansey|par\n|\n|upkeep\n|turn|13\n|\n|t:|1739115509\n|move|p2a: Starmie|Recover|p2a: Starmie\n|-heal|p2a: Starmie|100/100 par\n|move|p1a: Chansey|Seismic Toss|p2a: Starmie\n|-damage|p2a: Starmie|70/100 par\n|\n|upkeep\n|turn|14\n|\n|t:|1739115512\n|move|p2a: Starmie|Recover|p2a: Starmie\n|-heal|p2a: Starmie|100/100 par\n|move|p1a: Chansey|Seismic Toss|p2a: Starmie\n|-damage|p2a: Starmie|70/100 par\n|\n|upkeep\n|turn|15\n|\n|t:|1739115516\n|move|p2a: Starmie|Recover|p2a: Starmie\n|-heal|p2a: Starmie|100/100 par\n|move|p1a: Chansey|Seismic Toss|p2a: Starmie\n|-damage|p2a: Starmie|70/100 par\n|\n|upkeep\n|turn|16\n|\n|t:|1739115519\n|move|p2a: Starmie|Recover|p2a: Starmie\n|-heal|p2a: Starmie|100/100 par\n|move|p1a: Chansey|Seismic Toss|p2a: Starmie\n|-damage|p2a: Starmie|70/100 par\n|\n|upkeep\n|turn|17\n|\n|t:|1739115523\n|move|p2a: Starmie|Recover|p2a: Starmie\n|-heal|p2a: Starmie|100/100 par\n|cant|p1a: Chansey|par\n|\n|upkeep\n|turn|18\n|\n|t:|1739115532\n|move|p2a: Starmie|Surf|p1a: Chansey\n|-damage|p1a: Chansey|85/100 par\n|cant|p1a: Chansey|par\n|\n|upkeep\n|turn|19\n|\n|t:|1739115543\n|switch|p2a: Snorlax|Snorlax|100/100\n|move|p1a: Chansey|Soft-Boiled|p1a: Chansey\n|-heal|p1a: Chansey|100/100 par\n|\n|upkeep\n|turn|20\n|inactive|Sceptross has 120 seconds left.\n|\n|t:|1739115550\n|move|p2a: Snorlax|Body Slam|p1a: Chansey\n|-damage|p1a: Chansey|60/100 par\n|move|p1a: Chansey|Thunder Wave|p2a: Snorlax\n|-status|p2a: Snorlax|par\n|\n|upkeep\n|turn|21\n|inactive|Sceptross has 120 seconds left.\n|inactive|Sceptross has 90 seconds left.\n|\n|t:|1739115592\n|move|p1a: Chansey|Seismic Toss|p2a: Snorlax\n|-damage|p2a: Snorlax|81/100 par\n|cant|p2a: Snorlax|par\n|\n|upkeep\n|turn|22\n|\n|t:|1739115598\n|move|p1a: Chansey|Seismic Toss|p2a: Snorlax\n|-damage|p2a: Snorlax|62/100 par\n|move|p2a: Snorlax|Body Slam|p1a: Chansey\n|-damage|p1a: Chansey|16/100 par\n|\n|upkeep\n|turn|23\n|inactive|WarumFelix has 180 seconds left.\n|inactive|Sceptross has 90 seconds left.\n|inactive|WarumFelix has 150 seconds left.\n|inactive|Sceptross has 60 seconds left.\n|inactive|WarumFelix has 120 seconds left.\n|\n|t:|1739115673\n|move|p1a: Chansey|Soft-Boiled|p1a: Chansey\n|-heal|p1a: Chansey|66/100 par\n|move|p2a: Snorlax|Reflect|p2a: Snorlax\n|-start|p2a: Snorlax|Reflect\n|\n|upkeep\n|turn|24\n|\n|t:|1739115701\n|move|p1a: Chansey|Seismic Toss|p2a: Snorlax\n|-damage|p2a: Snorlax|43/100 par\n|move|p2a: Snorlax|Body Slam|p1a: Chansey\n|-damage|p1a: Chansey|25/100 par\n|\n|upkeep\n|turn|25\n|\n|t:|1739115707\n|switch|p1a: Starmie|Starmie|100/100\n|cant|p2a: Snorlax|par\n|\n|upkeep\n|turn|26\n|inactive|WarumFelix has 120 seconds left.\n|\n|t:|1739115742\n|switch|p2a: Starmie|Starmie|100/100 par\n|move|p1a: Starmie|Psychic|p2a: Starmie\n|-resisted|p2a: Starmie\n|-damage|p2a: Starmie|84/100 par\n|-unboost|p2a: Starmie|spa|1\n|-unboost|p2a: Starmie|spd|1\n|\n|upkeep\n|turn|27\n|inactive|Sceptross has 30 seconds left.\n|\n|t:|1739115773\n|switch|p1a: Exeggutor|Exeggutor|64/100 par\n|move|p2a: Starmie|Recover|p2a: Starmie\n|-heal|p2a: Starmie|100/100 par\n|\n|upkeep\n|turn|28\n|inactive|Sceptross has 30 seconds left.\n|\n|t:|1739115783\n|switch|p2a: Chansey|Chansey|84/100 slp\n|cant|p1a: Exeggutor|par\n|\n|upkeep\n|turn|29\n|inactive|Sceptross has 30 seconds left.\n|inactive|WarumFelix has 90 seconds left.\n|\n|t:|1739115814\n|switch|p2a: Starmie|Starmie|100/100 par\n|switch|p1a: Tauros|Tauros|100/100\n|\n|upkeep\n|turn|30\n|inactive|WarumFelix has 90 seconds left.\n|\n|t:|1739115821\n|switch|p1a: Exeggutor|Exeggutor|64/100 par\n|move|p2a: Starmie|Surf|p1a: Exeggutor\n|-resisted|p1a: Exeggutor\n|-damage|p1a: Exeggutor|52/100 par\n|\n|upkeep\n|turn|31\n|inactive|WarumFelix has 90 seconds left.\n|\n|t:|1739115833\n|move|p2a: Starmie|Surf|p1a: Exeggutor\n|-resisted|p1a: Exeggutor\n|-damage|p1a: Exeggutor|40/100 par\n|move|p1a: Exeggutor|Psychic|p2a: Starmie\n|-resisted|p2a: Starmie\n|-damage|p2a: Starmie|81/100 par\n|\n|upkeep\n|turn|32\n|inactive|WarumFelix has 90 seconds left.\n|inactive|WarumFelix has 60 seconds left.\n|\n|t:|1739115897\n|switch|p2a: Chansey|Chansey|84/100 slp\n|move|p1a: Exeggutor|Mega Drain|p2a: Chansey\n|-damage|p2a: Chansey|77/100 slp\n|-heal|p1a: Exeggutor|46/100 par|[from] drain|[of] p2a: Chansey\n|\n|upkeep\n|turn|33\n|inactive|Sceptross has 30 seconds left.\n|\n|t:|1739115917\n|switch|p1a: Tauros|Tauros|100/100\n|cant|p2a: Chansey|slp\n|\n|upkeep\n|turn|34\n|inactive|Sceptross has 30 seconds left.\n|inactive|Sceptross has 20 seconds left.\n|inactive|WarumFelix has 30 seconds left.\n|inactive|Sceptross has 15 seconds left.\n|inactive|Sceptross has 10 seconds left.\n|\n|t:|1739115948\n|switch|p2a: Exeggutor|Exeggutor|10/100 par\n|move|p1a: Tauros|Earthquake|p2a: Exeggutor\n|-crit|p2a: Exeggutor\n|-resisted|p2a: Exeggutor\n|-damage|p2a: Exeggutor|0 fnt\n|faint|p2a: Exeggutor\n|inactive|Sceptross has 15 seconds left this turn.\n|inactive|WarumFelix has 30 seconds left.\n|inactive|WarumFelix has 20 seconds left.\n|\n|t:|1739115965\n|switch|p2a: Tauros|Tauros|100/100\n|turn|35\n|inactive|Sceptross has 25 seconds left this turn.\n|inactive|WarumFelix has 30 seconds left this turn.\n|inactive|Sceptross has 20 seconds left.\n|inactive|Sceptross has 15 seconds left.\n|\n|t:|1739115978\n|move|p1a: Tauros|Body Slam|p2a: Tauros\n|-damage|p2a: Tauros|71/100\n|move|p2a: Tauros|Body Slam|p1a: Tauros\n|-damage|p1a: Tauros|70/100\n|\n|upkeep\n|turn|36\n|inactive|Sceptross has 25 seconds left this turn.\n|\n|t:|1739115983\n|move|p2a: Tauros|Body Slam|p1a: Tauros\n|-damage|p1a: Tauros|38/100\n|move|p1a: Tauros|Body Slam|p2a: Tauros\n|-damage|p2a: Tauros|41/100\n|\n|upkeep\n|turn|37\n|inactive|Sceptross has 30 seconds left.\n|inactive|Sceptross has 20 seconds left.\n|inactive|Sceptross has 15 seconds left.\n|inactive|WarumFelix has 30 seconds left.\n|inactive|Sceptross has 10 seconds left.\n|inactive|WarumFelix has 20 seconds left.\n|inactive|WarumFelix has 15 seconds left.\n|\n|t:|1739116022\n|switch|p1a: Snorlax|Snorlax|100/100 slp\n|switch|p2a: Gengar|Gengar|100/100\n|\n|upkeep\n|turn|38\n|inactive|Sceptross has 20 seconds left this turn.\n|inactive|WarumFelix has 25 seconds left this turn.\n|inactive|Sceptross has 15 seconds left.\n|inactive|WarumFelix has 20 seconds left.\n|inactive|WarumFelix has 15 seconds left.\n|inactive|WarumFelix has 10 seconds left.\n|inactive|WarumFelix has 5 seconds left.\n|\n|t:|1739116042\n|switch|p2a: Tauros|Tauros|41/100\n|switch|p1a: Rhydon|Rhydon|100/100\n|\n|upkeep\n|turn|39\n|inactive|Sceptross has 25 seconds left this turn.\n|inactive|WarumFelix has 15 seconds left this turn.\n|inactive|Sceptross has 20 seconds left.\n|\n|t:|1739116050\n|switch|p1a: Starmie|Starmie|100/100\n|move|p2a: Tauros|Blizzard|p1a: Starmie\n|-crit|p1a: Starmie\n|-resisted|p1a: Starmie\n|-damage|p1a: Starmie|78/100\n|\n|upkeep\n|turn|40\n|inactive|Sceptross has 30 seconds left this turn.\n|inactive|WarumFelix has 25 seconds left this turn.\n|inactive|Sceptross has 20 seconds left.\n|inactive|Sceptross has 15 seconds left.\n|inactive|WarumFelix has 20 seconds left.\n|\n|t:|1739116069\n|switch|p1a: Exeggutor|Exeggutor|46/100 par\n|switch|p2a: Starmie|Starmie|81/100 par\n|\n|upkeep\n|turn|41\n|inactive|Sceptross has 25 seconds left this turn.\n|inactive|WarumFelix has 30 seconds left this turn.\n|inactive|Sceptross has 20 seconds left.\n|\n|t:|1739116076\n|switch|p2a: Chansey|Chansey|77/100 slp\n|move|p1a: Exeggutor|Mega Drain|p2a: Chansey\n|-damage|p2a: Chansey|69/100 slp\n|-heal|p1a: Exeggutor|53/100 par|[from] drain|[of] p2a: Chansey\n|\n|upkeep\n|turn|42\n|inactive|Sceptross has 30 seconds left this turn.\n|inactive|WarumFelix has 30 seconds left.\n|\n|t:|1739116090\n|switch|p2a: Starmie|Starmie|81/100 par\n|switch|p1a: Tauros|Tauros|38/100\n|\n|upkeep\n|turn|43\n|inactive|Sceptross has 30 seconds left.\n|\n|t:|1739116104\n|switch|p1a: Exeggutor|Exeggutor|53/100 par\n|cant|p2a: Starmie|par\n|\n|upkeep\n|turn|44\n|inactive|WarumFelix has 30 seconds left.\n|\n|t:|1739116123\n|switch|p2a: Chansey|Chansey|69/100 slp\n|move|p1a: Exeggutor|Psychic|p2a: Chansey\n|-damage|p2a: Chansey|54/100 slp\n|\n|upkeep\n|turn|45\n|\n|t:|1739116126\n|switch|p2a: Starmie|Starmie|81/100 par\n|switch|p1a: Tauros|Tauros|38/100\n|\n|upkeep\n|turn|46\n|\n|t:|1739116137\n|switch|p1a: Exeggutor|Exeggutor|53/100 par\n|move|p2a: Starmie|Recover|p2a: Starmie\n|-heal|p2a: Starmie|100/100 par\n|\n|upkeep\n|turn|47\n|\n|t:|1739116148\n|switch|p2a: Chansey|Chansey|54/100 slp\n|move|p1a: Exeggutor|Psychic|p2a: Chansey\n|-damage|p2a: Chansey|36/100 slp\n|\n|upkeep\n|turn|48\n|inactive|WarumFelix has 60 seconds left.\n|\n|t:|1739116162\n|switch|p2a: Starmie|Starmie|100/100 par\n|switch|p1a: Tauros|Tauros|38/100\n|\n|upkeep\n|turn|49\n|inactive|WarumFelix has 60 seconds left.\n|\n|t:|1739116186\n|switch|p1a: Exeggutor|Exeggutor|53/100 par\n|cant|p2a: Starmie|par\n|\n|upkeep\n|turn|50\n|\n|t:|1739116202\n|switch|p2a: Chansey|Chansey|36/100 slp\n|move|p1a: Exeggutor|Psychic|p2a: Chansey\n|-damage|p2a: Chansey|18/100 slp\n|\n|upkeep\n|turn|51\n|\n|t:|1739116206\n|switch|p1a: Tauros|Tauros|38/100\n|cant|p2a: Chansey|slp\n|\n|upkeep\n|turn|52\n|\n|t:|1739116211\n|move|p1a: Tauros|Earthquake|p2a: Chansey\n|-damage|p2a: Chansey|0 fnt\n|faint|p2a: Chansey\n|\n|t:|1739116217\n|switch|p2a: Tauros|Tauros|41/100\n|turn|53\n|inactive|Sceptross has 60 seconds left.\n|inactive|Sceptross has 30 seconds left.\n|inactive|Sceptross has 20 seconds left.\n|\n|t:|1739116273\n|switch|p1a: Chansey|Chansey|25/100 par\n|move|p2a: Tauros|Body Slam|p1a: Chansey\n|-damage|p1a: Chansey|0 fnt\n|faint|p1a: Chansey\n|inactive|Sceptross has 25 seconds left this turn.\n|inactive|Sceptross has 20 seconds left.\n|\n|t:|1739116280\n|switch|p1a: Starmie|Starmie|78/100\n|turn|54\n|inactive|Sceptross has 30 seconds left this turn.\n|inactive|Sceptross has 20 seconds left.\n|\n|t:|1739116294\n|switch|p2a: Starmie|Starmie|100/100 par\n|move|p1a: Starmie|Psychic|p2a: Starmie\n|-resisted|p2a: Starmie\n|-damage|p2a: Starmie|85/100 par\n|\n|upkeep\n|turn|55\n|inactive|Sceptross has 30 seconds left this turn.\n|inactive|WarumFelix has 90 seconds left.\n|inactive|Sceptross has 20 seconds left.\n|\n|t:|1739116321\n|switch|p1a: Exeggutor|Exeggutor|53/100 par\n|move|p2a: Starmie|Recover|p2a: Starmie\n|-heal|p2a: Starmie|100/100 par\n|\n|upkeep\n|turn|56\n|inactive|Sceptross has 30 seconds left this turn.\n|inactive|Sceptross has 20 seconds left.\n|\n|t:|1739116344\n|switch|p2a: Gengar|Gengar|100/100\n|move|p1a: Exeggutor|Mega Drain|p2a: Gengar\n|-resisted|p2a: Gengar\n|-damage|p2a: Gengar|94/100\n|-heal|p1a: Exeggutor|56/100 par|[from] drain|[of] p2a: Gengar\n|\n|upkeep\n|turn|57\n|inactive|Sceptross has 30 seconds left this turn.\n|inactive|Sceptross has 20 seconds left.\n|\n|t:|1739116357\n|switch|p1a: Snorlax|Snorlax|100/100 slp\n|move|p2a: Gengar|Psychic|p1a: Snorlax\n|-crit|p1a: Snorlax\n|-damage|p1a: Snorlax|57/100 slp\n|-unboost|p1a: Snorlax|spa|1\n|-unboost|p1a: Snorlax|spd|1\n|\n|upkeep\n|turn|58\n|inactive|Sceptross has 30 seconds left this turn.\n|inactive|Sceptross has 20 seconds left.\n|inactive|Sceptross has 15 seconds left.\n|inactive|WarumFelix has 60 seconds left.\n|\n|t:|1739116389\n|switch|p1a: Starmie|Starmie|78/100\n|move|p2a: Gengar|Psychic|p1a: Starmie\n|-resisted|p1a: Starmie\n|-damage|p1a: Starmie|64/100\n|-unboost|p1a: Starmie|spa|1\n|-unboost|p1a: Starmie|spd|1\n|\n|upkeep\n|turn|59\n|inactive|Sceptross has 25 seconds left this turn.\n|inactive|Sceptross has 20 seconds left.\n|inactive|Sceptross has 15 seconds left.\n|\n|t:|1739116402\n|switch|p1a: Exeggutor|Exeggutor|56/100 par\n|switch|p2a: Starmie|Starmie|100/100 par\n|\n|upkeep\n|turn|60\n|inactive|Sceptross has 25 seconds left this turn.\n|inactive|Sceptross has 20 seconds left.\n|inactive|Sceptross has 15 seconds left.\n|\n|t:|1739116425\n|move|p2a: Starmie|Surf|p1a: Exeggutor\n|-resisted|p1a: Exeggutor\n|-damage|p1a: Exeggutor|45/100 par\n|move|p1a: Exeggutor|Psychic|p2a: Starmie\n|-resisted|p2a: Starmie\n|-damage|p2a: Starmie|81/100 par\n|-unboost|p2a: Starmie|spa|1\n|-unboost|p2a: Starmie|spd|1\n|\n|upkeep\n|turn|61\n|inactive|Sceptross has 25 seconds left this turn.\n|\n|t:|1739116430\n|switch|p2a: Gengar|Gengar|94/100\n|move|p1a: Exeggutor|Psychic|p2a: Gengar\n|-supereffective|p2a: Gengar\n|-damage|p2a: Gengar|30/100\n|\n|upkeep\n|turn|62\n|inactive|Sceptross has 30 seconds left.\n|inactive|Sceptross has 20 seconds left.\n|inactive|Sceptross has 15 seconds left.\n|inactive|WarumFelix has 30 seconds left.\n|inactive|Sceptross has 10 seconds left.\n|inactive|WarumFelix has 20 seconds left.\n|inactive|WarumFelix has 15 seconds left.\n|inactive|WarumFelix has 10 seconds left.\n|\n|t:|1739116477\n|switch|p1a: Rhydon|Rhydon|100/100\n|move|p2a: Gengar|Explosion|p1a: Rhydon|[miss]\n|-miss|p2a: Gengar\n|-hint|In Gen 1, moves with 100% accuracy can still miss 1/256 of the time.\n|faint|p2a: Gengar\n|inactive|Sceptross has 15 seconds left this turn.\n|inactive|WarumFelix has 15 seconds left this turn.\n|inactive|WarumFelix has 10 seconds left.\n|inactive|WarumFelix has 5 seconds left.\n|\n|t:|1739116487\n|switch|p2a: Tauros|Tauros|41/100\n|turn|63\n|inactive|Sceptross has 25 seconds left this turn.\n|inactive|WarumFelix has 15 seconds left this turn.\n|inactive|Sceptross has 20 seconds left.\n|inactive|Sceptross has 15 seconds left.\n|\n|t:|1739116500\n|switch|p1a: Snorlax|Snorlax|57/100 slp\n|move|p2a: Tauros|Blizzard|p1a: Snorlax\n|-damage|p1a: Snorlax|38/100 slp\n|\n|upkeep\n|turn|64\n|inactive|Sceptross has 25 seconds left this turn.\n|inactive|WarumFelix has 25 seconds left this turn.\n|inactive|Sceptross has 20 seconds left.\n|\n|t:|1739116509\n|move|p2a: Tauros|Body Slam|p1a: Snorlax\n|-damage|p1a: Snorlax|12/100 slp\n|cant|p1a: Snorlax|slp\n|\n|upkeep\n|turn|65\n|inactive|Sceptross has 30 seconds left this turn.\n|\n|t:|1739116514\n|move|p2a: Tauros|Body Slam|p1a: Snorlax\n|-crit|p1a: Snorlax\n|-damage|p1a: Snorlax|0 fnt\n|faint|p1a: Snorlax\n|inactive|Sceptross has 30 seconds left this turn.\n|\n|t:|1739116521\n|switch|p1a: Starmie|Starmie|64/100\n|turn|66\n|inactive|Sceptross has 30 seconds left.\n|\n|t:|1739116527\n|switch|p2a: Starmie|Starmie|81/100 par\n|move|p1a: Starmie|Recover|p1a: Starmie\n|-heal|p1a: Starmie|100/100\n|\n|upkeep\n|turn|67\n|inactive|Sceptross has 30 seconds left.\n|\n|t:|1739116544\n|switch|p1a: Exeggutor|Exeggutor|45/100 par\n|switch|p2a: Tauros|Tauros|41/100\n|\n|upkeep\n|turn|68\n|inactive|Sceptross has 30 seconds left.\n|inactive|Sceptross has 20 seconds left.\n|inactive|Sceptross has 15 seconds left.\n|inactive|Sceptross has 10 seconds left.\n|\n|t:|1739116571\n|switch|p1a: Starmie|Starmie|100/100\n|move|p2a: Tauros|Body Slam|p1a: Starmie\n|-damage|p1a: Starmie|64/100\n|\n|upkeep\n|turn|69\n|inactive|Sceptross has 20 seconds left this turn.\n|inactive|Sceptross has 15 seconds left.\n|\n|t:|1739116579\n|switch|p2a: Starmie|Starmie|81/100 par\n|move|p1a: Starmie|Recover|p1a: Starmie\n|-heal|p1a: Starmie|100/100\n|\n|upkeep\n|turn|70\n|inactive|Sceptross has 25 seconds left this turn.\n|inactive|Sceptross has 20 seconds left.\n|\n|t:|1739116588\n|switch|p1a: Exeggutor|Exeggutor|45/100 par\n|switch|p2a: Tauros|Tauros|41/100\n|\n|upkeep\n|turn|71\n|inactive|Sceptross has 30 seconds left this turn.\n|\n|t:|1739116596\n|move|p2a: Tauros|Body Slam|p1a: Exeggutor\n|-damage|p1a: Exeggutor|18/100 par\n|cant|p1a: Exeggutor|par\n|\n|upkeep\n|turn|72\n|inactive|Sceptross has 30 seconds left.\n|\n|t:|1739116607\n|switch|p1a: Starmie|Starmie|100/100\n|move|p2a: Tauros|Body Slam|p1a: Starmie\n|-crit|p1a: Starmie\n|-damage|p1a: Starmie|35/100\n|\n|upkeep\n|turn|73\n|inactive|Sceptross has 30 seconds left.\n|inactive|Sceptross has 20 seconds left.\n|\n|t:|1739116627\n|switch|p2a: Starmie|Starmie|81/100 par\n|move|p1a: Starmie|Recover|p1a: Starmie\n|-heal|p1a: Starmie|85/100\n|\n|upkeep\n|turn|74\n|inactive|Sceptross has 30 seconds left this turn.\n|inactive|WarumFelix has 90 seconds left.\n|inactive|Sceptross has 20 seconds left.\n|\n|t:|1739116657\n|switch|p1a: Exeggutor|Exeggutor|18/100 par\n|move|p2a: Starmie|Surf|p1a: Exeggutor\n|-resisted|p1a: Exeggutor\n|-damage|p1a: Exeggutor|7/100 par\n|\n|upkeep\n|turn|75\n|inactive|Sceptross has 30 seconds left this turn.\n|\n|t:|1739116661\n|move|p2a: Starmie|Surf|p1a: Exeggutor\n|-resisted|p1a: Exeggutor\n|-damage|p1a: Exeggutor|0 fnt\n|faint|p1a: Exeggutor\n|inactive|Sceptross has 30 seconds left.\n|\n|t:|1739116671\n|switch|p1a: Rhydon|Rhydon|100/100\n|turn|76\n|inactive|Sceptross has 30 seconds left.\n|inactive|WarumFelix has 90 seconds left.\n|\n|t:|1739116678\n|move|p1a: Rhydon|Substitute|p1a: Rhydon\n|-start|p1a: Rhydon|Substitute\n|-damage|p1a: Rhydon|76/100\n|cant|p2a: Starmie|par\n|\n|upkeep\n|turn|77\n|\n|t:|1739116683\n|move|p1a: Rhydon|Earthquake|p2a: Starmie\n|-crit|p2a: Starmie\n|-damage|p2a: Starmie|0 fnt\n|faint|p2a: Starmie\n|\n|t:|1739116685\n|switch|p2a: Tauros|Tauros|41/100\n|turn|78\n|\n|t:|1739116689\n|move|p2a: Tauros|Earthquake|p1a: Rhydon\n|-crit|p1a: Rhydon\n|-supereffective|p1a: Rhydon\n|-end|p1a: Rhydon|Substitute\n|move|p1a: Rhydon|Earthquake|p2a: Tauros\n|-damage|p2a: Tauros|1/100\n|\n|upkeep\n|turn|79\n|inactive|Sceptross has 60 seconds left.\n|\n|t:|1739116704\n|move|p2a: Tauros|Blizzard|p1a: Rhydon\n|-supereffective|p1a: Rhydon\n|-damage|p1a: Rhydon|15/100\n|move|p1a: Rhydon|Earthquake|p2a: Tauros\n|-damage|p2a: Tauros|0 fnt\n|faint|p2a: Tauros\n|\n|t:|1739116706\n|switch|p2a: Snorlax|Snorlax|43/100 par\n|turn|80\n|\n|t:|1739116710\n|move|p1a: Rhydon|Earthquake|p2a: Snorlax\n|-damage|p2a: Snorlax|9/100 par\n|move|p2a: Snorlax|Rest|p2a: Snorlax\n|-status|p2a: Snorlax|slp|[from] move: Rest\n|-heal|p2a: Snorlax|100/100 slp|[silent]\n|\n|upkeep\n|turn|81\n|\n|t:|1739116714\n|move|p1a: Rhydon|Earthquake|p2a: Snorlax\n|-damage|p2a: Snorlax|67/100 slp\n|cant|p2a: Snorlax|slp\n|\n|upkeep\n|turn|82\n|\n|t:|1739116716\n|move|p1a: Rhydon|Earthquake|p2a: Snorlax\n|-damage|p2a: Snorlax|31/100 slp\n|-curestatus|p2a: Snorlax|slp|[msg]\n|\n|upkeep\n|turn|83\n|\n|t:|1739116717\n|move|p1a: Rhydon|Earthquake|p2a: Snorlax\n|-damage|p2a: Snorlax|0 fnt\n|faint|p2a: Snorlax\n|\n|win|Sceptross\n|c|☆WarumFelix|ggs\n|c|☆Sceptross|ggs man\n|player|p2|\n","uploadtime":1739116717,"views":"2108","formatid":"gen1ou","rating":null,"private":0,"password":null}