{"id":"smogtours-gen1ou-947046","format":"[Gen 1] OU","players":["TG2513","virae"],"log":"|inactive|Battle timer is ON: inactive players will automatically lose when time's up.\n|t:|1781464811\n|gametype|singles\n|player|p1|TG2513|brycenman|\n|player|p2|virae|#rbyplvmightymagmars|\n|gen|1\n|tier|[Gen 1] OU\n|rule|Desync Clause Mod: Desyncs changed to move failure.\n|rule|HP Percentage Mod: HP is shown in percentages\n|rule|Endless Battle Clause: Forcing endless battles is banned\n|rule|Sleep Clause Mod: Limit one foe put to sleep\n|rule|Freeze Clause Mod: Limit one foe frozen\n|rule|Species Clause: Limit one of each Pokémon\n|rule|OHKO Clause: OHKO moves are banned\n|rule|Evasion Moves Clause: Evasion moves are banned\n|\n|t:|1781464811\n|teamsize|p1|6\n|teamsize|p2|6\n|start\n|switch|p1a: Starmie|Starmie|100/100\n|switch|p2a: Starmie|Starmie|100/100\n|turn|1\n|c|☆virae|gl hf!\n|c|☆TG2513|HF\n|inactive|virae has 270 seconds left.\n|\n|t:|1781464843\n|switch|p2a: Exeggutor|Exeggutor|100/100\n|move|p1a: Starmie|Thunder Wave|p2a: Exeggutor\n|-status|p2a: Exeggutor|par\n|\n|upkeep\n|turn|2\n|\n|t:|1781464849\n|move|p1a: Starmie|Blizzard|p2a: Exeggutor\n|-supereffective|p2a: Exeggutor\n|-damage|p2a: Exeggutor|61/100 par\n|move|p2a: Exeggutor|Sleep Powder|p1a: Starmie|[miss]\n|-miss|p2a: Exeggutor\n|\n|upkeep\n|turn|3\n|\n|t:|1781464854\n|switch|p2a: Chansey|Chansey|100/100\n|move|p1a: Starmie|Blizzard|p2a: Chansey\n|-crit|p2a: Chansey\n|-damage|p2a: Chansey|75/100\n|\n|upkeep\n|turn|4\n|inactive|TG2513 has 270 seconds left.\n|\n|t:|1781464891\n|move|p1a: Starmie|Blizzard|p2a: Chansey\n|-damage|p2a: Chansey|62/100\n|move|p2a: Chansey|Sing|p1a: Starmie\n|-status|p1a: Starmie|slp|[from] move: Sing\n|\n|upkeep\n|turn|5\n|inactive|TG2513 has 270 seconds left.\n|\n|t:|1781464900\n|switch|p1a: Chansey|Chansey|100/100\n|move|p2a: Chansey|Thunder Wave|p1a: Chansey\n|-status|p1a: Chansey|par\n|\n|upkeep\n|turn|6\n|\n|t:|1781464906\n|move|p2a: Chansey|Soft-Boiled|p2a: Chansey\n|-heal|p2a: Chansey|100/100\n|move|p1a: Chansey|Ice Beam|p2a: Chansey\n|-damage|p2a: Chansey|90/100\n|\n|upkeep\n|turn|7\n|\n|t:|1781464910\n|switch|p2a: Snorlax|Snorlax|100/100\n|move|p1a: Chansey|Thunderbolt|p2a: Snorlax\n|-damage|p2a: Snorlax|80/100\n|\n|upkeep\n|turn|8\n|\n|t:|1781464918\n|switch|p1a: Exeggutor|Exeggutor|100/100\n|move|p2a: Snorlax|Body Slam|p1a: Exeggutor\n|-damage|p1a: Exeggutor|69/100\n|\n|upkeep\n|turn|9\n|\n|t:|1781464923\n|switch|p2a: Exeggutor|Exeggutor|61/100 par\n|move|p1a: Exeggutor|Psychic|p2a: Exeggutor\n|-resisted|p2a: Exeggutor\n|-damage|p2a: Exeggutor|48/100 par\n|\n|upkeep\n|turn|10\n|\n|t:|1781464933\n|move|p1a: Exeggutor|Psychic|p2a: Exeggutor\n|-resisted|p2a: Exeggutor\n|-damage|p2a: Exeggutor|35/100 par\n|move|p2a: Exeggutor|Stun Spore|p1a: Exeggutor|[miss]\n|-miss|p2a: Exeggutor\n|\n|upkeep\n|turn|11\n|\n|t:|1781464939\n|move|p1a: Exeggutor|Psychic|p2a: Exeggutor\n|-resisted|p2a: Exeggutor\n|-damage|p2a: Exeggutor|22/100 par\n|move|p2a: Exeggutor|Explosion|p1a: Exeggutor\n|-damage|p1a: Exeggutor|1/100\n|faint|p2a: Exeggutor\n|\n|t:|1781464945\n|switch|p2a: Tauros|Tauros|100/100\n|turn|12\n|\n|t:|1781464947\n|switch|p1a: Snorlax|Snorlax|100/100\n|move|p2a: Tauros|Body Slam|p1a: Snorlax\n|-crit|p1a: Snorlax\n|-damage|p1a: Snorlax|52/100\n|\n|upkeep\n|turn|13\n|inactive|virae has 270 seconds left.\n|\n|t:|1781464999\n|switch|p2a: Snorlax|Snorlax|80/100\n|move|p1a: Snorlax|Self-Destruct|p2a: Snorlax\n|-damage|p2a: Snorlax|4/100\n|faint|p1a: Snorlax\n|\n|t:|1781465010\n|switch|p1a: Tauros|Tauros|100/100\n|turn|14\n|inactive|virae has 240 seconds left.\n|\n|t:|1781465052\n|move|p1a: Tauros|Body Slam|p2a: Snorlax\n|-damage|p2a: Snorlax|0 fnt\n|faint|p2a: Snorlax\n|\n|t:|1781465069\n|switch|p2a: Starmie|Starmie|100/100\n|turn|15\n|\n|t:|1781465073\n|switch|p2a: Rhydon|Rhydon|100/100\n|switch|p1a: Chansey|Chansey|100/100 par\n|\n|upkeep\n|turn|16\n|\n|t:|1781465079\n|move|p2a: Rhydon|Earthquake|p1a: Chansey\n|-crit|p1a: Chansey\n|-damage|p1a: Chansey|0 fnt\n|faint|p1a: Chansey\n|\n|t:|1781465084\n|switch|p1a: Exeggutor|Exeggutor|1/100\n|turn|17\n|inactive|virae has 240 seconds left.\n|\n|t:|1781465097\n|switch|p2a: Chansey|Chansey|90/100\n|move|p1a: Exeggutor|Sleep Powder|p2a: Chansey\n|-status|p2a: Chansey|slp|[from] move: Sleep Powder\n|\n|upkeep\n|turn|18\n|\n|t:|1781465101\n|move|p1a: Exeggutor|Psychic|p2a: Chansey\n|-damage|p2a: Chansey|74/100 slp\n|cant|p2a: Chansey|slp\n|\n|upkeep\n|turn|19\n|\n|t:|1781465108\n|move|p1a: Exeggutor|Psychic|p2a: Chansey\n|-damage|p2a: Chansey|57/100 slp\n|-unboost|p2a: Chansey|spa|1\n|-unboost|p2a: Chansey|spd|1\n|cant|p2a: Chansey|slp\n|\n|upkeep\n|turn|20\n|\n|t:|1781465111\n|switch|p2a: Starmie|Starmie|100/100\n|move|p1a: Exeggutor|Psychic|p2a: Starmie\n|-resisted|p2a: Starmie\n|-damage|p2a: Starmie|83/100\n|-unboost|p2a: Starmie|spa|1\n|-unboost|p2a: Starmie|spd|1\n|\n|upkeep\n|turn|21\n|inactive|virae has 270 seconds left.\n|\n|t:|1781465117\n|move|p2a: Starmie|Psychic|p1a: Exeggutor\n|-resisted|p1a: Exeggutor\n|-damage|p1a: Exeggutor|0 fnt\n|faint|p1a: Exeggutor\n|\n|t:|1781465123\n|switch|p1a: Tauros|Tauros|100/100\n|turn|22\n|\n|t:|1781465130\n|move|p2a: Starmie|Thunder Wave|p1a: Tauros\n|-status|p1a: Tauros|par\n|move|p1a: Tauros|Body Slam|p2a: Starmie\n|-damage|p2a: Starmie|48/100\n|\n|upkeep\n|turn|23\n|inactive|virae has 270 seconds left.\n|\n|t:|1781465180\n|switch|p2a: Chansey|Chansey|57/100 slp\n|move|p1a: Tauros|Body Slam|p2a: Chansey\n|-crit|p2a: Chansey\n|-damage|p2a: Chansey|0 fnt\n|faint|p2a: Chansey\n|inactive|virae has 240 seconds left.\n|\n|t:|1781465199\n|switch|p2a: Starmie|Starmie|48/100\n|turn|24\n|\n|t:|1781465202\n|move|p2a: Starmie|Psychic|p1a: Tauros\n|-damage|p1a: Tauros|61/100 par\n|-unboost|p1a: Tauros|spa|1\n|-unboost|p1a: Tauros|spd|1\n|move|p1a: Tauros|Body Slam|p2a: Starmie\n|-damage|p2a: Starmie|16/100\n|\n|upkeep\n|turn|25\n|\n|t:|1781465209\n|move|p2a: Starmie|Psychic|p1a: Tauros\n|-damage|p1a: Tauros|1/100 par\n|move|p1a: Tauros|Hyper Beam|p2a: Starmie|[miss]\n|-miss|p1a: Tauros\n|\n|upkeep\n|turn|26\n|\n|t:|1781465216\n|move|p2a: Starmie|Psychic|p1a: Tauros\n|-damage|p1a: Tauros|0 fnt\n|faint|p1a: Tauros\n|\n|t:|1781465218\n|switch|p1a: Starmie|Starmie|100/100 slp\n|turn|27\n|\n|t:|1781465222\n|switch|p2a: Tauros|Tauros|100/100\n|cant|p1a: Starmie|slp\n|\n|upkeep\n|turn|28\n|\n|t:|1781465223\n|cant|p1a: Starmie|slp\n|move|p2a: Tauros|Body Slam|p1a: Starmie\n|-damage|p1a: Starmie|67/100 slp\n|\n|upkeep\n|turn|29\n|\n|t:|1781465227\n|cant|p1a: Starmie|slp\n|move|p2a: Tauros|Body Slam|p1a: Starmie\n|-damage|p1a: Starmie|33/100 slp\n|\n|upkeep\n|turn|30\n|\n|t:|1781465230\n|cant|p1a: Starmie|slp\n|move|p2a: Tauros|Thunderbolt|p1a: Starmie\n|-supereffective|p1a: Starmie\n|-damage|p1a: Starmie|0 fnt\n|faint|p1a: Starmie\n|\n|t:|1781465232\n|switch|p1a: Porygon|Porygon|100/100\n|turn|31\n|inactive|virae has 270 seconds left.\n|inactive|virae has 240 seconds left.\n|\n|t:|1781465294\n|move|p2a: Tauros|Body Slam|p1a: Porygon\n|-crit|p1a: Porygon\n|-damage|p1a: Porygon|24/100\n|move|p1a: Porygon|Thunder Wave|p2a: Tauros\n|-status|p2a: Tauros|par\n|\n|upkeep\n|turn|32\n|\n|t:|1781465298\n|switch|p2a: Starmie|Starmie|16/100\n|move|p1a: Porygon|Recover|p1a: Porygon\n|-hint|In Gen 1, recovery moves fail if (user's maximum HP - user's current HP + 1) is divisible by 256, unless the current hp is also divisible by 256.\n|-fail|p1a: Porygon\n|\n|upkeep\n|turn|33\n|c|☆TG2513|damn. gg\n|c|☆virae|gg\n|\n|t:|1781465311\n|move|p2a: Starmie|Psychic|p1a: Porygon\n|-damage|p1a: Porygon|0 fnt\n|faint|p1a: Porygon\n|\n|win|virae\n|player|p1|\n","uploadtime":1781465311,"views":"86","formatid":"gen1ou","rating":null,"private":0,"password":null}