{"id":"smogtours-gen1ou-904389","format":"[Gen 1] OU","players":["Isza","Girls See Ghosts"],"log":"|inactive|Battle timer is ON: inactive players will automatically lose when time's up.\n|t:|1769914805\n|gametype|singles\n|player|p1|Isza|#scl5foxes|\n|player|p2|Girls See Ghosts|#splxviisharks|\n|gen|1\n|tier|[Gen 1] OU\n|rule|Desync Clause Mod: Desyncs changed to move failure.\n|rule|Sleep Clause Mod: Limit one foe put to sleep\n|rule|Freeze Clause Mod: Limit one foe frozen\n|rule|Species Clause: Limit one of each Pokémon\n|rule|OHKO Clause: OHKO moves are banned\n|rule|Evasion Moves Clause: Evasion moves are banned\n|rule|Endless Battle Clause: Forcing endless battles is banned\n|rule|HP Percentage Mod: HP is shown in percentages\n|\n|t:|1769914805\n|teamsize|p1|6\n|teamsize|p2|6\n|start\n|switch|p1a: Gengar|Gengar|100/100\n|switch|p2a: Jynx|Jynx|100/100\n|turn|1\n|c|☆Isza|hf\n|c|☆Girls See Ghosts|glhf\n|inactive|Girls See Ghosts has 270 seconds left.\n|\n|t:|1769914840\n|switch|p2a: Starmie|Starmie|100/100\n|move|p1a: Gengar|Explosion|p2a: Starmie\n|-damage|p2a: Starmie|35/100\n|faint|p1a: Gengar\n|\n|t:|1769914850\n|switch|p1a: Chansey|Chansey|100/100\n|turn|2\n|\n|t:|1769914863\n|move|p2a: Starmie|Recover|p2a: Starmie\n|-heal|p2a: Starmie|85/100\n|move|p1a: Chansey|Sing|p2a: Starmie\n|-status|p2a: Starmie|slp|[from] move: Sing\n|\n|upkeep\n|turn|3\n|\n|t:|1769914891\n|switch|p2a: Chansey|Chansey|100/100\n|move|p1a: Chansey|Thunder Wave|p2a: Chansey\n|-status|p2a: Chansey|par\n|\n|upkeep\n|turn|4\n|\n|t:|1769914900\n|switch|p2a: Jynx|Jynx|100/100\n|move|p1a: Chansey|Seismic Toss|p2a: Jynx\n|-damage|p2a: Jynx|70/100\n|\n|upkeep\n|turn|5\n|inactive|Isza has 270 seconds left.\n|\n|t:|1769914942\n|switch|p1a: Exeggutor|Exeggutor|100/100\n|move|p2a: Jynx|Lovely Kiss|p1a: Exeggutor\n|-status|p1a: Exeggutor|slp|[from] move: Lovely Kiss\n|\n|upkeep\n|turn|6\n|\n|t:|1769914960\n|switch|p1a: Chansey|Chansey|100/100\n|move|p2a: Jynx|Blizzard|p1a: Chansey\n|-damage|p1a: Chansey|81/100\n|\n|upkeep\n|turn|7\n|\n|t:|1769914968\n|switch|p2a: Snorlax|Snorlax|100/100\n|move|p1a: Chansey|Thunder Wave|p2a: Snorlax\n|-status|p2a: Snorlax|par\n|\n|upkeep\n|turn|8\n|\n|t:|1769914980\n|switch|p1a: Snorlax|Snorlax|100/100\n|move|p2a: Snorlax|Body Slam|p1a: Snorlax\n|-damage|p1a: Snorlax|73/100\n|\n|upkeep\n|turn|9\n|\n|t:|1769914984\n|move|p1a: Snorlax|Body Slam|p2a: Snorlax\n|-damage|p2a: Snorlax|75/100 par\n|move|p2a: Snorlax|Reflect|p2a: Snorlax\n|-start|p2a: Snorlax|Reflect\n|\n|upkeep\n|turn|10\n|\n|t:|1769914988\n|move|p1a: Snorlax|Reflect|p1a: Snorlax\n|-start|p1a: Snorlax|Reflect\n|cant|p2a: Snorlax|par\n|\n|upkeep\n|turn|11\n|\n|t:|1769914992\n|move|p1a: Snorlax|Body Slam|p2a: Snorlax\n|-damage|p2a: Snorlax|63/100 par\n|move|p2a: Snorlax|Rest|p2a: Snorlax\n|-status|p2a: Snorlax|slp|[from] move: Rest\n|-heal|p2a: Snorlax|100/100 slp|[silent]\n|\n|upkeep\n|turn|12\n|\n|t:|1769914998\n|move|p1a: Snorlax|Body Slam|p2a: Snorlax\n|-damage|p2a: Snorlax|88/100 slp\n|cant|p2a: Snorlax|slp\n|\n|upkeep\n|turn|13\n|\n|t:|1769915001\n|move|p1a: Snorlax|Body Slam|p2a: Snorlax\n|-damage|p2a: Snorlax|74/100 slp\n|-curestatus|p2a: Snorlax|slp|[msg]\n|\n|upkeep\n|turn|14\n|\n|t:|1769915004\n|move|p1a: Snorlax|Body Slam|p2a: Snorlax\n|-damage|p2a: Snorlax|59/100\n|move|p2a: Snorlax|Reflect|p2a: Snorlax\n|-fail|p2a: Snorlax\n|\n|upkeep\n|turn|15\n|\n|t:|1769915008\n|switch|p1a: Zapdos|Zapdos|100/100\n|move|p2a: Snorlax|Rest|p2a: Snorlax\n|-status|p2a: Snorlax|slp|[from] move: Rest\n|-heal|p2a: Snorlax|100/100 slp|[silent]\n|\n|upkeep\n|turn|16\n|\n|t:|1769915019\n|switch|p2a: Rhydon|Rhydon|100/100\n|move|p1a: Zapdos|Thunderbolt|p2a: Rhydon\n|-immune|p2a: Rhydon\n|\n|upkeep\n|turn|17\n|\n|t:|1769915031\n|switch|p1a: Exeggutor|Exeggutor|100/100 slp\n|move|p2a: Rhydon|Earthquake|p1a: Exeggutor\n|-resisted|p1a: Exeggutor\n|-damage|p1a: Exeggutor|80/100 slp\n|\n|upkeep\n|turn|18\n|\n|t:|1769915035\n|cant|p1a: Exeggutor|slp\n|move|p2a: Rhydon|Rock Slide|p1a: Exeggutor\n|-damage|p1a: Exeggutor|50/100 slp\n|\n|upkeep\n|turn|19\n|\n|t:|1769915049\n|switch|p1a: Tauros|Tauros|100/100\n|move|p2a: Rhydon|Rock Slide|p1a: Tauros\n|-damage|p1a: Tauros|68/100\n|\n|upkeep\n|turn|20\n|inactive|Girls See Ghosts has 270 seconds left.\n|inactive|Girls See Ghosts has 240 seconds left.\n|inactive|Isza has 270 seconds left.\n|inactive|Girls See Ghosts has 210 seconds left.\n|inactive|Girls See Ghosts has 180 seconds left.\n|\n|t:|1769915186\n|switch|p2a: Jynx|Jynx|70/100\n|move|p1a: Tauros|Blizzard|p2a: Jynx\n|-resisted|p2a: Jynx\n|-damage|p2a: Jynx|59/100\n|\n|upkeep\n|turn|21\n|\n|t:|1769915194\n|switch|p2a: Starmie|Starmie|85/100 slp\n|move|p1a: Tauros|Hyper Beam|p2a: Starmie|[miss]\n|-miss|p1a: Tauros\n|\n|upkeep\n|turn|22\n|\n|t:|1769915202\n|cant|p2a: Starmie|slp\n|move|p1a: Tauros|Body Slam|p2a: Starmie\n|-crit|p2a: Starmie\n|-damage|p2a: Starmie|22/100 slp\n|\n|upkeep\n|turn|23\n|inactive|Girls See Ghosts has 180 seconds left.\n|\n|t:|1769915209\n|cant|p2a: Starmie|slp\n|move|p1a: Tauros|Body Slam|p2a: Starmie\n|-damage|p2a: Starmie|0 fnt\n|faint|p2a: Starmie\n|\n|t:|1769915212\n|switch|p2a: Tauros|Tauros|100/100\n|turn|24\n|\n|t:|1769915224\n|move|p2a: Tauros|Body Slam|p1a: Tauros\n|-damage|p1a: Tauros|38/100\n|move|p1a: Tauros|Body Slam|p2a: Tauros\n|-damage|p2a: Tauros|73/100\n|\n|upkeep\n|turn|25\n|\n|t:|1769915235\n|switch|p1a: Snorlax|Snorlax|73/100\n|move|p2a: Tauros|Body Slam|p1a: Snorlax\n|-crit|p1a: Snorlax\n|-damage|p1a: Snorlax|24/100\n|\n|upkeep\n|turn|26\n|inactive|Girls See Ghosts has 180 seconds left.\n|inactive|Isza has 270 seconds left.\n|\n|t:|1769915277\n|switch|p1a: Zapdos|Zapdos|100/100\n|move|p2a: Tauros|Body Slam|p1a: Zapdos\n|-crit|p1a: Zapdos\n|-damage|p1a: Zapdos|45/100\n|\n|upkeep\n|turn|27\n|inactive|Isza has 270 seconds left.\n|inactive|Girls See Ghosts has 180 seconds left.\n|\n|t:|1769915305\n|switch|p2a: Rhydon|Rhydon|100/100\n|switch|p1a: Chansey|Chansey|81/100\n|\n|upkeep\n|turn|28\n|\n|t:|1769915325\n|switch|p2a: Chansey|Chansey|100/100 par\n|move|p1a: Chansey|Sing|p2a: Chansey\n|-fail|p2a: Chansey\n|\n|upkeep\n|turn|29\n|\n|t:|1769915333\n|move|p1a: Chansey|Seismic Toss|p2a: Chansey\n|-damage|p2a: Chansey|86/100 par\n|move|p2a: Chansey|Thunder Wave|p1a: Chansey\n|-status|p1a: Chansey|par\n|\n|upkeep\n|turn|30\n|\n|t:|1769915338\n|switch|p1a: Snorlax|Snorlax|24/100\n|move|p2a: Chansey|Ice Beam|p1a: Snorlax\n|-damage|p1a: Snorlax|5/100\n|\n|upkeep\n|turn|31\n|\n|t:|1769915347\n|switch|p2a: Rhydon|Rhydon|100/100\n|move|p1a: Snorlax|Body Slam|p2a: Rhydon\n|-resisted|p2a: Rhydon\n|-damage|p2a: Rhydon|89/100\n|\n|upkeep\n|turn|32\n|\n|t:|1769915354\n|switch|p1a: Exeggutor|Exeggutor|50/100 slp\n|move|p2a: Rhydon|Earthquake|p1a: Exeggutor\n|-resisted|p1a: Exeggutor\n|-damage|p1a: Exeggutor|30/100 slp\n|\n|upkeep\n|turn|33\n|\n|t:|1769915359\n|cant|p1a: Exeggutor|slp\n|move|p2a: Rhydon|Earthquake|p1a: Exeggutor\n|-resisted|p1a: Exeggutor\n|-damage|p1a: Exeggutor|12/100 slp\n|\n|upkeep\n|turn|34\n|\n|t:|1769915361\n|cant|p1a: Exeggutor|slp\n|move|p2a: Rhydon|Earthquake|p1a: Exeggutor\n|-resisted|p1a: Exeggutor\n|-damage|p1a: Exeggutor|0 fnt\n|faint|p1a: Exeggutor\n|\n|t:|1769915365\n|switch|p1a: Tauros|Tauros|38/100\n|turn|35\n|inactive|Girls See Ghosts has 210 seconds left.\n|inactive|Girls See Ghosts has 180 seconds left.\n|\n|t:|1769915418\n|switch|p2a: Jynx|Jynx|59/100\n|move|p1a: Tauros|Blizzard|p2a: Jynx\n|-crit|p2a: Jynx\n|-resisted|p2a: Jynx\n|-damage|p2a: Jynx|37/100\n|\n|upkeep\n|turn|36\n|\n|t:|1769915422\n|move|p1a: Tauros|Body Slam|p2a: Jynx\n|-damage|p2a: Jynx|0 fnt\n|faint|p2a: Jynx\n|\n|t:|1769915424\n|switch|p2a: Tauros|Tauros|73/100\n|turn|37\n|inactive|Isza has 270 seconds left.\n|inactive|Isza has 240 seconds left.\n|inactive|Isza has 210 seconds left.\n|\n|t:|1769915527\n|switch|p1a: Chansey|Chansey|81/100 par\n|move|p2a: Tauros|Hyper Beam|p1a: Chansey\n|-damage|p1a: Chansey|9/100 par\n|-mustrecharge|p2a: Tauros\n|\n|upkeep\n|turn|38\n|\n|t:|1769915534\n|cant|p2a: Tauros|recharge\n|move|p1a: Chansey|Thunder Wave|p2a: Tauros\n|-status|p2a: Tauros|par\n|\n|upkeep\n|turn|39\n|inactive|Isza has 210 seconds left.\n|inactive|Isza has 180 seconds left.\n|inactive|Isza has 150 seconds left.\n|\n|t:|1769915626\n|move|p2a: Tauros|Body Slam|p1a: Chansey\n|-crit|p1a: Chansey\n|-damage|p1a: Chansey|0 fnt\n|faint|p1a: Chansey\n|\n|t:|1769915629\n|switch|p1a: Zapdos|Zapdos|45/100\n|turn|40\n|inactive|Girls See Ghosts has 210 seconds left.\n|\n|t:|1769915647\n|move|p1a: Zapdos|Drill Peck|p2a: Tauros\n|-damage|p2a: Tauros|47/100 par\n|move|p2a: Tauros|Earthquake|p1a: Zapdos\n|-immune|p1a: Zapdos\n|\n|upkeep\n|turn|41\n|\n|t:|1769915656\n|move|p1a: Zapdos|Thunderbolt|p2a: Tauros\n|-damage|p2a: Tauros|3/100 par\n|move|p2a: Tauros|Earthquake|p1a: Zapdos\n|-immune|p1a: Zapdos\n|\n|upkeep\n|turn|42\n|inactive|Isza has 150 seconds left.\n|inactive|Girls See Ghosts has 210 seconds left.\n|\n|t:|1769915673\n|switch|p1a: Tauros|Tauros|38/100\n|cant|p2a: Tauros|par\n|\n|upkeep\n|turn|43\n|\n|t:|1769915679\n|move|p1a: Tauros|Body Slam|p2a: Tauros\n|-damage|p2a: Tauros|0 fnt\n|faint|p2a: Tauros\n|inactive|Girls See Ghosts has 210 seconds left.\n|\n|t:|1769915714\n|switch|p2a: Chansey|Chansey|86/100 par\n|turn|44\n|inactive|Isza has 150 seconds left.\n|\n|t:|1769915749\n|switch|p1a: Snorlax|Snorlax|5/100\n|cant|p2a: Chansey|par\n|\n|upkeep\n|turn|45\n|\n|t:|1769915762\n|switch|p2a: Rhydon|Rhydon|89/100\n|move|p1a: Snorlax|Self-Destruct|p2a: Rhydon\n|-resisted|p2a: Rhydon\n|-damage|p2a: Rhydon|54/100\n|faint|p1a: Snorlax\n|\n|t:|1769915769\n|switch|p1a: Tauros|Tauros|38/100\n|turn|46\n|\n|t:|1769915780\n|switch|p2a: Snorlax|Snorlax|100/100 slp\n|move|p1a: Tauros|Blizzard|p2a: Snorlax\n|-crit|p2a: Snorlax\n|-damage|p2a: Snorlax|65/100 slp\n|\n|upkeep\n|turn|47\n|inactive|Isza has 150 seconds left.\n|\n|t:|1769915787\n|move|p1a: Tauros|Body Slam|p2a: Snorlax\n|-crit|p2a: Snorlax\n|-damage|p2a: Snorlax|18/100 slp\n|cant|p2a: Snorlax|slp\n|\n|upkeep\n|turn|48\n|\n|t:|1769915793\n|move|p1a: Tauros|Body Slam|p2a: Snorlax\n|-damage|p2a: Snorlax|0 fnt\n|faint|p2a: Snorlax\n|\n|t:|1769915795\n|switch|p2a: Chansey|Chansey|86/100 par\n|turn|49\n|\n|t:|1769915812\n|switch|p1a: Zapdos|Zapdos|45/100\n|move|p2a: Chansey|Thunder Wave|p1a: Zapdos\n|-status|p1a: Zapdos|par\n|\n|upkeep\n|turn|50\n|inactive|Isza has 150 seconds left.\n|\n|t:|1769915845\n|move|p1a: Zapdos|Drill Peck|p2a: Chansey\n|-damage|p2a: Chansey|50/100 par\n|move|p2a: Chansey|Thunder Wave|p1a: Zapdos\n|-fail|p1a: Zapdos|par\n|\n|upkeep\n|turn|51\n|\n|t:|1769915856\n|move|p1a: Zapdos|Drill Peck|p2a: Chansey\n|-crit|p2a: Chansey\n|-damage|p2a: Chansey|0 fnt\n|faint|p2a: Chansey\n|\n|t:|1769915859\n|switch|p2a: Rhydon|Rhydon|54/100\n|turn|52\n|\n|t:|1769915862\n|move|p2a: Rhydon|Substitute|p2a: Rhydon\n|-start|p2a: Rhydon|Substitute\n|-damage|p2a: Rhydon|29/100\n|cant|p1a: Zapdos|par\n|\n|upkeep\n|turn|53\n|\n|t:|1769915866\n|move|p2a: Rhydon|Rock Slide|p1a: Zapdos|[miss]\n|-miss|p2a: Rhydon\n|move|p1a: Zapdos|Agility|p1a: Zapdos\n|-boost|p1a: Zapdos|spe|2\n|\n|upkeep\n|turn|54\n|\n|t:|1769915871\n|move|p1a: Zapdos|Drill Peck|p2a: Rhydon\n|-resisted|p2a: Rhydon\n|-activate|p2a: Rhydon|Substitute|[damage]\n|move|p2a: Rhydon|Rock Slide|p1a: Zapdos\n|-supereffective|p1a: Zapdos\n|-damage|p1a: Zapdos|0 fnt\n|faint|p1a: Zapdos\n|\n|t:|1769915874\n|switch|p1a: Tauros|Tauros|38/100\n|turn|55\n|\n|t:|1769915876\n|move|p1a: Tauros|Blizzard|p2a: Rhydon\n|-supereffective|p2a: Rhydon\n|-end|p2a: Rhydon|Substitute\n|move|p2a: Rhydon|Earthquake|p1a: Tauros\n|-damage|p1a: Tauros|0 fnt\n|faint|p1a: Tauros\n|\n|win|Girls See Ghosts\n","uploadtime":1769915876,"views":"1079","formatid":"gen1ou","rating":null,"private":0,"password":null}