{"id":"smogtours-gen1ou-963746","format":"[Gen 1] OU","players":["Serpi n_n","1000papercranes"],"log":"|inactive|Battle timer is ON: inactive players will automatically lose when time's up.\n|t:|1786800795\n|gametype|singles\n|player|p1|Serpi n_n|#rbywc2023|\n|player|p2|1000papercranes|psychic-gen1rb|\n|gen|1\n|tier|[Gen 1] OU\n|rule|Desync Clause Mod: Desyncs resolve to link battle behavior from the acting player's perspective.\n|rule|HP Percentage Mod: HP is shown in percentages\n|rule|Endless Battle Clause: Forcing endless battles is banned\n|rule|Sleep Clause Mod: Limit one foe put to sleep\n|rule|Freeze Clause Mod: Limit one foe frozen\n|rule|Species Clause: Limit one of each Pokémon\n|rule|OHKO Clause: OHKO moves are banned\n|rule|Evasion Moves Clause: Evasion moves are banned\n|\n|t:|1786800795\n|teamsize|p1|6\n|teamsize|p2|6\n|start\n|switch|p1a: Jynx|Jynx|100/100\n|switch|p2a: Gengar|Gengar|100/100\n|turn|1\n|c|☆Serpi n_n|hf\n|c|☆1000papercranes|Gl Hf\n|\n|t:|1786800810\n|move|p2a: Gengar|Explosion|p1a: Jynx\n|-damage|p1a: Jynx|0 fnt\n|faint|p1a: Jynx\n|faint|p2a: Gengar\n|inactive|Serpi n_n has 270 seconds left.\n|\n|t:|1786800858\n|switch|p2a: Exeggutor|Exeggutor|100/100\n|switch|p1a: Tauros|Tauros|100/100\n|turn|2\n|\n|t:|1786800866\n|move|p1a: Tauros|Blizzard|p2a: Exeggutor\n|-supereffective|p2a: Exeggutor\n|-damage|p2a: Exeggutor|67/100\n|move|p2a: Exeggutor|Sleep Powder|p1a: Tauros\n|-status|p1a: Tauros|slp|[from] move: Sleep Powder\n|\n|upkeep\n|turn|3\n|\n|t:|1786800874\n|cant|p1a: Tauros|slp\n|move|p2a: Exeggutor|Psychic|p1a: Tauros\n|-damage|p1a: Tauros|54/100 slp\n|\n|upkeep\n|turn|4\n|inactive|Serpi n_n has 270 seconds left.\n|\n|t:|1786800905\n|switch|p1a: Starmie|Starmie|100/100\n|move|p2a: Exeggutor|Psychic|p1a: Starmie\n|-resisted|p1a: Starmie\n|-damage|p1a: Starmie|81/100\n|\n|upkeep\n|turn|5\n|\n|t:|1786800916\n|move|p1a: Starmie|Blizzard|p2a: Exeggutor\n|-crit|p2a: Exeggutor\n|-supereffective|p2a: Exeggutor\n|-damage|p2a: Exeggutor|0 fnt\n|faint|p2a: Exeggutor\n|\n|t:|1786800920\n|switch|p2a: Alakazam|Alakazam|100/100\n|turn|6\n|\n|t:|1786800928\n|switch|p1a: Tauros|Tauros|54/100 slp\n|move|p2a: Alakazam|Thunder Wave|p1a: Tauros\n|-fail|p1a: Tauros\n|\n|upkeep\n|turn|7\n|\n|t:|1786800934\n|switch|p1a: Exeggutor|Exeggutor|100/100\n|move|p2a: Alakazam|Psychic|p1a: Exeggutor\n|-resisted|p1a: Exeggutor\n|-damage|p1a: Exeggutor|87/100\n|\n|upkeep\n|turn|8\n|\n|t:|1786800940\n|switch|p2a: Rhydon|Rhydon|100/100\n|move|p1a: Exeggutor|Sleep Powder|p2a: Rhydon\n|-status|p2a: Rhydon|slp|[from] move: Sleep Powder\n|\n|upkeep\n|turn|9\n|\n|t:|1786800943\n|switch|p2a: Chansey|Chansey|100/100\n|move|p1a: Exeggutor|Stun Spore|p2a: Chansey\n|-status|p2a: Chansey|par\n|\n|upkeep\n|turn|10\n|inactive|Serpi n_n has 270 seconds left.\n|inactive|Serpi n_n has 240 seconds left.\n|inactive|Serpi n_n has 210 seconds left.\n|\n|t:|1786801053\n|move|p1a: Exeggutor|Explosion|p2a: Chansey\n|-damage|p2a: Chansey|0 fnt\n|faint|p2a: Chansey\n|faint|p1a: Exeggutor\n|\n|t:|1786801064\n|switch|p1a: Starmie|Starmie|81/100\n|switch|p2a: Tauros|Tauros|100/100\n|turn|11\n|\n|t:|1786801067\n|switch|p2a: Alakazam|Alakazam|100/100\n|move|p1a: Starmie|Thunder Wave|p2a: Alakazam\n|-status|p2a: Alakazam|par\n|\n|upkeep\n|turn|12\n|inactive|Serpi n_n has 210 seconds left.\n|\n|t:|1786801078\n|switch|p1a: Tauros|Tauros|54/100 slp\n|cant|p2a: Alakazam|par\n|\n|upkeep\n|turn|13\n|inactive|Serpi n_n has 210 seconds left.\n|\n|t:|1786801109\n|switch|p1a: Starmie|Starmie|81/100\n|move|p2a: Alakazam|Psychic|p1a: Starmie\n|-resisted|p1a: Starmie\n|-damage|p1a: Starmie|61/100\n|-unboost|p1a: Starmie|spa|1\n|-unboost|p1a: Starmie|spd|1\n|\n|upkeep\n|turn|14\n|inactive|Serpi n_n has 180 seconds left.\n|\n|t:|1786801143\n|switch|p1a: Tauros|Tauros|54/100 slp\n|move|p2a: Alakazam|Thunder Wave|p1a: Tauros\n|-fail|p1a: Tauros\n|\n|upkeep\n|turn|15\n|\n|t:|1786801147\n|cant|p1a: Tauros|slp\n|move|p2a: Alakazam|Psychic|p1a: Tauros\n|-damage|p1a: Tauros|6/100 slp\n|-unboost|p1a: Tauros|spa|1\n|-unboost|p1a: Tauros|spd|1\n|\n|upkeep\n|turn|16\n|\n|t:|1786801151\n|cant|p1a: Tauros|slp\n|move|p2a: Alakazam|Seismic Toss|p1a: Tauros\n|-damage|p1a: Tauros|0 fnt\n|faint|p1a: Tauros\n|\n|t:|1786801154\n|switch|p1a: Snorlax|Snorlax|100/100\n|turn|17\n|\n|t:|1786801163\n|switch|p2a: Rhydon|Rhydon|100/100 slp\n|move|p1a: Snorlax|Body Slam|p2a: Rhydon\n|-resisted|p2a: Rhydon\n|-damage|p2a: Rhydon|89/100 slp\n|\n|upkeep\n|turn|18\n|\n|t:|1786801166\n|cant|p2a: Rhydon|slp\n|move|p1a: Snorlax|Earthquake|p2a: Rhydon\n|-supereffective|p2a: Rhydon\n|-damage|p2a: Rhydon|53/100 slp\n|\n|upkeep\n|turn|19\n|\n|t:|1786801172\n|cant|p2a: Rhydon|slp\n|move|p1a: Snorlax|Earthquake|p2a: Rhydon\n|-supereffective|p2a: Rhydon\n|-damage|p2a: Rhydon|15/100 slp\n|\n|upkeep\n|turn|20\n|\n|t:|1786801179\n|cant|p2a: Rhydon|slp\n|move|p1a: Snorlax|Earthquake|p2a: Rhydon\n|-supereffective|p2a: Rhydon\n|-damage|p2a: Rhydon|0 fnt\n|faint|p2a: Rhydon\n|\n|t:|1786801183\n|switch|p2a: Tauros|Tauros|100/100\n|turn|21\n|inactive|Serpi n_n has 240 seconds left.\n|\n|t:|1786801202\n|move|p2a: Tauros|Body Slam|p1a: Snorlax\n|-damage|p1a: Snorlax|77/100\n|move|p1a: Snorlax|Body Slam|p2a: Tauros\n|-damage|p2a: Tauros|71/100\n|\n|upkeep\n|turn|22\n|inactive|Serpi n_n has 240 seconds left.\n|inactive|Serpi n_n has 210 seconds left.\n|\n|t:|1786801247\n|move|p2a: Tauros|Body Slam|p1a: Snorlax\n|-damage|p1a: Snorlax|54/100\n|move|p1a: Snorlax|Body Slam|p2a: Tauros\n|-damage|p2a: Tauros|42/100\n|\n|upkeep\n|turn|23\n|\n|t:|1786801256\n|switch|p1a: Starmie|Starmie|61/100\n|move|p2a: Tauros|Hyper Beam|p1a: Starmie\n|-damage|p1a: Starmie|4/100\n|-mustrecharge|p2a: Tauros\n|\n|upkeep\n|turn|24\n|inactive|Serpi n_n has 210 seconds left.\n|\n|t:|1786801267\n|move|p1a: Starmie|Thunderbolt|p2a: Tauros\n|-damage|p2a: Tauros|16/100\n|cant|p2a: Tauros|recharge\n|\n|upkeep\n|turn|25\n|\n|t:|1786801270\n|switch|p2a: Alakazam|Alakazam|100/100 par\n|move|p1a: Starmie|Thunderbolt|p2a: Alakazam\n|-crit|p2a: Alakazam\n|-damage|p2a: Alakazam|64/100 par\n|\n|upkeep\n|turn|26\n|inactive|Serpi n_n has 210 seconds left.\n|\n|t:|1786801299\n|switch|p1a: Snorlax|Snorlax|54/100\n|move|p2a: Alakazam|Thunder Wave|p1a: Snorlax\n|-status|p1a: Snorlax|par\n|\n|upkeep\n|turn|27\n|inactive|Serpi n_n has 180 seconds left.\n|\n|t:|1786801335\n|switch|p2a: Tauros|Tauros|16/100\n|move|p1a: Snorlax|Body Slam|p2a: Tauros\n|-damage|p2a: Tauros|0 fnt\n|faint|p2a: Tauros\n|\n|t:|1786801339\n|switch|p2a: Alakazam|Alakazam|64/100 par\n|turn|28\n|\n|t:|1786801341\n|move|p2a: Alakazam|Psychic|p1a: Snorlax\n|-damage|p1a: Snorlax|21/100 par\n|move|p1a: Snorlax|Self-Destruct|p2a: Alakazam\n|-damage|p2a: Alakazam|0 fnt\n|faint|p2a: Alakazam\n|faint|p1a: Snorlax\n|\n|win|Serpi n_n\n","uploadtime":1786801341,"views":"92","formatid":"gen1ou","rating":null,"private":0,"password":null}