{"id":"smogtours-gen1ou-946169","format":"[Gen 1] OU","players":["Frrf","zugubu royale"],"log":"|inactive|Battle timer is ON: inactive players will automatically lose when time's up.\n|t:|1781379640\n|gametype|singles\n|player|p1|Frrf|#rbyplivglacialarticunos|\n|player|p2|zugubu royale|2|\n|gen|1\n|tier|[Gen 1] OU\n|rule|Desync Clause Mod: Desyncs changed to move failure.\n|rule|HP Percentage Mod: HP is shown in percentages\n|rule|Endless Battle Clause: Forcing endless battles is banned\n|rule|Sleep Clause Mod: Limit one foe put to sleep\n|rule|Freeze Clause Mod: Limit one foe frozen\n|rule|Species Clause: Limit one of each Pokémon\n|rule|OHKO Clause: OHKO moves are banned\n|rule|Evasion Moves Clause: Evasion moves are banned\n|\n|t:|1781379640\n|teamsize|p1|6\n|teamsize|p2|6\n|start\n|switch|p1a: Starmie|Starmie|100/100\n|switch|p2a: Jynx|Jynx|100/100\n|turn|1\n|c|☆Frrf|hf\n|\n|t:|1781379647\n|move|p1a: Starmie|Thunder Wave|p2a: Jynx\n|-status|p2a: Jynx|par\n|cant|p2a: Jynx|par\n|\n|upkeep\n|turn|2\n|c|☆zugubu royale|u2\n|c|☆zugubu royale|/log zugubu royale made the replay of this battle unlisted.\n|\n|t:|1781379654\n|move|p1a: Starmie|Surf|p2a: Jynx\n|-damage|p2a: Jynx|65/100 par\n|cant|p2a: Jynx|par\n|\n|upkeep\n|turn|3\n|\n|t:|1781379657\n|move|p1a: Starmie|Surf|p2a: Jynx\n|-damage|p2a: Jynx|32/100 par\n|move|p2a: Jynx|Lovely Kiss|p1a: Starmie\n|-status|p1a: Starmie|slp|[from] move: Lovely Kiss\n|\n|upkeep\n|turn|4\n|\n|t:|1781379667\n|switch|p2a: Tauros|Tauros|100/100\n|cant|p1a: Starmie|slp\n|\n|upkeep\n|turn|5\n|\n|t:|1781379670\n|switch|p1a: Exeggutor|Exeggutor|100/100\n|move|p2a: Tauros|Body Slam|p1a: Exeggutor\n|-damage|p1a: Exeggutor|74/100\n|\n|upkeep\n|turn|6\n|inactive|zugubu royale has 270 seconds left.\n|\n|t:|1781379700\n|switch|p2a: Exeggutor|Exeggutor|100/100\n|move|p1a: Exeggutor|Psychic|p2a: Exeggutor\n|-resisted|p2a: Exeggutor\n|-damage|p2a: Exeggutor|88/100\n|-unboost|p2a: Exeggutor|spa|1\n|-unboost|p2a: Exeggutor|spd|1\n|\n|upkeep\n|turn|7\n|\n|t:|1781379705\n|move|p1a: Exeggutor|Sleep Powder|p2a: Exeggutor\n|-status|p2a: Exeggutor|slp|[from] move: Sleep Powder\n|cant|p2a: Exeggutor|slp\n|\n|upkeep\n|turn|8\n|\n|t:|1781379712\n|cant|p2a: Exeggutor|slp\n|move|p1a: Exeggutor|Psychic|p2a: Exeggutor\n|-resisted|p2a: Exeggutor\n|-damage|p2a: Exeggutor|69/100 slp\n|-unboost|p2a: Exeggutor|spa|1\n|-unboost|p2a: Exeggutor|spd|1\n|\n|upkeep\n|turn|9\n|\n|t:|1781379718\n|switch|p2a: Alakazam|Alakazam|100/100\n|move|p1a: Exeggutor|Psychic|p2a: Alakazam\n|-resisted|p2a: Alakazam\n|-damage|p2a: Alakazam|84/100\n|\n|upkeep\n|turn|10\n|\n|t:|1781379723\n|switch|p1a: Chansey|Chansey|100/100\n|move|p2a: Alakazam|Thunder Wave|p1a: Chansey\n|-status|p1a: Chansey|par\n|\n|upkeep\n|turn|11\n|\n|t:|1781379732\n|switch|p2a: Jynx|Jynx|32/100 par\n|cant|p1a: Chansey|par\n|\n|upkeep\n|turn|12\n|\n|t:|1781379735\n|switch|p1a: Tauros|Tauros|100/100\n|move|p2a: Jynx|Rest|p2a: Jynx\n|-status|p2a: Jynx|slp|[from] move: Rest\n|-heal|p2a: Jynx|100/100 slp|[silent]\n|\n|upkeep\n|turn|13\n|\n|t:|1781379742\n|switch|p2a: Cloyster|Cloyster|100/100\n|move|p1a: Tauros|Body Slam|p2a: Cloyster\n|-damage|p2a: Cloyster|77/100\n|-status|p2a: Cloyster|par\n|\n|upkeep\n|turn|14\n|\n|t:|1781379748\n|switch|p1a: Chansey|Chansey|100/100 par\n|move|p2a: Cloyster|Blizzard|p1a: Chansey|[miss]\n|-miss|p2a: Cloyster\n|\n|upkeep\n|turn|15\n|\n|t:|1781379755\n|switch|p2a: Jynx|Jynx|100/100 slp\n|move|p1a: Chansey|Thunderbolt|p2a: Jynx\n|-damage|p2a: Jynx|76/100 slp\n|\n|upkeep\n|turn|16\n|\n|t:|1781379761\n|switch|p2a: Tauros|Tauros|100/100\n|switch|p1a: Tauros|Tauros|100/100\n|\n|upkeep\n|turn|17\n|\n|t:|1781379763\n|move|p1a: Tauros|Body Slam|p2a: Tauros\n|-damage|p2a: Tauros|72/100\n|move|p2a: Tauros|Body Slam|p1a: Tauros\n|-damage|p1a: Tauros|71/100\n|\n|upkeep\n|turn|18\n|\n|t:|1781379765\n|move|p2a: Tauros|Body Slam|p1a: Tauros\n|-crit|p1a: Tauros\n|-damage|p1a: Tauros|10/100\n|move|p1a: Tauros|Body Slam|p2a: Tauros\n|-damage|p2a: Tauros|41/100\n|\n|upkeep\n|turn|19\n|\n|t:|1781379781\n|switch|p1a: Alakazam|Alakazam|100/100\n|switch|p2a: Cloyster|Cloyster|77/100 par\n|\n|upkeep\n|turn|20\n|\n|t:|1781379792\n|switch|p2a: Alakazam|Alakazam|84/100\n|move|p1a: Alakazam|Seismic Toss|p2a: Alakazam\n|-damage|p2a: Alakazam|52/100\n|\n|upkeep\n|turn|21\n|\n|t:|1781379794\n|move|p1a: Alakazam|Thunder Wave|p2a: Alakazam\n|-status|p2a: Alakazam|par\n|move|p2a: Alakazam|Thunder Wave|p1a: Alakazam\n|-status|p1a: Alakazam|par\n|\n|upkeep\n|turn|22\n|\n|t:|1781379799\n|move|p1a: Alakazam|Seismic Toss|p2a: Alakazam\n|-damage|p2a: Alakazam|20/100 par\n|cant|p2a: Alakazam|par\n|\n|upkeep\n|turn|23\n|\n|t:|1781379805\n|switch|p2a: Exeggutor|Exeggutor|69/100 slp\n|move|p1a: Alakazam|Seismic Toss|p2a: Exeggutor\n|-damage|p2a: Exeggutor|43/100 slp\n|\n|upkeep\n|turn|24\n|\n|t:|1781379807\n|cant|p2a: Exeggutor|slp\n|move|p1a: Alakazam|Seismic Toss|p2a: Exeggutor\n|-damage|p2a: Exeggutor|18/100 slp\n|\n|upkeep\n|turn|25\n|\n|t:|1781379809\n|cant|p2a: Exeggutor|slp\n|cant|p1a: Alakazam|par\n|\n|upkeep\n|turn|26\n|\n|t:|1781379813\n|switch|p2a: Snorlax|Snorlax|100/100\n|cant|p1a: Alakazam|par\n|\n|upkeep\n|turn|27\n|\n|t:|1781379817\n|switch|p1a: Snorlax|Snorlax|100/100\n|move|p2a: Snorlax|Body Slam|p1a: Snorlax\n|-damage|p1a: Snorlax|76/100\n|\n|upkeep\n|turn|28\n|\n|t:|1781379819\n|move|p2a: Snorlax|Reflect|p2a: Snorlax\n|-start|p2a: Snorlax|Reflect\n|move|p1a: Snorlax|Body Slam|p2a: Snorlax\n|-damage|p2a: Snorlax|87/100\n|\n|upkeep\n|turn|29\n|\n|t:|1781379821\n|move|p1a: Snorlax|Reflect|p1a: Snorlax\n|-start|p1a: Snorlax|Reflect\n|move|p2a: Snorlax|Body Slam|p1a: Snorlax\n|-damage|p1a: Snorlax|62/100\n|\n|upkeep\n|turn|30\n|\n|t:|1781379823\n|move|p2a: Snorlax|Body Slam|p1a: Snorlax\n|-damage|p1a: Snorlax|50/100\n|move|p1a: Snorlax|Body Slam|p2a: Snorlax\n|-damage|p2a: Snorlax|73/100\n|\n|upkeep\n|turn|31\n|\n|t:|1781379825\n|move|p1a: Snorlax|Body Slam|p2a: Snorlax\n|-damage|p2a: Snorlax|59/100\n|move|p2a: Snorlax|Body Slam|p1a: Snorlax\n|-damage|p1a: Snorlax|36/100\n|\n|upkeep\n|turn|32\n|\n|t:|1781379827\n|move|p2a: Snorlax|Body Slam|p1a: Snorlax\n|-damage|p1a: Snorlax|22/100\n|move|p1a: Snorlax|Body Slam|p2a: Snorlax\n|-damage|p2a: Snorlax|46/100\n|\n|upkeep\n|turn|33\n|\n|t:|1781379829\n|move|p1a: Snorlax|Body Slam|p2a: Snorlax\n|-damage|p2a: Snorlax|34/100\n|move|p2a: Snorlax|Body Slam|p1a: Snorlax\n|-damage|p1a: Snorlax|9/100\n|\n|upkeep\n|turn|34\n|\n|t:|1781379832\n|move|p1a: Snorlax|Rest|p1a: Snorlax\n|-status|p1a: Snorlax|slp|[from] move: Rest\n|-heal|p1a: Snorlax|100/100 slp|[silent]\n|move|p2a: Snorlax|Rest|p2a: Snorlax\n|-status|p2a: Snorlax|slp|[from] move: Rest\n|-heal|p2a: Snorlax|100/100 slp|[silent]\n|\n|upkeep\n|turn|35\n|\n|t:|1781379833\n|cant|p1a: Snorlax|slp\n|cant|p2a: Snorlax|slp\n|\n|upkeep\n|turn|36\n|\n|t:|1781379835\n|-curestatus|p1a: Snorlax|slp|[msg]\n|-curestatus|p2a: Snorlax|slp|[msg]\n|\n|upkeep\n|turn|37\n|\n|t:|1781379836\n|move|p1a: Snorlax|Body Slam|p2a: Snorlax\n|-damage|p2a: Snorlax|87/100\n|move|p2a: Snorlax|Body Slam|p1a: Snorlax\n|-damage|p1a: Snorlax|87/100\n|\n|upkeep\n|turn|38\n|\n|t:|1781379838\n|move|p1a: Snorlax|Body Slam|p2a: Snorlax\n|-damage|p2a: Snorlax|74/100\n|move|p2a: Snorlax|Body Slam|p1a: Snorlax\n|-damage|p1a: Snorlax|73/100\n|\n|upkeep\n|turn|39\n|\n|t:|1781379840\n|move|p1a: Snorlax|Body Slam|p2a: Snorlax\n|-damage|p2a: Snorlax|60/100\n|move|p2a: Snorlax|Body Slam|p1a: Snorlax\n|-damage|p1a: Snorlax|60/100\n|\n|upkeep\n|turn|40\n|\n|t:|1781379841\n|move|p1a: Snorlax|Body Slam|p2a: Snorlax\n|-damage|p2a: Snorlax|46/100\n|move|p2a: Snorlax|Body Slam|p1a: Snorlax\n|-damage|p1a: Snorlax|47/100\n|\n|upkeep\n|turn|41\n|\n|t:|1781379843\n|move|p1a: Snorlax|Body Slam|p2a: Snorlax\n|-damage|p2a: Snorlax|34/100\n|move|p2a: Snorlax|Body Slam|p1a: Snorlax\n|-damage|p1a: Snorlax|33/100\n|\n|upkeep\n|turn|42\n|\n|t:|1781379845\n|move|p1a: Snorlax|Rest|p1a: Snorlax\n|-status|p1a: Snorlax|slp|[from] move: Rest\n|-heal|p1a: Snorlax|100/100 slp|[silent]\n|move|p2a: Snorlax|Body Slam|p1a: Snorlax\n|-damage|p1a: Snorlax|88/100 slp\n|\n|upkeep\n|turn|43\n|\n|t:|1781379848\n|cant|p1a: Snorlax|slp\n|move|p2a: Snorlax|Body Slam|p1a: Snorlax\n|-crit|p1a: Snorlax\n|-damage|p1a: Snorlax|38/100 slp\n|\n|upkeep\n|turn|44\n|\n|t:|1781379851\n|move|p2a: Snorlax|Body Slam|p1a: Snorlax\n|-crit|p1a: Snorlax\n|-damage|p1a: Snorlax|0 fnt\n|faint|p1a: Snorlax\n|\n|t:|1781379853\n|switch|p1a: Exeggutor|Exeggutor|74/100\n|turn|45\n|\n|t:|1781379871\n|switch|p2a: Jynx|Jynx|76/100 slp\n|move|p1a: Exeggutor|Psychic|p2a: Jynx\n|-resisted|p2a: Jynx\n|-damage|p2a: Jynx|58/100 slp\n|\n|upkeep\n|turn|46\n|\n|t:|1781379874\n|cant|p2a: Jynx|slp\n|move|p1a: Exeggutor|Hyper Beam|p2a: Jynx\n|-damage|p2a: Jynx|1/100 slp\n|-mustrecharge|p1a: Exeggutor\n|\n|upkeep\n|turn|47\n|\n|t:|1781379880\n|-curestatus|p2a: Jynx|slp|[msg]\n|cant|p1a: Exeggutor|recharge\n|\n|upkeep\n|turn|48\n|\n|t:|1781379897\n|switch|p1a: Chansey|Chansey|100/100 par\n|move|p2a: Jynx|Rest|p2a: Jynx\n|-status|p2a: Jynx|slp|[from] move: Rest\n|-heal|p2a: Jynx|100/100 slp|[silent]\n|\n|upkeep\n|turn|49\n|\n|t:|1781379902\n|switch|p1a: Tauros|Tauros|10/100\n|cant|p2a: Jynx|slp\n|\n|upkeep\n|turn|50\n|\n|t:|1781379905\n|switch|p2a: Cloyster|Cloyster|77/100 par\n|move|p1a: Tauros|Body Slam|p2a: Cloyster\n|-crit|p2a: Cloyster\n|-damage|p2a: Cloyster|36/100 par\n|\n|upkeep\n|turn|51\n|\n|t:|1781379919\n|move|p1a: Tauros|Body Slam|p2a: Cloyster\n|-damage|p2a: Cloyster|13/100 par\n|cant|p2a: Cloyster|par\n|\n|upkeep\n|turn|52\n|\n|t:|1781379928\n|move|p1a: Tauros|Body Slam|p2a: Cloyster\n|-damage|p2a: Cloyster|0 fnt\n|faint|p2a: Cloyster\n|\n|t:|1781379930\n|switch|p2a: Tauros|Tauros|41/100\n|turn|53\n|\n|t:|1781379935\n|move|p2a: Tauros|Body Slam|p1a: Tauros\n|-crit|p1a: Tauros\n|-damage|p1a: Tauros|0 fnt\n|faint|p1a: Tauros\n|\n|t:|1781379939\n|switch|p1a: Exeggutor|Exeggutor|74/100\n|turn|54\n|\n|t:|1781379948\n|switch|p2a: Jynx|Jynx|100/100 slp\n|move|p1a: Exeggutor|Psychic|p2a: Jynx\n|-resisted|p2a: Jynx\n|-damage|p2a: Jynx|82/100 slp\n|\n|upkeep\n|turn|55\n|\n|t:|1781379952\n|-curestatus|p2a: Jynx|slp|[msg]\n|move|p1a: Exeggutor|Psychic|p2a: Jynx\n|-resisted|p2a: Jynx\n|-damage|p2a: Jynx|63/100\n|-unboost|p2a: Jynx|spa|1\n|-unboost|p2a: Jynx|spd|1\n|\n|upkeep\n|turn|56\n|\n|t:|1781379961\n|switch|p1a: Alakazam|Alakazam|100/100 par\n|move|p2a: Jynx|Blizzard|p1a: Alakazam\n|-damage|p1a: Alakazam|77/100 par\n|\n|upkeep\n|turn|57\n|\n|t:|1781379981\n|switch|p2a: Alakazam|Alakazam|20/100 par\n|move|p1a: Alakazam|Psychic|p2a: Alakazam\n|-resisted|p2a: Alakazam\n|-damage|p2a: Alakazam|4/100 par\n|\n|upkeep\n|turn|58\n|\n|t:|1781379984\n|move|p1a: Alakazam|Seismic Toss|p2a: Alakazam\n|-damage|p2a: Alakazam|0 fnt\n|faint|p2a: Alakazam\n|\n|t:|1781379987\n|switch|p2a: Tauros|Tauros|41/100\n|turn|59\n|\n|t:|1781379997\n|move|p2a: Tauros|Hyper Beam|p1a: Alakazam\n|-damage|p1a: Alakazam|0 fnt\n|faint|p1a: Alakazam\n|\n|t:|1781379999\n|switch|p1a: Exeggutor|Exeggutor|74/100\n|turn|60\n|\n|t:|1781380003\n|switch|p2a: Jynx|Jynx|63/100\n|move|p1a: Exeggutor|Psychic|p2a: Jynx\n|-resisted|p2a: Jynx\n|-damage|p2a: Jynx|45/100\n|-unboost|p2a: Jynx|spa|1\n|-unboost|p2a: Jynx|spd|1\n|\n|upkeep\n|turn|61\n|\n|t:|1781380008\n|move|p2a: Jynx|Blizzard|p1a: Exeggutor\n|-supereffective|p1a: Exeggutor\n|-damage|p1a: Exeggutor|37/100\n|move|p1a: Exeggutor|Psychic|p2a: Jynx\n|-resisted|p2a: Jynx\n|-damage|p2a: Jynx|16/100\n|-unboost|p2a: Jynx|spa|1\n|-unboost|p2a: Jynx|spd|1\n|\n|upkeep\n|turn|62\n|inactive|zugubu royale has 270 seconds left.\n|\n|t:|1781380040\n|move|p2a: Jynx|Blizzard|p1a: Exeggutor\n|-crit|p1a: Exeggutor\n|-supereffective|p1a: Exeggutor\n|-damage|p1a: Exeggutor|0 fnt\n|faint|p1a: Exeggutor\n|-message|Frrf forfeited.\n|\n|win|zugubu royale\n|player|p2|\n","uploadtime":1781380045,"views":"62","formatid":"gen1ou","rating":null,"private":2,"password":null}