{"id":"smogtours-gen1ou-913888","format":"[Gen 1] OU","players":["Ct0wn","isza"],"log":"|inactive|Battle timer is ON: inactive players will automatically lose when time's up.\n|t:|1772412357\n|gametype|singles\n|player|p1|Ct0wn|#splxviiclassiest2|\n|player|p2|isza|#mwpvimurkrows|\n|gen|1\n|tier|[Gen 1] OU\n|rule|Desync Clause Mod: Desyncs changed to move failure.\n|rule|Sleep Clause Mod: Limit one foe put to sleep\n|rule|Freeze Clause Mod: Limit one foe frozen\n|rule|Species Clause: Limit one of each Pokémon\n|rule|OHKO Clause: OHKO moves are banned\n|rule|Evasion Moves Clause: Evasion moves are banned\n|rule|Endless Battle Clause: Forcing endless battles is banned\n|rule|HP Percentage Mod: HP is shown in percentages\n|\n|t:|1772412357\n|teamsize|p1|6\n|teamsize|p2|6\n|start\n|switch|p1a: Alakazam|Alakazam|100/100\n|switch|p2a: No 3d.|Jynx|100/100\n|turn|1\n|c|☆isza|hf\n|c|☆Ct0wn|Hf\n|\n|t:|1772412370\n|move|p1a: Alakazam|Thunder Wave|p2a: No 3d.\n|-status|p2a: No 3d.|par\n|cant|p2a: No 3d.|par\n|\n|upkeep\n|turn|2\n|\n|t:|1772412376\n|move|p1a: Alakazam|Seismic Toss|p2a: No 3d.\n|-damage|p2a: No 3d.|70/100 par\n|move|p2a: No 3d.|Lovely Kiss|p1a: Alakazam\n|-status|p1a: Alakazam|slp|[from] move: Lovely Kiss\n|\n|upkeep\n|turn|3\n|\n|t:|1772412382\n|switch|p1a: Chansey|Chansey|100/100\n|move|p2a: No 3d.|Blizzard|p1a: Chansey\n|-damage|p1a: Chansey|81/100\n|-status|p1a: Chansey|frz\n|\n|upkeep\n|turn|4\n|\n|t:|1772412393\n|switch|p1a: Alakazam|Alakazam|100/100 slp\n|switch|p2a: Chansey|Chansey|100/100\n|\n|upkeep\n|turn|5\n|\n|t:|1772412399\n|cant|p1a: Alakazam|slp\n|move|p2a: Chansey|Ice Beam|p1a: Alakazam\n|-crit|p1a: Alakazam\n|-damage|p1a: Alakazam|60/100 slp\n|\n|upkeep\n|turn|6\n|\n|t:|1772412405\n|switch|p2a: Tauros|Tauros|100/100\n|cant|p1a: Alakazam|slp\n|\n|upkeep\n|turn|7\n|\n|t:|1772412408\n|switch|p1a: Snorlax|Snorlax|100/100\n|move|p2a: Tauros|Body Slam|p1a: Snorlax\n|-damage|p1a: Snorlax|77/100\n|\n|upkeep\n|turn|8\n|\n|t:|1772412435\n|move|p2a: Tauros|Body Slam|p1a: Snorlax\n|-damage|p1a: Snorlax|54/100\n|move|p1a: Snorlax|Body Slam|p2a: Tauros\n|-damage|p2a: Tauros|69/100\n|\n|upkeep\n|turn|9\n|\n|t:|1772412446\n|move|p2a: Tauros|Body Slam|p1a: Snorlax\n|-crit|p1a: Snorlax\n|-damage|p1a: Snorlax|6/100\n|move|p1a: Snorlax|Body Slam|p2a: Tauros\n|-crit|p2a: Tauros\n|-damage|p2a: Tauros|8/100\n|\n|upkeep\n|turn|10\n|\n|t:|1772412457\n|switch|p1a: Chansey|Chansey|81/100 frz\n|move|p2a: Tauros|Body Slam|p1a: Chansey\n|-damage|p1a: Chansey|43/100 frz\n|\n|upkeep\n|turn|11\n|\n|t:|1772412463\n|move|p2a: Tauros|Body Slam|p1a: Chansey\n|-crit|p1a: Chansey\n|-damage|p1a: Chansey|0 fnt\n|faint|p1a: Chansey\n|\n|t:|1772412466\n|switch|p1a: EG Tauros|Tauros|100/100\n|turn|12\n|\n|t:|1772412481\n|move|p1a: EG Tauros|Body Slam|p2a: Tauros\n|-damage|p2a: Tauros|0 fnt\n|faint|p2a: Tauros\n|\n|t:|1772412488\n|switch|p2a: Starmie|Starmie|100/100\n|turn|13\n|\n|t:|1772412501\n|switch|p1a: Alakazam|Alakazam|60/100 slp\n|move|p2a: Starmie|Psychic|p1a: Alakazam\n|-crit|p1a: Alakazam\n|-resisted|p1a: Alakazam\n|-damage|p1a: Alakazam|34/100 slp\n|-unboost|p1a: Alakazam|spa|1\n|-unboost|p1a: Alakazam|spd|1\n|\n|upkeep\n|turn|14\n|\n|t:|1772412508\n|cant|p1a: Alakazam|slp\n|move|p2a: Starmie|Psychic|p1a: Alakazam\n|-crit|p1a: Alakazam\n|-resisted|p1a: Alakazam\n|-damage|p1a: Alakazam|6/100 slp\n|\n|upkeep\n|turn|15\n|\n|t:|1772412515\n|switch|p1a: Exeggutor|Exeggutor|100/100\n|move|p2a: Starmie|Psychic|p1a: Exeggutor\n|-resisted|p1a: Exeggutor\n|-damage|p1a: Exeggutor|89/100\n|-unboost|p1a: Exeggutor|spa|1\n|-unboost|p1a: Exeggutor|spd|1\n|\n|upkeep\n|turn|16\n|\n|t:|1772412523\n|move|p2a: Starmie|Blizzard|p1a: Exeggutor\n|-crit|p1a: Exeggutor\n|-supereffective|p1a: Exeggutor\n|-damage|p1a: Exeggutor|13/100\n|move|p1a: Exeggutor|Sleep Powder|p2a: Starmie|[miss]\n|-miss|p1a: Exeggutor\n|\n|upkeep\n|turn|17\n|\n|t:|1772412527\n|switch|p1a: Alakazam|Alakazam|6/100 slp\n|move|p2a: Starmie|Psychic|p1a: Alakazam\n|-resisted|p1a: Alakazam\n|-damage|p1a: Alakazam|0 fnt\n|faint|p1a: Alakazam\n|\n|t:|1772412549\n|switch|p1a: Zapdos|Zapdos|100/100\n|turn|18\n|\n|t:|1772412570\n|move|p2a: Starmie|Thunder Wave|p1a: Zapdos\n|-status|p1a: Zapdos|par\n|move|p1a: Zapdos|Thunderbolt|p2a: Starmie\n|-supereffective|p2a: Starmie\n|-damage|p2a: Starmie|15/100\n|\n|upkeep\n|turn|19\n|\n|t:|1772412576\n|switch|p2a: Rhydon|Rhydon|100/100\n|move|p1a: Zapdos|Agility|p1a: Zapdos\n|-boost|p1a: Zapdos|spe|2\n|\n|upkeep\n|turn|20\n|\n|t:|1772412601\n|switch|p1a: Snorlax|Snorlax|6/100\n|move|p2a: Rhydon|Earthquake|p1a: Snorlax\n|-damage|p1a: Snorlax|0 fnt\n|faint|p1a: Snorlax\n|\n|t:|1772412603\n|switch|p1a: Exeggutor|Exeggutor|13/100\n|turn|21\n|\n|t:|1772412608\n|switch|p2a: No 3d.|Jynx|70/100 par\n|move|p1a: Exeggutor|Psychic|p2a: No 3d.\n|-resisted|p2a: No 3d.\n|-damage|p2a: No 3d.|51/100 par\n|\n|upkeep\n|turn|22\n|\n|t:|1772412612\n|move|p1a: Exeggutor|Hyper Beam|p2a: No 3d.\n|-damage|p2a: No 3d.|0 fnt\n|faint|p2a: No 3d.\n|\n|t:|1772412617\n|switch|p2a: Starmie|Starmie|15/100\n|turn|23\n|\n|t:|1772412638\n|switch|p1a: Zapdos|Zapdos|100/100 par\n|move|p2a: Starmie|Blizzard|p1a: Zapdos\n|-crit|p1a: Zapdos\n|-supereffective|p1a: Zapdos\n|-damage|p1a: Zapdos|14/100 par\n|\n|upkeep\n|turn|24\n|\n|t:|1772412644\n|move|p2a: Starmie|Psychic|p1a: Zapdos\n|-damage|p1a: Zapdos|0 fnt\n|faint|p1a: Zapdos\n|\n|t:|1772412645\n|switch|p1a: EG Tauros|Tauros|100/100\n|turn|25\n|c|☆isza|damn sorry for this 1\n|\n|t:|1772412653\n|move|p2a: Starmie|Thunder Wave|p1a: EG Tauros\n|-status|p1a: EG Tauros|par\n|move|p1a: EG Tauros|Body Slam|p2a: Starmie\n|-damage|p2a: Starmie|0 fnt\n|faint|p2a: Starmie\n|\n|t:|1772412669\n|switch|p2a: Rhydon|Rhydon|100/100\n|turn|26\n|\n|t:|1772412674\n|move|p2a: Rhydon|Earthquake|p1a: EG Tauros\n|-damage|p1a: EG Tauros|60/100 par\n|move|p1a: EG Tauros|Blizzard|p2a: Rhydon\n|-crit|p2a: Rhydon\n|-supereffective|p2a: Rhydon\n|-damage|p2a: Rhydon|0 fnt\n|faint|p2a: Rhydon\n|\n|t:|1772412678\n|switch|p2a: Snorlax|Snorlax|100/100\n|turn|27\n|\n|t:|1772412706\n|move|p2a: Snorlax|Body Slam|p1a: EG Tauros\n|-damage|p1a: EG Tauros|31/100 par\n|cant|p1a: EG Tauros|par\n|\n|upkeep\n|turn|28\n|\n|t:|1772412710\n|move|p2a: Snorlax|Body Slam|p1a: EG Tauros\n|-damage|p1a: EG Tauros|0 fnt\n|faint|p1a: EG Tauros\n|\n|t:|1772412713\n|switch|p1a: Exeggutor|Exeggutor|13/100\n|turn|29\n|\n|t:|1772412715\n|move|p1a: Exeggutor|Sleep Powder|p2a: Snorlax\n|-status|p2a: Snorlax|slp|[from] move: Sleep Powder\n|cant|p2a: Snorlax|slp\n|\n|upkeep\n|turn|30\n|\n|t:|1772412720\n|switch|p2a: Chansey|Chansey|100/100\n|move|p1a: Exeggutor|Psychic|p2a: Chansey\n|-damage|p2a: Chansey|82/100\n|\n|upkeep\n|turn|31\n|\n|t:|1772412727\n|move|p1a: Exeggutor|Hyper Beam|p2a: Chansey\n|-damage|p2a: Chansey|41/100\n|-mustrecharge|p1a: Exeggutor\n|move|p2a: Chansey|Ice Beam|p1a: Exeggutor\n|-supereffective|p1a: Exeggutor\n|-damage|p1a: Exeggutor|0 fnt\n|faint|p1a: Exeggutor\n|\n|win|isza\n|c|☆Ct0wn|Gg\n|c|☆isza|my b for this 1 bro\n|c|☆Ct0wn|Allg bro\n|c|☆Ct0wn|nature of the game\n|c|☆Ct0wn|Ggs\n","uploadtime":1772412727,"views":"981","formatid":"gen1ou","rating":null,"private":0,"password":null}