{"id":"smogtours-gen1ou-962661","format":"[Gen 1] OU","players":["LNumbers","Laroxyl"],"log":"|inactive|Battle timer is ON: inactive players will automatically lose when time's up.\n|t:|1786295616\n|gametype|singles\n|player|p1|LNumbers|#rbywc2026|\n|player|p2|Laroxyl|#splxviitigers2|\n|gen|1\n|tier|[Gen 1] OU\n|rule|Desync Clause Mod: Desyncs resolve to link battle behavior from the acting player's perspective.\n|rule|HP Percentage Mod: HP is shown in percentages\n|rule|Endless Battle Clause: Forcing endless battles is banned\n|rule|Sleep Clause Mod: Limit one foe put to sleep\n|rule|Freeze Clause Mod: Limit one foe frozen\n|rule|Species Clause: Limit one of each Pokémon\n|rule|OHKO Clause: OHKO moves are banned\n|rule|Evasion Moves Clause: Evasion moves are banned\n|\n|t:|1786295616\n|teamsize|p1|6\n|teamsize|p2|6\n|start\n|switch|p1a: Starmie|Starmie|100/100\n|switch|p2a: Alakazam|Alakazam|100/100\n|turn|1\n|c|☆LNumbers|hf\n|c|☆Laroxyl|hf\n|inactive|LNumbers has 270 seconds left.\n|inactive|Laroxyl has 270 seconds left.\n|c|+lejames chonk|Go laroxyl\n|inactive|LNumbers has 240 seconds left.\n|inactive|Laroxyl has 240 seconds left.\n|inactive|Laroxyl has 210 seconds left.\n|\n|t:|1786295727\n|switch|p2a: Exeggutor|Exeggutor|100/100\n|switch|p1a: Jynx|Jynx|100/100\n|\n|upkeep\n|turn|2\n|inactive|Laroxyl has 270 seconds left.\n|\n|t:|1786295760\n|switch|p2a: Alakazam|Alakazam|100/100\n|move|p1a: Jynx|Lovely Kiss|p2a: Alakazam\n|-status|p2a: Alakazam|slp|[from] move: Lovely Kiss\n|\n|upkeep\n|turn|3\n|\n|t:|1786295777\n|cant|p2a: Alakazam|slp\n|move|p1a: Jynx|Blizzard|p2a: Alakazam\n|-damage|p2a: Alakazam|63/100 slp\n|\n|upkeep\n|turn|4\n|\n|t:|1786295782\n|switch|p2a: Chansey|Chansey|100/100\n|move|p1a: Jynx|Blizzard|p2a: Chansey\n|-crit|p2a: Chansey\n|-damage|p2a: Chansey|61/100\n|\n|upkeep\n|turn|5\n|\n|t:|1786295792\n|move|p1a: Jynx|Blizzard|p2a: Chansey|[miss]\n|-miss|p1a: Jynx\n|move|p2a: Chansey|Soft-Boiled|p2a: Chansey\n|-heal|p2a: Chansey|100/100\n|\n|upkeep\n|turn|6\n|inactive|Laroxyl has 270 seconds left.\n|\n|t:|1786295808\n|move|p1a: Jynx|Blizzard|p2a: Chansey|[miss]\n|-miss|p1a: Jynx\n|move|p2a: Chansey|Thunder Wave|p1a: Jynx\n|-status|p1a: Jynx|par\n|\n|upkeep\n|turn|7\n|\n|t:|1786295826\n|switch|p1a: Exeggutor|Exeggutor|100/100\n|move|p2a: Chansey|Thunderbolt|p1a: Exeggutor\n|-resisted|p1a: Exeggutor\n|-damage|p1a: Exeggutor|92/100\n|\n|upkeep\n|turn|8\n|inactive|Laroxyl has 270 seconds left.\n|\n|t:|1786295857\n|switch|p2a: Alakazam|Alakazam|63/100 slp\n|move|p1a: Exeggutor|Stun Spore|p2a: Alakazam\n|-fail|p2a: Alakazam\n|\n|upkeep\n|turn|9\n|\n|t:|1786295875\n|cant|p2a: Alakazam|slp\n|move|p1a: Exeggutor|Psychic|p2a: Alakazam\n|-resisted|p2a: Alakazam\n|-damage|p2a: Alakazam|47/100 slp\n|\n|upkeep\n|turn|10\n|\n|t:|1786295879\n|switch|p2a: Exeggutor|Exeggutor|100/100\n|switch|p1a: Tauros|Tauros|100/100\n|\n|upkeep\n|turn|11\n|inactive|LNumbers has 270 seconds left.\n|\n|t:|1786295912\n|switch|p1a: Jynx|Jynx|100/100 par\n|move|p2a: Exeggutor|Psychic|p1a: Jynx\n|-crit|p1a: Jynx\n|-resisted|p1a: Jynx\n|-damage|p1a: Jynx|62/100 par\n|\n|upkeep\n|turn|12\n|inactive|LNumbers has 270 seconds left.\n|\n|t:|1786295921\n|switch|p2a: Chansey|Chansey|100/100\n|move|p1a: Jynx|Blizzard|p2a: Chansey\n|-damage|p2a: Chansey|82/100\n|\n|upkeep\n|turn|13\n|inactive|LNumbers has 270 seconds left.\n|\n|t:|1786295946\n|switch|p1a: Exeggutor|Exeggutor|92/100\n|move|p2a: Chansey|Thunderbolt|p1a: Exeggutor\n|-resisted|p1a: Exeggutor\n|-damage|p1a: Exeggutor|84/100\n|\n|upkeep\n|turn|14\n|\n|t:|1786295967\n|switch|p2a: Alakazam|Alakazam|47/100 slp\n|move|p1a: Exeggutor|Stun Spore|p2a: Alakazam\n|-fail|p2a: Alakazam\n|\n|upkeep\n|turn|15\n|inactive|LNumbers has 240 seconds left.\n|inactive|Laroxyl has 270 seconds left.\n|\n|t:|1786296005\n|switch|p2a: Exeggutor|Exeggutor|100/100\n|move|p1a: Exeggutor|Psychic|p2a: Exeggutor\n|-resisted|p2a: Exeggutor\n|-damage|p2a: Exeggutor|88/100\n|-unboost|p2a: Exeggutor|spa|1\n|-unboost|p2a: Exeggutor|spd|1\n|\n|upkeep\n|turn|16\n|inactive|Laroxyl has 270 seconds left.\n|\n|t:|1786296019\n|move|p2a: Exeggutor|Sleep Powder|p1a: Exeggutor\n|-status|p1a: Exeggutor|slp|[from] move: Sleep Powder\n|-curestatus|p1a: Exeggutor|slp|[msg]\n|\n|upkeep\n|turn|17\n|inactive|Laroxyl has 270 seconds left.\n|\n|t:|1786296041\n|switch|p1a: Jynx|Jynx|62/100 par\n|move|p2a: Exeggutor|Sleep Powder|p1a: Jynx\n|-fail|p1a: Jynx\n|\n|upkeep\n|turn|18\n|inactive|LNumbers has 210 seconds left.\n|\n|t:|1786296062\n|switch|p2a: Chansey|Chansey|82/100\n|switch|p1a: Starmie|Starmie|100/100\n|\n|upkeep\n|turn|19\n|inactive|Laroxyl has 240 seconds left.\n|\n|t:|1786296092\n|move|p1a: Starmie|Thunder Wave|p2a: Chansey\n|-status|p2a: Chansey|par\n|move|p2a: Chansey|Thunderbolt|p1a: Starmie\n|-supereffective|p1a: Starmie\n|-damage|p1a: Starmie|55/100\n|\n|upkeep\n|turn|20\n|inactive|Laroxyl has 240 seconds left.\n|\n|t:|1786296107\n|move|p1a: Starmie|Recover|p1a: Starmie\n|-heal|p1a: Starmie|100/100\n|move|p2a: Chansey|Thunderbolt|p1a: Starmie\n|-supereffective|p1a: Starmie\n|-damage|p1a: Starmie|56/100\n|\n|upkeep\n|turn|21\n|\n|t:|1786296114\n|move|p1a: Starmie|Recover|p1a: Starmie\n|-heal|p1a: Starmie|100/100\n|move|p2a: Chansey|Thunder Wave|p1a: Starmie\n|-status|p1a: Starmie|par\n|\n|upkeep\n|turn|22\n|inactive|Laroxyl has 240 seconds left.\n|inactive|LNumbers has 210 seconds left.\n|inactive|LNumbers has 180 seconds left.\n|\n|t:|1786296202\n|switch|p1a: Jynx|Jynx|62/100 par\n|move|p2a: Chansey|Thunder Wave|p1a: Jynx\n|-fail|p1a: Jynx|par\n|\n|upkeep\n|turn|23\n|inactive|Laroxyl has 240 seconds left.\n|inactive|LNumbers has 150 seconds left.\n|\n|t:|1786296223\n|move|p1a: Jynx|Psychic|p2a: Chansey\n|-damage|p2a: Chansey|69/100 par\n|move|p2a: Chansey|Soft-Boiled|p2a: Chansey\n|-heal|p2a: Chansey|100/100 par\n|\n|upkeep\n|turn|24\n|inactive|Laroxyl has 240 seconds left.\n|inactive|LNumbers has 150 seconds left.\n|\n|t:|1786296234\n|cant|p1a: Jynx|par\n|move|p2a: Chansey|Thunderbolt|p1a: Jynx\n|-damage|p1a: Jynx|37/100 par\n|\n|upkeep\n|turn|25\n|inactive|LNumbers has 150 seconds left.\n|inactive|Laroxyl has 240 seconds left.\n|\n|t:|1786296251\n|move|p1a: Jynx|Psychic|p2a: Chansey\n|-damage|p2a: Chansey|86/100 par\n|cant|p2a: Chansey|par\n|\n|upkeep\n|turn|26\n|\n|t:|1786296261\n|switch|p1a: Tauros|Tauros|100/100\n|move|p2a: Chansey|Thunderbolt|p1a: Tauros\n|-damage|p1a: Tauros|73/100\n|\n|upkeep\n|turn|27\n|inactive|Laroxyl has 240 seconds left.\n|\n|t:|1786296285\n|switch|p2a: Snorlax|Snorlax|100/100\n|move|p1a: Tauros|Body Slam|p2a: Snorlax\n|-damage|p2a: Snorlax|74/100\n|\n|upkeep\n|turn|28\n|inactive|LNumbers has 150 seconds left.\n|\n|t:|1786296311\n|move|p1a: Tauros|Body Slam|p2a: Snorlax\n|-crit|p2a: Snorlax\n|-damage|p2a: Snorlax|30/100\n|move|p2a: Snorlax|Body Slam|p1a: Tauros\n|-damage|p1a: Tauros|41/100\n|\n|upkeep\n|turn|29\n|inactive|LNumbers has 150 seconds left.\n|inactive|Laroxyl has 240 seconds left.\n|inactive|LNumbers has 120 seconds left.\n|inactive|Laroxyl has 210 seconds left.\n|inactive|LNumbers has 90 seconds left.\n|inactive|Laroxyl has 180 seconds left.\n|inactive|LNumbers has 60 seconds left.\n|inactive|Laroxyl has 150 seconds left.\n|inactive|LNumbers has 30 seconds left.\n|inactive|Laroxyl has 120 seconds left.\n|\n|t:|1786296474\n|move|p1a: Tauros|Body Slam|p2a: Snorlax\n|-crit|p2a: Snorlax\n|-damage|p2a: Snorlax|0 fnt\n|faint|p2a: Snorlax\n|inactive|Laroxyl has 90 seconds left.\n|\n|t:|1786296489\n|switch|p2a: Exeggutor|Exeggutor|88/100\n|turn|30\n|inactive|Laroxyl has 90 seconds left.\n|inactive|LNumbers has 30 seconds left.\n|inactive|LNumbers has 20 seconds left.\n|\n|t:|1786296515\n|switch|p1a: Starmie|Starmie|100/100 par\n|move|p2a: Exeggutor|Psychic|p1a: Starmie\n|-crit|p1a: Starmie\n|-resisted|p1a: Starmie\n|-damage|p1a: Starmie|63/100 par\n|\n|upkeep\n|turn|31\n|inactive|LNumbers has 30 seconds left this turn.\n|inactive|Laroxyl has 90 seconds left.\n|\n|t:|1786296530\n|switch|p2a: Chansey|Chansey|86/100 par\n|move|p1a: Starmie|Recover|p1a: Starmie\n|-heal|p1a: Starmie|100/100 par\n|\n|upkeep\n|turn|32\n|inactive|LNumbers has 30 seconds left.\n|inactive|Laroxyl has 90 seconds left.\n|inactive|LNumbers has 20 seconds left.\n|inactive|LNumbers has 15 seconds left.\n|inactive|LNumbers has 10 seconds left.\n|\n|t:|1786296563\n|switch|p1a: Jynx|Jynx|37/100 par\n|cant|p2a: Chansey|par\n|\n|upkeep\n|turn|33\n|inactive|LNumbers has 20 seconds left this turn.\n|inactive|LNumbers has 15 seconds left.\n|\n|t:|1786296572\n|move|p1a: Jynx|Psychic|p2a: Chansey\n|-damage|p2a: Chansey|72/100 par\n|move|p2a: Chansey|Thunderbolt|p1a: Jynx\n|-crit|p1a: Jynx\n|-damage|p1a: Jynx|0 fnt\n|faint|p1a: Jynx\n|inactive|LNumbers has 20 seconds left this turn.\n|\n|t:|1786296575\n|switch|p1a: Tauros|Tauros|41/100\n|turn|34\n|inactive|LNumbers has 30 seconds left this turn.\n|inactive|LNumbers has 20 seconds left.\n|inactive|Laroxyl has 60 seconds left.\n|\n|t:|1786296619\n|switch|p2a: Starmie|Starmie|100/100\n|move|p1a: Tauros|Body Slam|p2a: Starmie\n|-damage|p2a: Starmie|65/100\n|\n|upkeep\n|turn|35\n|inactive|LNumbers has 30 seconds left this turn.\n|inactive|LNumbers has 20 seconds left.\n|inactive|LNumbers has 15 seconds left.\n|inactive|LNumbers has 10 seconds left.\n|inactive|LNumbers has 5 seconds left.\n|\n|t:|1786296646\n|move|p2a: Starmie|Recover|p2a: Starmie\n|-heal|p2a: Starmie|100/100\n|move|p1a: Tauros|Body Slam|p2a: Starmie\n|-damage|p2a: Starmie|67/100\n|\n|upkeep\n|turn|36\n|inactive|LNumbers has 15 seconds left this turn.\n|inactive|LNumbers has 10 seconds left.\n|inactive|LNumbers has 5 seconds left.\n|inactive|Laroxyl has 30 seconds left.\n|inactive|Laroxyl has 20 seconds left.\n|\n|t:|1786296684\n|switch|p1a: Starmie|Starmie|100/100 par\n|move|p2a: Starmie|Recover|p2a: Starmie\n|-heal|p2a: Starmie|100/100\n|\n|upkeep\n|turn|37\n|inactive|LNumbers has 15 seconds left this turn.\n|inactive|Laroxyl has 30 seconds left this turn.\n|inactive|LNumbers has 10 seconds left.\n|inactive|LNumbers has 5 seconds left.\n|inactive|Laroxyl has 20 seconds left.\n|\n|t:|1786296696\n|switch|p2a: Chansey|Chansey|72/100 par\n|switch|p1a: Exeggutor|Exeggutor|84/100\n|\n|upkeep\n|turn|38\n|inactive|LNumbers has 15 seconds left this turn.\n|inactive|Laroxyl has 30 seconds left this turn.\n|inactive|LNumbers has 10 seconds left.\n|inactive|LNumbers has 5 seconds left.\n|inactive|Laroxyl has 20 seconds left.\n|\n|t:|1786296708\n|switch|p1a: Tauros|Tauros|41/100\n|switch|p2a: Exeggutor|Exeggutor|88/100\n|\n|upkeep\n|turn|39\n|inactive|LNumbers has 15 seconds left this turn.\n|inactive|Laroxyl has 30 seconds left this turn.\n|inactive|LNumbers has 10 seconds left.\n|\n|t:|1786296717\n|switch|p1a: Starmie|Starmie|100/100 par\n|move|p2a: Exeggutor|Psychic|p1a: Starmie\n|-resisted|p1a: Starmie\n|-damage|p1a: Starmie|81/100 par\n|\n|upkeep\n|turn|40\n|inactive|LNumbers has 20 seconds left this turn.\n|inactive|LNumbers has 15 seconds left.\n|\n|t:|1786296723\n|move|p2a: Exeggutor|Psychic|p1a: Starmie\n|-crit|p1a: Starmie\n|-resisted|p1a: Starmie\n|-damage|p1a: Starmie|45/100 par\n|move|p1a: Starmie|Surf|p2a: Exeggutor\n|-resisted|p2a: Exeggutor\n|-damage|p2a: Exeggutor|75/100\n|\n|upkeep\n|turn|41\n|inactive|LNumbers has 25 seconds left this turn.\n|\n|t:|1786296734\n|move|p2a: Exeggutor|Psychic|p1a: Starmie\n|-resisted|p1a: Starmie\n|-damage|p1a: Starmie|27/100 par\n|move|p1a: Starmie|Recover|p1a: Starmie\n|-heal|p1a: Starmie|77/100 par\n|\n|upkeep\n|turn|42\n|\n|t:|1786296741\n|switch|p2a: Chansey|Chansey|72/100 par\n|move|p1a: Starmie|Recover|p1a: Starmie\n|-heal|p1a: Starmie|100/100 par\n|\n|upkeep\n|turn|43\n|inactive|LNumbers has 30 seconds left.\n|\n|t:|1786296762\n|switch|p1a: Tauros|Tauros|41/100\n|move|p2a: Chansey|Soft-Boiled|p2a: Chansey\n|-heal|p2a: Chansey|100/100 par\n|\n|upkeep\n|turn|44\n|\n|t:|1786296768\n|move|p1a: Tauros|Body Slam|p2a: Chansey\n|-damage|p2a: Chansey|60/100 par\n|move|p2a: Chansey|Thunder Wave|p1a: Tauros\n|-status|p1a: Tauros|par\n|\n|upkeep\n|turn|45\n|\n|t:|1786296782\n|switch|p2a: Exeggutor|Exeggutor|75/100\n|cant|p1a: Tauros|par\n|\n|upkeep\n|turn|46\n|inactive|LNumbers has 30 seconds left.\n|\n|t:|1786296798\n|switch|p1a: Exeggutor|Exeggutor|84/100\n|move|p2a: Exeggutor|Psychic|p1a: Exeggutor\n|-crit|p1a: Exeggutor\n|-resisted|p1a: Exeggutor\n|-damage|p1a: Exeggutor|60/100\n|\n|upkeep\n|turn|47\n|\n|t:|1786296815\n|switch|p1a: Starmie|Starmie|100/100 par\n|move|p2a: Exeggutor|Psychic|p1a: Starmie\n|-resisted|p1a: Starmie\n|-damage|p1a: Starmie|81/100 par\n|-unboost|p1a: Starmie|spa|1\n|-unboost|p1a: Starmie|spd|1\n|\n|upkeep\n|turn|48\n|\n|t:|1786296829\n|switch|p2a: Chansey|Chansey|60/100 par\n|cant|p1a: Starmie|par\n|\n|upkeep\n|turn|49\n|\n|t:|1786296852\n|switch|p2a: Tauros|Tauros|100/100\n|switch|p1a: Snorlax|Snorlax|100/100\n|\n|upkeep\n|turn|50\n|inactive|Laroxyl has 30 seconds left.\n|inactive|LNumbers has 30 seconds left.\n|inactive|Laroxyl has 20 seconds left.\n|\n|t:|1786296886\n|move|p2a: Tauros|Body Slam|p1a: Snorlax\n|-damage|p1a: Snorlax|76/100\n|move|p1a: Snorlax|Body Slam|p2a: Tauros\n|-damage|p2a: Tauros|69/100\n|\n|upkeep\n|turn|51\n|inactive|Laroxyl has 30 seconds left this turn.\n|inactive|LNumbers has 30 seconds left.\n|inactive|Laroxyl has 20 seconds left.\n|inactive|Laroxyl has 15 seconds left.\n|\n|t:|1786296905\n|move|p2a: Tauros|Body Slam|p1a: Snorlax\n|-damage|p1a: Snorlax|49/100\n|move|p1a: Snorlax|Body Slam|p2a: Tauros\n|-damage|p2a: Tauros|38/100\n|\n|upkeep\n|turn|52\n|inactive|Laroxyl has 25 seconds left this turn.\n|inactive|Laroxyl has 20 seconds left.\n|inactive|LNumbers has 30 seconds left.\n|inactive|Laroxyl has 15 seconds left.\n|inactive|Laroxyl has 10 seconds left.\n|inactive|LNumbers has 20 seconds left.\n|inactive|LNumbers has 15 seconds left.\n|inactive|LNumbers has 10 seconds left.\n|inactive|LNumbers has 5 seconds left.\n|\n|t:|1786296942\n|move|p2a: Tauros|Hyper Beam|p1a: Snorlax|[miss]\n|-miss|p2a: Tauros\n|move|p1a: Snorlax|Self-Destruct|p2a: Tauros\n|-damage|p2a: Tauros|0 fnt\n|faint|p2a: Tauros\n|faint|p1a: Snorlax\n|inactive|LNumbers has 10 seconds left this turn.\n|inactive|Laroxyl has 15 seconds left this turn.\n|inactive|LNumbers has 5 seconds left.\n|inactive|Laroxyl has 10 seconds left.\n|inactive|Laroxyl has 5 seconds left.\n|\n|t:|1786296954\n|switch|p2a: Exeggutor|Exeggutor|75/100\n|switch|p1a: Starmie|Starmie|81/100 par\n|turn|53\n|inactive|LNumbers has 15 seconds left this turn.\n|inactive|Laroxyl has 15 seconds left this turn.\n|inactive|LNumbers has 10 seconds left.\n|inactive|Laroxyl has 10 seconds left.\n|\n|t:|1786296962\n|switch|p2a: Chansey|Chansey|60/100 par\n|cant|p1a: Starmie|par\n|\n|upkeep\n|turn|54\n|inactive|LNumbers has 20 seconds left this turn.\n|inactive|Laroxyl has 20 seconds left this turn.\n|inactive|LNumbers has 15 seconds left.\n|inactive|Laroxyl has 15 seconds left.\n|inactive|Laroxyl has 10 seconds left.\n|\n|t:|1786296973\n|switch|p1a: Tauros|Tauros|41/100 par\n|move|p2a: Chansey|Soft-Boiled|p2a: Chansey\n|-heal|p2a: Chansey|100/100 par\n|\n|upkeep\n|turn|55\n|inactive|LNumbers has 25 seconds left this turn.\n|inactive|Laroxyl has 20 seconds left this turn.\n|inactive|Laroxyl has 15 seconds left.\n|\n|t:|1786296983\n|switch|p2a: Starmie|Starmie|100/100\n|move|p1a: Tauros|Body Slam|p2a: Starmie\n|-damage|p2a: Starmie|67/100\n|\n|upkeep\n|turn|56\n|inactive|Laroxyl has 25 seconds left this turn.\n|inactive|Laroxyl has 20 seconds left.\n|\n|t:|1786296989\n|switch|p1a: Starmie|Starmie|81/100 par\n|move|p2a: Starmie|Surf|p1a: Starmie\n|-resisted|p1a: Starmie\n|-damage|p1a: Starmie|63/100 par\n|\n|upkeep\n|turn|57\n|inactive|Laroxyl has 30 seconds left this turn.\n|\n|t:|1786296999\n|switch|p2a: Chansey|Chansey|100/100 par\n|switch|p1a: Exeggutor|Exeggutor|60/100\n|\n|upkeep\n|turn|58\n|inactive|Laroxyl has 30 seconds left.\n|inactive|Laroxyl has 20 seconds left.\n|inactive|LNumbers has 30 seconds left.\n|inactive|Laroxyl has 15 seconds left.\n|inactive|Laroxyl has 10 seconds left.\n|inactive|LNumbers has 20 seconds left.\n|inactive|LNumbers has 15 seconds left.\n|\n|t:|1786297037\n|switch|p2a: Exeggutor|Exeggutor|75/100\n|move|p1a: Exeggutor|Psychic|p2a: Exeggutor\n|-resisted|p2a: Exeggutor\n|-damage|p2a: Exeggutor|61/100\n|\n|upkeep\n|turn|59\n|inactive|LNumbers has 25 seconds left this turn.\n|inactive|Laroxyl has 20 seconds left this turn.\n|inactive|LNumbers has 20 seconds left.\n|inactive|Laroxyl has 15 seconds left.\n|inactive|Laroxyl has 10 seconds left.\n|\n|t:|1786297049\n|switch|p1a: Starmie|Starmie|63/100 par\n|move|p2a: Exeggutor|Psychic|p1a: Starmie\n|-resisted|p1a: Starmie\n|-damage|p1a: Starmie|44/100 par\n|-unboost|p1a: Starmie|spa|1\n|-unboost|p1a: Starmie|spd|1\n|\n|upkeep\n|turn|60\n|inactive|LNumbers has 30 seconds left this turn.\n|inactive|Laroxyl has 20 seconds left this turn.\n|inactive|Laroxyl has 15 seconds left.\n|inactive|LNumbers has 20 seconds left.\n|\n|t:|1786297061\n|move|p2a: Exeggutor|Psychic|p1a: Starmie\n|-resisted|p1a: Starmie\n|-damage|p1a: Starmie|17/100 par\n|-unboost|p1a: Starmie|spa|1\n|-unboost|p1a: Starmie|spd|1\n|cant|p1a: Starmie|par\n|\n|upkeep\n|turn|61\n|inactive|LNumbers has 30 seconds left this turn.\n|inactive|Laroxyl has 25 seconds left this turn.\n|inactive|Laroxyl has 20 seconds left.\n|inactive|LNumbers has 20 seconds left.\n|inactive|LNumbers has 15 seconds left.\n|inactive|LNumbers has 10 seconds left.\n|inactive|LNumbers has 5 seconds left.\n|\n|t:|1786297089\n|switch|p1a: Exeggutor|Exeggutor|60/100\n|move|p2a: Exeggutor|Psychic|p1a: Exeggutor\n|-resisted|p1a: Exeggutor\n|-damage|p1a: Exeggutor|47/100\n|\n|upkeep\n|turn|62\n|inactive|LNumbers has 15 seconds left this turn.\n|inactive|Laroxyl has 30 seconds left this turn.\n|inactive|LNumbers has 10 seconds left.\n|inactive|LNumbers has 5 seconds left.\n|inactive|Laroxyl has 20 seconds left.\n|inactive|Laroxyl has 15 seconds left.\n|inactive|Laroxyl has 10 seconds left.\n|\n|t:|1786297113\n|move|p2a: Exeggutor|Sleep Powder|p1a: Exeggutor|[miss]\n|-miss|p2a: Exeggutor\n|move|p1a: Exeggutor|Stun Spore|p2a: Exeggutor\n|-status|p2a: Exeggutor|par\n|\n|upkeep\n|turn|63\n|inactive|LNumbers has 15 seconds left this turn.\n|inactive|Laroxyl has 20 seconds left this turn.\n|inactive|LNumbers has 10 seconds left.\n|inactive|Laroxyl has 15 seconds left.\n|inactive|Laroxyl has 10 seconds left.\n|\n|t:|1786297126\n|move|p1a: Exeggutor|Psychic|p2a: Exeggutor\n|-resisted|p2a: Exeggutor\n|-damage|p2a: Exeggutor|47/100 par\n|cant|p2a: Exeggutor|par\n|\n|upkeep\n|turn|64\n|inactive|LNumbers has 20 seconds left this turn.\n|inactive|Laroxyl has 20 seconds left this turn.\n|inactive|Laroxyl has 15 seconds left.\n|inactive|Laroxyl has 10 seconds left.\n|\n|t:|1786297140\n|switch|p1a: Starmie|Starmie|17/100 par\n|cant|p2a: Exeggutor|par\n|\n|upkeep\n|turn|65\n|inactive|LNumbers has 30 seconds left this turn.\n|inactive|Laroxyl has 20 seconds left this turn.\n|inactive|Laroxyl has 15 seconds left.\n|\n|t:|1786297146\n|move|p1a: Starmie|Recover|p1a: Starmie\n|-heal|p1a: Starmie|66/100 par\n|move|p2a: Exeggutor|Rest|p2a: Exeggutor\n|-status|p2a: Exeggutor|slp|[from] move: Rest\n|-heal|p2a: Exeggutor|100/100 slp|[silent]\n|\n|upkeep\n|turn|66\n|inactive|Laroxyl has 25 seconds left this turn.\n|\n|t:|1786297150\n|switch|p1a: Zapdos|Zapdos|100/100\n|cant|p2a: Exeggutor|slp\n|\n|upkeep\n|turn|67\n|inactive|Laroxyl has 30 seconds left.\n|inactive|Laroxyl has 20 seconds left.\n|inactive|Laroxyl has 15 seconds left.\n|inactive|Laroxyl has 10 seconds left.\n|inactive|Laroxyl has 5 seconds left.\n|\n|t:|1786297183\n|switch|p2a: Alakazam|Alakazam|47/100 slp\n|move|p1a: Zapdos|Drill Peck|p2a: Alakazam\n|-damage|p2a: Alakazam|2/100 slp\n|\n|upkeep\n|turn|68\n|inactive|Laroxyl has 15 seconds left this turn.\n|\n|t:|1786297196\n|-curestatus|p2a: Alakazam|slp|[msg]\n|move|p1a: Zapdos|Drill Peck|p2a: Alakazam\n|-damage|p2a: Alakazam|0 fnt\n|faint|p2a: Alakazam\n|inactive|Laroxyl has 20 seconds left this turn.\n|\n|t:|1786297201\n|switch|p2a: Chansey|Chansey|100/100 par\n|turn|69\n|inactive|Laroxyl has 30 seconds left this turn.\n|inactive|LNumbers has 60 seconds left.\n|inactive|Laroxyl has 20 seconds left.\n|\n|t:|1786297212\n|switch|p1a: Tauros|Tauros|41/100 par\n|move|p2a: Chansey|Ice Beam|p1a: Tauros\n|-damage|p1a: Tauros|15/100 par\n|\n|upkeep\n|turn|70\n|inactive|Laroxyl has 30 seconds left this turn.\n|inactive|Laroxyl has 20 seconds left.\n|\n|t:|1786297223\n|switch|p2a: Starmie|Starmie|67/100\n|move|p1a: Tauros|Rest|p1a: Tauros\n|-status|p1a: Tauros|slp|[from] move: Rest\n|-heal|p1a: Tauros|100/100 slp|[silent]\n|\n|upkeep\n|turn|71\n|inactive|Laroxyl has 30 seconds left this turn.\n|inactive|Laroxyl has 20 seconds left.\n|\n|t:|1786297237\n|switch|p1a: Exeggutor|Exeggutor|47/100\n|move|p2a: Starmie|Surf|p1a: Exeggutor\n|-resisted|p1a: Exeggutor\n|-damage|p1a: Exeggutor|36/100\n|\n|upkeep\n|turn|72\n|inactive|Laroxyl has 30 seconds left this turn.\n|inactive|Laroxyl has 20 seconds left.\n|inactive|LNumbers has 60 seconds left.\n|inactive|Laroxyl has 15 seconds left.\n|inactive|Laroxyl has 10 seconds left.\n|inactive|Laroxyl has 5 seconds left.\n|\n|t:|1786297274\n|switch|p2a: Exeggutor|Exeggutor|100/100 slp\n|move|p1a: Exeggutor|Stun Spore|p2a: Exeggutor\n|-fail|p2a: Exeggutor\n|\n|upkeep\n|turn|73\n|inactive|Laroxyl has 15 seconds left this turn.\n|inactive|Laroxyl has 10 seconds left.\n|inactive|Laroxyl has 5 seconds left.\n|\n|t:|1786297299\n|move|p1a: Exeggutor|Explosion|p2a: Exeggutor\n|-damage|p2a: Exeggutor|23/100 slp\n|faint|p1a: Exeggutor\n|\n|t:|1786297301\n|switch|p1a: Zapdos|Zapdos|100/100\n|turn|74\n|inactive|Laroxyl has 20 seconds left this turn.\n|inactive|Laroxyl has 15 seconds left.\n|inactive|Laroxyl has 10 seconds left.\n|inactive|Laroxyl has 5 seconds left.\n|\n|t:|1786297317\n|move|p1a: Zapdos|Drill Peck|p2a: Exeggutor\n|-supereffective|p2a: Exeggutor\n|-damage|p2a: Exeggutor|0 fnt\n|faint|p2a: Exeggutor\n|inactive|Laroxyl has 10 seconds left this turn.\n|\n|t:|1786297319\n|switch|p2a: Chansey|Chansey|100/100 par\n|turn|75\n|inactive|Laroxyl has 20 seconds left this turn.\n|inactive|LNumbers has 60 seconds left.\n|inactive|Laroxyl has 15 seconds left.\n|\n|t:|1786297328\n|switch|p1a: Tauros|Tauros|100/100 slp\n|move|p2a: Chansey|Ice Beam|p1a: Tauros\n|-damage|p1a: Tauros|71/100 slp\n|\n|upkeep\n|turn|76\n|inactive|Laroxyl has 25 seconds left this turn.\n|inactive|Laroxyl has 20 seconds left.\n|inactive|Laroxyl has 15 seconds left.\n|inactive|LNumbers has 60 seconds left.\n|inactive|Laroxyl has 10 seconds left.\n|\n|t:|1786297344\n|cant|p1a: Tauros|slp\n|cant|p2a: Chansey|par\n|\n|upkeep\n|turn|77\n|inactive|Laroxyl has 20 seconds left this turn.\n|inactive|Laroxyl has 15 seconds left.\n|inactive|Laroxyl has 10 seconds left.\n|\n|t:|1786297358\n|-curestatus|p1a: Tauros|slp|[msg]\n|move|p2a: Chansey|Thunder Wave|p1a: Tauros\n|-status|p1a: Tauros|par\n|\n|upkeep\n|turn|78\n|inactive|Laroxyl has 20 seconds left this turn.\n|\n|t:|1786297362\n|switch|p2a: Starmie|Starmie|67/100\n|move|p1a: Tauros|Body Slam|p2a: Starmie\n|-crit|p2a: Starmie\n|-damage|p2a: Starmie|5/100\n|\n|upkeep\n|turn|79\n|inactive|Laroxyl has 30 seconds left this turn.\n|inactive|Laroxyl has 20 seconds left.\n|\n|t:|1786297381\n|move|p2a: Starmie|Surf|p1a: Tauros\n|-crit|p1a: Tauros\n|-damage|p1a: Tauros|0 fnt\n|faint|p1a: Tauros\n|\n|t:|1786297383\n|switch|p1a: Zapdos|Zapdos|100/100\n|turn|80\n|inactive|LNumbers has 90 seconds left.\n|inactive|Laroxyl has 30 seconds left.\n|inactive|Laroxyl has 20 seconds left.\n|inactive|Laroxyl has 15 seconds left.\n|inactive|Laroxyl has 10 seconds left.\n|inactive|Laroxyl has 5 seconds left.\n|inactive|Laroxyl disconnected and has 300 seconds to reconnect!\n|player|p2|\n|inactive|LNumbers has 60 seconds left.\n|inactive|Laroxyl reconnected and has 5 seconds left.\n|player|p2|Laroxyl|#splxviitigers2|\n|\n|t:|1786297441\n|move|p2a: Starmie|Thunder Wave|p1a: Zapdos\n|-status|p1a: Zapdos|par\n|move|p1a: Zapdos|Drill Peck|p2a: Starmie\n|-damage|p2a: Starmie|0 fnt\n|faint|p2a: Starmie\n|inactive|Laroxyl has 10 seconds left this turn.\n|\n|t:|1786297445\n|switch|p2a: Chansey|Chansey|100/100 par\n|turn|81\n|inactive|Laroxyl has 20 seconds left this turn.\n|inactive|LNumbers has 30 seconds left.\n|\n|t:|1786297472\n|cant|p1a: Zapdos|par\n|move|p2a: Chansey|Ice Beam|p1a: Zapdos\n|-supereffective|p1a: Zapdos\n|-damage|p1a: Zapdos|64/100 par\n|\n|upkeep\n|turn|82\n|inactive|Laroxyl has 30 seconds left this turn.\n|\n|t:|1786297477\n|move|p1a: Zapdos|Drill Peck|p2a: Chansey\n|-damage|p2a: Chansey|67/100 par\n|move|p2a: Chansey|Ice Beam|p1a: Zapdos\n|-supereffective|p1a: Zapdos\n|-damage|p1a: Zapdos|31/100 par\n|\n|upkeep\n|turn|83\n|inactive|Laroxyl has 30 seconds left.\n|\n|t:|1786297488\n|cant|p1a: Zapdos|par\n|move|p2a: Chansey|Soft-Boiled|p2a: Chansey\n|-heal|p2a: Chansey|100/100 par\n|\n|upkeep\n|turn|84\n|\n|t:|1786297499\n|switch|p1a: Starmie|Starmie|66/100 par\n|move|p2a: Chansey|Ice Beam|p1a: Starmie\n|-resisted|p1a: Starmie\n|-damage|p1a: Starmie|56/100 par\n|\n|upkeep\n|turn|85\n|\n|t:|1786297504\n|move|p1a: Starmie|Recover|p1a: Starmie\n|-heal|p1a: Starmie|100/100 par\n|move|p2a: Chansey|Thunderbolt|p1a: Starmie\n|-supereffective|p1a: Starmie\n|-damage|p1a: Starmie|55/100 par\n|\n|upkeep\n|turn|86\n|\n|t:|1786297508\n|move|p1a: Starmie|Recover|p1a: Starmie\n|-heal|p1a: Starmie|100/100 par\n|move|p2a: Chansey|Thunderbolt|p1a: Starmie\n|-supereffective|p1a: Starmie\n|-damage|p1a: Starmie|50/100 par\n|\n|upkeep\n|turn|87\n|\n|t:|1786297511\n|move|p1a: Starmie|Recover|p1a: Starmie\n|-heal|p1a: Starmie|99/100 par\n|move|p2a: Chansey|Thunderbolt|p1a: Starmie\n|-supereffective|p1a: Starmie\n|-damage|p1a: Starmie|54/100 par\n|\n|upkeep\n|turn|88\n|\n|t:|1786297515\n|move|p1a: Starmie|Recover|p1a: Starmie\n|-heal|p1a: Starmie|100/100 par\n|move|p2a: Chansey|Thunderbolt|p1a: Starmie\n|-supereffective|p1a: Starmie\n|-damage|p1a: Starmie|55/100 par\n|\n|upkeep\n|turn|89\n|\n|t:|1786297519\n|move|p1a: Starmie|Recover|p1a: Starmie\n|-heal|p1a: Starmie|100/100 par\n|move|p2a: Chansey|Thunderbolt|p1a: Starmie\n|-crit|p1a: Starmie\n|-supereffective|p1a: Starmie\n|-damage|p1a: Starmie|4/100 par\n|\n|upkeep\n|turn|90\n|\n|t:|1786297523\n|move|p1a: Starmie|Recover|p1a: Starmie\n|-heal|p1a: Starmie|54/100 par\n|move|p2a: Chansey|Thunderbolt|p1a: Starmie\n|-supereffective|p1a: Starmie\n|-damage|p1a: Starmie|8/100 par\n|\n|upkeep\n|turn|91\n|\n|t:|1786297529\n|move|p1a: Starmie|Recover|p1a: Starmie\n|-heal|p1a: Starmie|58/100 par\n|cant|p2a: Chansey|par\n|\n|upkeep\n|turn|92\n|\n|t:|1786297533\n|move|p1a: Starmie|Recover|p1a: Starmie\n|-heal|p1a: Starmie|100/100 par\n|move|p2a: Chansey|Thunderbolt|p1a: Starmie\n|-supereffective|p1a: Starmie\n|-damage|p1a: Starmie|53/100 par\n|\n|upkeep\n|turn|93\n|\n|t:|1786297537\n|move|p1a: Starmie|Recover|p1a: Starmie\n|-heal|p1a: Starmie|100/100 par\n|cant|p2a: Chansey|par\n|\n|upkeep\n|turn|94\n|\n|t:|1786297546\n|cant|p1a: Starmie|par\n|cant|p2a: Chansey|par\n|\n|upkeep\n|turn|95\n|\n|t:|1786297550\n|move|p1a: Starmie|Surf|p2a: Chansey\n|-crit|p2a: Chansey\n|-damage|p2a: Chansey|70/100 par\n|move|p2a: Chansey|Thunderbolt|p1a: Starmie\n|-supereffective|p1a: Starmie\n|-damage|p1a: Starmie|52/100 par\n|\n|upkeep\n|turn|96\n|\n|t:|1786297555\n|cant|p1a: Starmie|par\n|move|p2a: Chansey|Thunderbolt|p1a: Starmie\n|-supereffective|p1a: Starmie\n|-damage|p1a: Starmie|2/100 par\n|\n|upkeep\n|turn|97\n|\n|t:|1786297560\n|move|p1a: Starmie|Recover|p1a: Starmie\n|-heal|p1a: Starmie|52/100 par\n|move|p2a: Chansey|Thunderbolt|p1a: Starmie\n|-supereffective|p1a: Starmie\n|-damage|p1a: Starmie|3/100 par\n|\n|upkeep\n|turn|98\n|\n|t:|1786297570\n|move|p1a: Starmie|Recover|p1a: Starmie\n|-heal|p1a: Starmie|53/100 par\n|move|p2a: Chansey|Thunderbolt|p1a: Starmie\n|-crit|p1a: Starmie\n|-supereffective|p1a: Starmie\n|-damage|p1a: Starmie|0 fnt\n|faint|p1a: Starmie\n|\n|t:|1786297574\n|switch|p1a: Zapdos|Zapdos|31/100 par\n|turn|99\n|inactive|LNumbers has 180 seconds left.\n|inactive|LNumbers has 150 seconds left.\n|inactive|Laroxyl has 180 seconds left.\n|inactive|LNumbers has 120 seconds left.\n|inactive|LNumbers has 90 seconds left.\n|inactive|LNumbers has 60 seconds left.\n|inactive|LNumbers has 30 seconds left.\n|inactive|LNumbers has 20 seconds left.\n|inactive|LNumbers has 15 seconds left.\n|\n|t:|1786297748\n|move|p1a: Zapdos|Drill Peck|p2a: Chansey\n|-damage|p2a: Chansey|34/100 par\n|move|p2a: Chansey|Ice Beam|p1a: Zapdos\n|-supereffective|p1a: Zapdos\n|-damage|p1a: Zapdos|0 fnt\n|faint|p1a: Zapdos\n|\n|win|Laroxyl\n","uploadtime":1786297748,"views":"114","formatid":"gen1ou","rating":null,"private":0,"password":null}