{"id":"smogtours-gen1ou-915384","format":"[Gen 1] OU","players":["Serpi n_n","LNumbers"],"log":"|inactive|Battle timer is ON: inactive players will automatically lose when time's up.\n|t:|1772977322\n|gametype|singles\n|player|p1|Serpi n_n|#splxviibigs2|\n|player|p2|LNumbers|#splxviityrants2|\n|gen|1\n|tier|[Gen 1] OU\n|rule|Desync Clause Mod: Desyncs changed to move failure.\n|rule|Sleep Clause Mod: Limit one foe put to sleep\n|rule|Freeze Clause Mod: Limit one foe frozen\n|rule|Species Clause: Limit one of each Pokémon\n|rule|OHKO Clause: OHKO moves are banned\n|rule|Evasion Moves Clause: Evasion moves are banned\n|rule|Endless Battle Clause: Forcing endless battles is banned\n|rule|HP Percentage Mod: HP is shown in percentages\n|\n|t:|1772977322\n|teamsize|p1|6\n|teamsize|p2|6\n|start\n|switch|p1a: Jynx|Jynx|100/100\n|switch|p2a: Gengar|Gengar|100/100\n|turn|1\n|c|☆LNumbers|hf\n|c|☆Serpi n_n|hf\n|inactive|LNumbers has 270 seconds left.\n|\n|t:|1772977368\n|switch|p1a: Starmie|Starmie|100/100\n|move|p2a: Gengar|Hypnosis|p1a: Starmie\n|-status|p1a: Starmie|slp|[from] move: Hypnosis\n|\n|upkeep\n|turn|2\n|rated|Smogon Premier League\n|\n|t:|1772977397\n|switch|p1a: Chansey|Chansey|100/100\n|move|p2a: Gengar|Thunderbolt|p1a: Chansey\n|-damage|p1a: Chansey|89/100\n|\n|upkeep\n|turn|3\n|inactive|LNumbers has 270 seconds left.\n|inactive|Serpi n_n has 270 seconds left.\n|inactive|LNumbers has 240 seconds left.\n|inactive|Serpi n_n has 240 seconds left.\n|inactive|LNumbers has 210 seconds left.\n|\n|t:|1772977480\n|switch|p1a: Snorlax|Snorlax|100/100\n|move|p2a: Gengar|Explosion|p1a: Snorlax\n|-damage|p1a: Snorlax|53/100\n|faint|p2a: Gengar\n|inactive|LNumbers has 210 seconds left.\n|\n|t:|1772977495\n|switch|p2a: Exeggutor|Exeggutor|100/100\n|turn|4\n|inactive|LNumbers has 210 seconds left.\n|inactive|Serpi n_n has 210 seconds left.\n|inactive|Serpi n_n has 180 seconds left.\n|\n|t:|1772977548\n|switch|p1a: Starmie|Starmie|100/100 slp\n|move|p2a: Exeggutor|Psychic|p1a: Starmie\n|-resisted|p1a: Starmie\n|-damage|p1a: Starmie|80/100 slp\n|-unboost|p1a: Starmie|spa|1\n|-unboost|p1a: Starmie|spd|1\n|\n|upkeep\n|turn|5\n|inactive|LNumbers has 210 seconds left.\n|inactive|Serpi n_n has 180 seconds left.\n|\n|t:|1772977593\n|switch|p1a: Jynx|Jynx|100/100\n|move|p2a: Exeggutor|Stun Spore|p1a: Jynx\n|-status|p1a: Jynx|par\n|\n|upkeep\n|turn|6\n|inactive|LNumbers has 180 seconds left.\n|inactive|LNumbers has 150 seconds left.\n|inactive|LNumbers has 120 seconds left.\n|inactive|LNumbers has 90 seconds left.\n|\n|t:|1772977726\n|switch|p1a: Starmie|Starmie|80/100 slp\n|move|p2a: Exeggutor|Psychic|p1a: Starmie\n|-resisted|p1a: Starmie\n|-damage|p1a: Starmie|62/100 slp\n|-unboost|p1a: Starmie|spa|1\n|-unboost|p1a: Starmie|spd|1\n|\n|upkeep\n|turn|7\n|\n|t:|1772977744\n|switch|p2a: Tauros|Tauros|100/100\n|-curestatus|p1a: Starmie|slp|[msg]\n|\n|upkeep\n|turn|8\n|inactive|Serpi n_n has 150 seconds left.\n|\n|t:|1772977779\n|move|p1a: Starmie|Thunder Wave|p2a: Tauros\n|-status|p2a: Tauros|par\n|move|p2a: Tauros|Body Slam|p1a: Starmie\n|-damage|p1a: Starmie|30/100\n|-status|p1a: Starmie|par\n|\n|upkeep\n|turn|9\n|inactive|Serpi n_n has 150 seconds left.\n|\n|t:|1772977801\n|cant|p1a: Starmie|par\n|move|p2a: Tauros|Body Slam|p1a: Starmie\n|-damage|p1a: Starmie|0 fnt\n|faint|p1a: Starmie\n|inactive|Serpi n_n has 120 seconds left.\n|\n|t:|1772977838\n|switch|p1a: Cloyster|Cloyster|100/100\n|turn|10\n|\n|t:|1772977861\n|switch|p2a: Cloyster|Cloyster|100/100\n|move|p1a: Cloyster|Blizzard|p2a: Cloyster\n|-resisted|p2a: Cloyster\n|-damage|p2a: Cloyster|90/100\n|\n|upkeep\n|turn|11\n|inactive|Serpi n_n has 120 seconds left.\n|\n|t:|1772977869\n|move|p1a: Cloyster|Clamp|p2a: Cloyster\n|-resisted|p2a: Cloyster\n|-damage|p2a: Cloyster|83/100\n|cant|p2a: Cloyster|partiallytrapped\n|\n|upkeep\n|turn|12\n|inactive|LNumbers has 60 seconds left.\n|\n|t:|1772977897\n|switch|p2a: Exeggutor|Exeggutor|100/100\n|move|p1a: Cloyster|Clamp|p2a: Exeggutor\n|-resisted|p2a: Exeggutor\n|-damage|p2a: Exeggutor|96/100\n|\n|upkeep\n|turn|13\n|\n|t:|1772977904\n|switch|p2a: Cloyster|Cloyster|83/100\n|move|p1a: Cloyster|Clamp|p2a: Cloyster\n|-resisted|p2a: Cloyster\n|-damage|p2a: Cloyster|75/100\n|\n|upkeep\n|turn|14\n|\n|t:|1772977912\n|switch|p2a: Tauros|Tauros|100/100 par\n|move|p1a: Cloyster|Clamp|p2a: Tauros|[miss]\n|-miss|p1a: Cloyster\n|\n|upkeep\n|turn|15\n|inactive|Serpi n_n has 150 seconds left.\n|\n|t:|1772977919\n|switch|p2a: Cloyster|Cloyster|75/100\n|move|p1a: Cloyster|Clamp|p2a: Cloyster\n|-resisted|p2a: Cloyster\n|-damage|p2a: Cloyster|69/100\n|\n|upkeep\n|turn|16\n|\n|t:|1772977926\n|move|p1a: Cloyster|Clamp|p2a: Cloyster|[from] Clamp\n|-damage|p2a: Cloyster|63/100\n|cant|p2a: Cloyster|partiallytrapped\n|\n|upkeep\n|turn|17\n|\n|t:|1772977928\n|cant|p2a: Cloyster|partiallytrapped\n|move|p1a: Cloyster|Clamp|p2a: Cloyster|[from] Clamp\n|-damage|p2a: Cloyster|57/100\n|\n|upkeep\n|turn|18\n|\n|t:|1772977932\n|move|p1a: Cloyster|Clamp|p2a: Cloyster\n|-crit|p2a: Cloyster\n|-resisted|p2a: Cloyster\n|-damage|p2a: Cloyster|43/100\n|cant|p2a: Cloyster|partiallytrapped\n|\n|upkeep\n|turn|19\n|\n|t:|1772977935\n|switch|p2a: Exeggutor|Exeggutor|96/100\n|move|p1a: Cloyster|Clamp|p2a: Exeggutor\n|-resisted|p2a: Exeggutor\n|-damage|p2a: Exeggutor|92/100\n|\n|upkeep\n|turn|20\n|inactive|LNumbers has 120 seconds left.\n|\n|t:|1772977951\n|switch|p2a: Tauros|Tauros|100/100 par\n|move|p1a: Cloyster|Clamp|p2a: Tauros|[miss]\n|-miss|p1a: Cloyster\n|\n|upkeep\n|turn|21\n|inactive|Serpi n_n has 180 seconds left.\n|\n|t:|1772977970\n|switch|p2a: Cloyster|Cloyster|43/100\n|move|p1a: Cloyster|Clamp|p2a: Cloyster\n|-resisted|p2a: Cloyster\n|-damage|p2a: Cloyster|36/100\n|\n|upkeep\n|turn|22\n|inactive|LNumbers has 90 seconds left.\n|inactive|LNumbers has 60 seconds left.\n|\n|t:|1772978030\n|switch|p2a: Exeggutor|Exeggutor|92/100\n|move|p1a: Cloyster|Clamp|p2a: Exeggutor\n|-crit|p2a: Exeggutor\n|-resisted|p2a: Exeggutor\n|-damage|p2a: Exeggutor|84/100\n|\n|upkeep\n|turn|23\n|\n|t:|1772978044\n|switch|p2a: Chansey|Chansey|100/100\n|move|p1a: Cloyster|Clamp|p2a: Chansey\n|-damage|p2a: Chansey|96/100\n|\n|upkeep\n|turn|24\n|\n|t:|1772978053\n|switch|p2a: Cloyster|Cloyster|36/100\n|move|p1a: Cloyster|Clamp|p2a: Cloyster\n|-resisted|p2a: Cloyster\n|-damage|p2a: Cloyster|29/100\n|\n|upkeep\n|turn|25\n|inactive|Serpi n_n has 180 seconds left.\n|\n|t:|1772978079\n|cant|p2a: Cloyster|partiallytrapped\n|move|p1a: Cloyster|Clamp|p2a: Cloyster|[from] Clamp\n|-damage|p2a: Cloyster|22/100\n|\n|upkeep\n|turn|26\n|\n|t:|1772978088\n|switch|p1a: Tauros|Tauros|100/100\n|cant|p2a: Cloyster|partiallytrapped\n|\n|upkeep\n|turn|27\n|\n|t:|1772978091\n|switch|p2a: Starmie|Starmie|100/100\n|move|p1a: Tauros|Body Slam|p2a: Starmie\n|-damage|p2a: Starmie|64/100\n|\n|upkeep\n|turn|28\n|inactive|LNumbers has 90 seconds left.\n|\n|t:|1772978108\n|switch|p1a: Jynx|Jynx|100/100 par\n|move|p2a: Starmie|Recover|p2a: Starmie\n|-heal|p2a: Starmie|100/100\n|\n|upkeep\n|turn|29\n|inactive|LNumbers has 90 seconds left.\n|\n|t:|1772978122\n|switch|p2a: Tauros|Tauros|100/100 par\n|move|p1a: Jynx|Blizzard|p2a: Tauros\n|-crit|p2a: Tauros\n|-damage|p2a: Tauros|1/100 par\n|\n|upkeep\n|turn|30\n|inactive|LNumbers has 90 seconds left.\n|inactive|Serpi n_n has 180 seconds left.\n|\n|t:|1772978150\n|switch|p1a: Cloyster|Cloyster|100/100\n|move|p2a: Tauros|Rest|p2a: Tauros\n|-status|p2a: Tauros|slp|[from] move: Rest\n|-heal|p2a: Tauros|100/100 slp|[silent]\n|\n|upkeep\n|turn|31\n|inactive|Serpi n_n has 180 seconds left.\n|\n|t:|1772978161\n|switch|p2a: Starmie|Starmie|100/100\n|move|p1a: Cloyster|Blizzard|p2a: Starmie\n|-resisted|p2a: Starmie\n|-damage|p2a: Starmie|80/100\n|\n|upkeep\n|turn|32\n|inactive|Serpi n_n has 180 seconds left.\n|\n|t:|1772978176\n|switch|p2a: Cloyster|Cloyster|22/100\n|switch|p1a: Jynx|Jynx|100/100 par\n|\n|upkeep\n|turn|33\n|inactive|Serpi n_n has 180 seconds left.\n|inactive|Serpi n_n has 150 seconds left.\n|\n|t:|1772978225\n|move|p2a: Cloyster|Clamp|p1a: Jynx|[miss]\n|-miss|p2a: Cloyster\n|cant|p1a: Jynx|par\n|\n|upkeep\n|turn|34\n|inactive|Serpi n_n has 150 seconds left.\n|inactive|LNumbers has 60 seconds left.\n|\n|t:|1772978255\n|switch|p1a: Cloyster|Cloyster|100/100\n|move|p2a: Cloyster|Explosion|p1a: Cloyster\n|-damage|p1a: Cloyster|44/100\n|faint|p2a: Cloyster\n|\n|t:|1772978260\n|switch|p2a: Starmie|Starmie|80/100\n|turn|35\n|inactive|Serpi n_n has 150 seconds left.\n|inactive|LNumbers has 60 seconds left.\n|\n|t:|1772978276\n|switch|p1a: Chansey|Chansey|89/100\n|move|p2a: Starmie|Psychic|p1a: Chansey\n|-damage|p1a: Chansey|75/100\n|\n|upkeep\n|turn|36\n|inactive|LNumbers has 60 seconds left.\n|\n|t:|1772978290\n|switch|p1a: Jynx|Jynx|100/100 par\n|move|p2a: Starmie|Psychic|p1a: Jynx\n|-resisted|p1a: Jynx\n|-damage|p1a: Jynx|83/100 par\n|-unboost|p1a: Jynx|spa|1\n|-unboost|p1a: Jynx|spd|1\n|\n|upkeep\n|turn|37\n|inactive|Serpi n_n has 150 seconds left.\n|inactive|LNumbers has 60 seconds left.\n|\n|t:|1772978308\n|switch|p2a: Tauros|Tauros|100/100 slp\n|cant|p1a: Jynx|par\n|\n|upkeep\n|turn|38\n|\n|t:|1772978312\n|cant|p2a: Tauros|slp\n|move|p1a: Jynx|Blizzard|p2a: Tauros\n|-damage|p2a: Tauros|70/100 slp\n|\n|upkeep\n|turn|39\n|inactive|Serpi n_n has 150 seconds left.\n|inactive|LNumbers has 60 seconds left.\n|inactive|Serpi n_n has 120 seconds left.\n|inactive|LNumbers has 30 seconds left.\n|inactive|Serpi n_n has 90 seconds left.\n|inactive|Serpi n_n has 60 seconds left.\n|inactive|LNumbers has 20 seconds left.\n|inactive|LNumbers has 15 seconds left.\n|inactive|LNumbers has 10 seconds left.\n|\n|t:|1772978433\n|switch|p2a: Exeggutor|Exeggutor|84/100\n|switch|p1a: Tauros|Tauros|100/100\n|\n|upkeep\n|turn|40\n|inactive|LNumbers has 20 seconds left this turn.\n|inactive|LNumbers has 15 seconds left.\n|\n|t:|1772978442\n|switch|p1a: Jynx|Jynx|83/100 par\n|move|p2a: Exeggutor|Psychic|p1a: Jynx\n|-resisted|p1a: Jynx\n|-damage|p1a: Jynx|66/100 par\n|-unboost|p1a: Jynx|spa|1\n|-unboost|p1a: Jynx|spd|1\n|\n|upkeep\n|turn|41\n|inactive|LNumbers has 25 seconds left this turn.\n|inactive|LNumbers has 20 seconds left.\n|inactive|LNumbers has 15 seconds left.\n|inactive|LNumbers has 10 seconds left.\n|inactive|Serpi n_n has 60 seconds left.\n|inactive|LNumbers has 5 seconds left.\n|\n|t:|1772978463\n|move|p2a: Exeggutor|Psychic|p1a: Jynx\n|-resisted|p1a: Jynx\n|-damage|p1a: Jynx|38/100 par\n|move|p1a: Jynx|Lovely Kiss|p2a: Exeggutor\n|-status|p2a: Exeggutor|slp|[from] move: Lovely Kiss\n|\n|upkeep\n|turn|42\n|inactive|LNumbers has 15 seconds left this turn.\n|inactive|LNumbers has 10 seconds left.\n|inactive|Serpi n_n has 60 seconds left.\n|inactive|LNumbers has 5 seconds left.\n|\n|t:|1772978475\n|cant|p2a: Exeggutor|slp\n|move|p1a: Jynx|Rest|p1a: Jynx\n|-status|p1a: Jynx|slp|[from] move: Rest\n|-heal|p1a: Jynx|100/100 slp|[silent]\n|\n|upkeep\n|turn|43\n|inactive|LNumbers has 15 seconds left this turn.\n|\n|t:|1772978480\n|switch|p1a: Tauros|Tauros|100/100\n|cant|p2a: Exeggutor|slp\n|\n|upkeep\n|turn|44\n|inactive|LNumbers has 25 seconds left this turn.\n|\n|t:|1772978483\n|move|p1a: Tauros|Body Slam|p2a: Exeggutor\n|-damage|p2a: Exeggutor|55/100 slp\n|cant|p2a: Exeggutor|slp\n|\n|upkeep\n|turn|45\n|inactive|LNumbers has 30 seconds left.\n|inactive|LNumbers has 20 seconds left.\n|inactive|LNumbers has 15 seconds left.\n|inactive|LNumbers has 10 seconds left.\n|inactive|LNumbers has 5 seconds left.\n|\n|t:|1772978517\n|switch|p2a: Chansey|Chansey|96/100\n|move|p1a: Tauros|Body Slam|p2a: Chansey\n|-damage|p2a: Chansey|55/100\n|\n|upkeep\n|turn|46\n|inactive|LNumbers has 15 seconds left this turn.\n|inactive|LNumbers has 10 seconds left.\n|inactive|Serpi n_n has 90 seconds left.\n|inactive|LNumbers has 5 seconds left.\n|inactive|Serpi n_n has 60 seconds left.\n|\n|t:|1772978566\n|switch|p1a: Jynx|Jynx|100/100 slp\n|switch|p2a: Starmie|Starmie|80/100\n|\n|upkeep\n|turn|47\n|inactive|LNumbers has 15 seconds left this turn.\n|inactive|LNumbers has 10 seconds left.\n|\n|t:|1772978573\n|move|p2a: Starmie|Recover|p2a: Starmie\n|-heal|p2a: Starmie|100/100\n|cant|p1a: Jynx|slp\n|\n|upkeep\n|turn|48\n|inactive|LNumbers has 20 seconds left this turn.\n|\n|t:|1772978578\n|move|p2a: Starmie|Psychic|p1a: Jynx\n|-crit|p1a: Jynx\n|-resisted|p1a: Jynx\n|-damage|p1a: Jynx|71/100 slp\n|-curestatus|p1a: Jynx|slp|[msg]\n|\n|upkeep\n|turn|49\n|inactive|LNumbers has 30 seconds left this turn.\n|\n|t:|1772978584\n|switch|p1a: Chansey|Chansey|75/100\n|move|p2a: Starmie|Thunder Wave|p1a: Chansey\n|-status|p1a: Chansey|par\n|\n|upkeep\n|turn|50\n|\n|t:|1772978592\n|switch|p2a: Chansey|Chansey|55/100\n|move|p1a: Chansey|Soft-Boiled|p1a: Chansey\n|-heal|p1a: Chansey|100/100 par\n|\n|upkeep\n|turn|51\n|inactive|Serpi n_n has 90 seconds left.\n|\n|t:|1772978599\n|move|p2a: Chansey|Soft-Boiled|p2a: Chansey\n|-heal|p2a: Chansey|100/100\n|cant|p1a: Chansey|par\n|\n|upkeep\n|turn|52\n|\n|t:|1772978605\n|move|p2a: Chansey|Ice Beam|p1a: Chansey\n|-damage|p1a: Chansey|90/100 par\n|move|p1a: Chansey|Ice Beam|p2a: Chansey\n|-damage|p2a: Chansey|90/100\n|-status|p2a: Chansey|frz\n|\n|upkeep\n|turn|53\n|\n|t:|1772978618\n|switch|p2a: Tauros|Tauros|70/100 slp\n|move|p1a: Chansey|Ice Beam|p2a: Tauros\n|-damage|p2a: Tauros|41/100 slp\n|\n|upkeep\n|turn|54\n|inactive|Serpi n_n has 90 seconds left.\n|\n|t:|1772978640\n|-curestatus|p2a: Tauros|slp|[msg]\n|move|p1a: Chansey|Thunder Wave|p2a: Tauros\n|-status|p2a: Tauros|par\n|\n|upkeep\n|turn|55\n|inactive|Serpi n_n has 90 seconds left.\n|inactive|LNumbers has 60 seconds left.\n|\n|t:|1772978657\n|switch|p1a: Snorlax|Snorlax|53/100\n|move|p2a: Tauros|Body Slam|p1a: Snorlax\n|-damage|p1a: Snorlax|30/100\n|\n|upkeep\n|turn|56\n|inactive|LNumbers has 60 seconds left.\n|inactive|LNumbers has 30 seconds left.\n|inactive|LNumbers has 20 seconds left.\n|inactive|LNumbers has 15 seconds left.\n|inactive|LNumbers has 10 seconds left.\n|\n|t:|1772978713\n|switch|p1a: Cloyster|Cloyster|44/100\n|move|p2a: Tauros|Hyper Beam|p1a: Cloyster\n|-damage|p1a: Cloyster|9/100\n|-mustrecharge|p2a: Tauros\n|\n|upkeep\n|turn|57\n|inactive|LNumbers has 20 seconds left this turn.\n|\n|t:|1772978718\n|move|p1a: Cloyster|Explosion|p2a: Tauros\n|-damage|p2a: Tauros|0 fnt\n|faint|p2a: Tauros\n|faint|p1a: Cloyster\n|inactive|LNumbers has 25 seconds left this turn.\n|inactive|LNumbers has 20 seconds left.\n|inactive|LNumbers has 15 seconds left.\n|\n|t:|1772978732\n|switch|p1a: Tauros|Tauros|100/100\n|switch|p2a: Exeggutor|Exeggutor|55/100 slp\n|turn|58\n|inactive|LNumbers has 25 seconds left this turn.\n|inactive|LNumbers has 20 seconds left.\n|inactive|LNumbers has 15 seconds left.\n|\n|t:|1772978743\n|switch|p2a: Starmie|Starmie|100/100\n|move|p1a: Tauros|Body Slam|p2a: Starmie\n|-damage|p2a: Starmie|67/100\n|\n|upkeep\n|turn|59\n|inactive|LNumbers has 25 seconds left this turn.\n|inactive|LNumbers has 20 seconds left.\n|\n|t:|1772978749\n|switch|p1a: Chansey|Chansey|90/100 par\n|move|p2a: Starmie|Recover|p2a: Starmie\n|-heal|p2a: Starmie|100/100\n|\n|upkeep\n|turn|60\n|inactive|LNumbers has 30 seconds left this turn.\n|inactive|LNumbers has 20 seconds left.\n|\n|t:|1772978760\n|move|p2a: Starmie|Psychic|p1a: Chansey\n|-crit|p1a: Chansey\n|-damage|p1a: Chansey|61/100 par\n|cant|p1a: Chansey|par\n|\n|upkeep\n|turn|61\n|inactive|LNumbers has 30 seconds left this turn.\n|inactive|Serpi n_n has 90 seconds left.\n|\n|t:|1772978776\n|move|p2a: Starmie|Psychic|p1a: Chansey\n|-crit|p1a: Chansey\n|-damage|p1a: Chansey|33/100 par\n|move|p1a: Chansey|Soft-Boiled|p1a: Chansey\n|-heal|p1a: Chansey|82/100 par\n|\n|upkeep\n|turn|62\n|inactive|LNumbers has 30 seconds left.\n|\n|t:|1772978784\n|move|p2a: Starmie|Psychic|p1a: Chansey\n|-damage|p1a: Chansey|68/100 par\n|-unboost|p1a: Chansey|spa|1\n|-unboost|p1a: Chansey|spd|1\n|move|p1a: Chansey|Thunder Wave|p2a: Starmie\n|-status|p2a: Starmie|par\n|\n|upkeep\n|turn|63\n|\n|t:|1772978791\n|cant|p2a: Starmie|par\n|move|p1a: Chansey|Soft-Boiled|p1a: Chansey\n|-heal|p1a: Chansey|100/100 par\n|\n|upkeep\n|turn|64\n|\n|t:|1772978794\n|move|p2a: Starmie|Thunder Wave|p1a: Chansey\n|-fail|p1a: Chansey|par\n|move|p1a: Chansey|Seismic Toss|p2a: Starmie\n|-damage|p2a: Starmie|70/100 par\n|\n|upkeep\n|turn|65\n|\n|t:|1772978810\n|move|p2a: Starmie|Recover|p2a: Starmie\n|-heal|p2a: Starmie|100/100 par\n|cant|p1a: Chansey|par\n|\n|upkeep\n|turn|66\n|\n|t:|1772978813\n|cant|p2a: Starmie|par\n|move|p1a: Chansey|Seismic Toss|p2a: Starmie\n|-damage|p2a: Starmie|70/100 par\n|\n|upkeep\n|turn|67\n|\n|t:|1772978818\n|move|p2a: Starmie|Recover|p2a: Starmie\n|-heal|p2a: Starmie|100/100 par\n|move|p1a: Chansey|Seismic Toss|p2a: Starmie\n|-damage|p2a: Starmie|70/100 par\n|\n|upkeep\n|turn|68\n|\n|t:|1772978823\n|cant|p2a: Starmie|par\n|cant|p1a: Chansey|par\n|\n|upkeep\n|turn|69\n|\n|t:|1772978828\n|switch|p1a: Jynx|Jynx|71/100\n|move|p2a: Starmie|Recover|p2a: Starmie\n|-heal|p2a: Starmie|100/100 par\n|\n|upkeep\n|turn|70\n|inactive|LNumbers has 90 seconds left.\n|\n|t:|1772978846\n|switch|p1a: Chansey|Chansey|100/100 par\n|move|p2a: Starmie|Thunder Wave|p1a: Chansey\n|-fail|p1a: Chansey|par\n|\n|upkeep\n|turn|71\n|\n|t:|1772978855\n|move|p2a: Starmie|Thunder Wave|p1a: Chansey\n|-fail|p1a: Chansey|par\n|move|p1a: Chansey|Seismic Toss|p2a: Starmie\n|-damage|p2a: Starmie|70/100 par\n|\n|upkeep\n|turn|72\n|\n|t:|1772978857\n|move|p2a: Starmie|Recover|p2a: Starmie\n|-heal|p2a: Starmie|100/100 par\n|move|p1a: Chansey|Seismic Toss|p2a: Starmie\n|-damage|p2a: Starmie|70/100 par\n|\n|upkeep\n|turn|73\n|\n|t:|1772978862\n|move|p2a: Starmie|Thunder Wave|p1a: Chansey\n|-fail|p1a: Chansey|par\n|move|p1a: Chansey|Seismic Toss|p2a: Starmie\n|-damage|p2a: Starmie|39/100 par\n|\n|upkeep\n|turn|74\n|\n|t:|1772978867\n|cant|p2a: Starmie|par\n|move|p1a: Chansey|Seismic Toss|p2a: Starmie\n|-damage|p2a: Starmie|8/100 par\n|\n|upkeep\n|turn|75\n|inactive|LNumbers has 120 seconds left.\n|\n|t:|1772978883\n|switch|p1a: Snorlax|Snorlax|30/100\n|move|p2a: Starmie|Thunder Wave|p1a: Snorlax\n|-status|p1a: Snorlax|par\n|\n|upkeep\n|turn|76\n|\n|t:|1772978901\n|move|p2a: Starmie|Recover|p2a: Starmie\n|-heal|p2a: Starmie|57/100 par\n|move|p1a: Snorlax|Self-Destruct|p2a: Starmie\n|-damage|p2a: Starmie|0 fnt\n|faint|p2a: Starmie\n|faint|p1a: Snorlax\n|c|☆LNumbers|gg\n|\n|t:|1772978908\n|switch|p2a: Exeggutor|Exeggutor|55/100 slp\n|switch|p1a: Tauros|Tauros|100/100\n|turn|77\n|c|☆Serpi n_n|ggs\n|\n|t:|1772978911\n|move|p1a: Tauros|Body Slam|p2a: Exeggutor\n|-damage|p2a: Exeggutor|24/100 slp\n|-curestatus|p2a: Exeggutor|slp|[msg]\n|\n|upkeep\n|turn|78\n|\n|t:|1772978915\n|move|p1a: Tauros|Body Slam|p2a: Exeggutor\n|-damage|p2a: Exeggutor|0 fnt\n|faint|p2a: Exeggutor\n|\n|t:|1772978916\n|switch|p2a: Chansey|Chansey|90/100 frz\n|turn|79\n|-message|LNumbers forfeited.\n|\n|win|Serpi n_n\n","uploadtime":1772978920,"views":"875","formatid":"gen1ou","rating":null,"private":0,"password":null}