{"id":"smogtours-gen1ou-961010","format":"[Gen 1] OU","players":["wooooo rby","sadisticnarwhal"],"log":"|inactive|Battle timer is ON: inactive players will automatically lose when time's up.\n|t:|1785635606\n|gametype|singles\n|player|p1|wooooo rby|lucas|\n|player|p2|sadisticnarwhal|#rcop2023useast|\n|gen|1\n|tier|[Gen 1] OU\n|rule|Desync Clause Mod: Desyncs resolve to link battle behavior from the acting player's perspective.\n|rule|HP Percentage Mod: HP is shown in percentages\n|rule|Endless Battle Clause: Forcing endless battles is banned\n|rule|Sleep Clause Mod: Limit one foe put to sleep\n|rule|Freeze Clause Mod: Limit one foe frozen\n|rule|Species Clause: Limit one of each Pokémon\n|rule|OHKO Clause: OHKO moves are banned\n|rule|Evasion Moves Clause: Evasion moves are banned\n|\n|t:|1785635606\n|teamsize|p1|6\n|teamsize|p2|6\n|start\n|switch|p1a: Starmie|Starmie|100/100\n|switch|p2a: Gengar|Gengar|100/100\n|turn|1\n|c|☆sadisticnarwhal|hf\n|c|☆wooooo rby|hf\n|\n|t:|1785635621\n|switch|p2a: Jynx|Jynx|100/100\n|move|p1a: Starmie|Psychic|p2a: Jynx\n|-resisted|p2a: Jynx\n|-damage|p2a: Jynx|83/100\n|\n|upkeep\n|turn|2\n|\n|t:|1785635625\n|move|p1a: Starmie|Thunder Wave|p2a: Jynx\n|-status|p2a: Jynx|par\n|move|p2a: Jynx|Lovely Kiss|p1a: Starmie\n|-status|p1a: Starmie|slp|[from] move: Lovely Kiss\n|\n|upkeep\n|turn|3\n|\n|t:|1785635630\n|switch|p1a: Chansey|Chansey|100/100\n|switch|p2a: Snorlax|Snorlax|100/100\n|\n|upkeep\n|turn|4\n|\n|t:|1785635639\n|switch|p2a: Alakazam|Alakazam|100/100\n|move|p1a: Chansey|Seismic Toss|p2a: Alakazam\n|-damage|p2a: Alakazam|69/100\n|\n|upkeep\n|turn|5\n|\n|t:|1785635641\n|move|p2a: Alakazam|Thunder Wave|p1a: Chansey\n|-status|p1a: Chansey|par\n|move|p1a: Chansey|Sing|p2a: Alakazam\n|-status|p2a: Alakazam|slp|[from] move: Sing\n|\n|upkeep\n|turn|6\n|\n|t:|1785635647\n|switch|p2a: Snorlax|Snorlax|100/100\n|move|p1a: Chansey|Seismic Toss|p2a: Snorlax\n|-damage|p2a: Snorlax|81/100\n|\n|upkeep\n|turn|7\n|\n|t:|1785635651\n|move|p2a: Snorlax|Amnesia|p2a: Snorlax\n|-boost|p2a: Snorlax|spa|2\n|-boost|p2a: Snorlax|spd|2\n|move|p1a: Chansey|Thunder Wave|p2a: Snorlax\n|-status|p2a: Snorlax|par\n|\n|upkeep\n|turn|8\n|\n|t:|1785635657\n|switch|p1a: Snorlax|Snorlax|100/100\n|move|p2a: Snorlax|Amnesia|p2a: Snorlax\n|-boost|p2a: Snorlax|spa|2\n|-boost|p2a: Snorlax|spd|2\n|\n|upkeep\n|turn|9\n|\n|t:|1785635661\n|move|p1a: Snorlax|Body Slam|p2a: Snorlax\n|-crit|p2a: Snorlax\n|-damage|p2a: Snorlax|33/100 par\n|cant|p2a: Snorlax|par\n|\n|upkeep\n|turn|10\n|\n|t:|1785635668\n|move|p1a: Snorlax|Body Slam|p2a: Snorlax\n|-damage|p2a: Snorlax|7/100 par\n|move|p2a: Snorlax|Blizzard|p1a: Snorlax\n|-damage|p1a: Snorlax|48/100\n|\n|upkeep\n|turn|11\n|\n|t:|1785635671\n|switch|p2a: Gengar|Gengar|100/100\n|move|p1a: Snorlax|Body Slam|p2a: Gengar\n|-immune|p2a: Gengar\n|\n|upkeep\n|turn|12\n|\n|t:|1785635678\n|switch|p1a: Chansey|Chansey|100/100 par\n|move|p2a: Gengar|Psychic|p1a: Chansey\n|-damage|p1a: Chansey|90/100 par\n|-unboost|p1a: Chansey|spa|1\n|-unboost|p1a: Chansey|spd|1\n|\n|upkeep\n|turn|13\n|\n|t:|1785635684\n|switch|p1a: Exeggutor|Exeggutor|100/100\n|move|p2a: Gengar|Psychic|p1a: Exeggutor\n|-resisted|p1a: Exeggutor\n|-damage|p1a: Exeggutor|92/100\n|\n|upkeep\n|turn|14\n|\n|t:|1785635692\n|switch|p1a: Rhydon|Rhydon|100/100\n|move|p2a: Gengar|Night Shade|p1a: Rhydon\n|-damage|p1a: Rhydon|76/100\n|\n|upkeep\n|turn|15\n|\n|t:|1785635701\n|switch|p2a: Starmie|Starmie|100/100\n|move|p1a: Rhydon|Earthquake|p2a: Starmie\n|-damage|p2a: Starmie|51/100\n|\n|upkeep\n|turn|16\n|\n|t:|1785635708\n|switch|p1a: Chansey|Chansey|90/100 par\n|move|p2a: Starmie|Blizzard|p1a: Chansey\n|-damage|p1a: Chansey|77/100 par\n|\n|upkeep\n|turn|17\n|\n|t:|1785635713\n|switch|p2a: Gengar|Gengar|100/100\n|move|p1a: Chansey|Seismic Toss|p2a: Gengar\n|-damage|p2a: Gengar|70/100\n|\n|upkeep\n|turn|18\n|\n|t:|1785635718\n|move|p2a: Gengar|Explosion|p1a: Chansey\n|-crit|p1a: Chansey\n|-damage|p1a: Chansey|0 fnt\n|faint|p1a: Chansey\n|faint|p2a: Gengar\n|\n|t:|1785635726\n|switch|p2a: Tauros|Tauros|100/100\n|switch|p1a: Snorlax|Snorlax|48/100\n|turn|19\n|\n|t:|1785635737\n|switch|p2a: Snorlax|Snorlax|7/100 par\n|move|p1a: Snorlax|Body Slam|p2a: Snorlax\n|-damage|p2a: Snorlax|0 fnt\n|faint|p2a: Snorlax\n|\n|t:|1785635743\n|switch|p2a: Tauros|Tauros|100/100\n|turn|20\n|\n|t:|1785635746\n|move|p2a: Tauros|Blizzard|p1a: Snorlax\n|-damage|p1a: Snorlax|31/100\n|move|p1a: Snorlax|Self-Destruct|p2a: Tauros\n|-damage|p2a: Tauros|0 fnt\n|faint|p2a: Tauros\n|faint|p1a: Snorlax\n|\n|t:|1785635757\n|switch|p2a: Starmie|Starmie|51/100\n|switch|p1a: Tauros|Tauros|100/100\n|turn|21\n|\n|t:|1785635763\n|move|p2a: Starmie|Thunder Wave|p1a: Tauros\n|-status|p1a: Tauros|par\n|move|p1a: Tauros|Body Slam|p2a: Starmie\n|-damage|p2a: Starmie|18/100\n|\n|upkeep\n|turn|22\n|\n|t:|1785635766\n|move|p2a: Starmie|Recover|p2a: Starmie\n|-heal|p2a: Starmie|67/100\n|cant|p1a: Tauros|par\n|\n|upkeep\n|turn|23\n|\n|t:|1785635773\n|move|p2a: Starmie|Psychic|p1a: Tauros\n|-damage|p1a: Tauros|64/100 par\n|-unboost|p1a: Tauros|spa|1\n|-unboost|p1a: Tauros|spd|1\n|cant|p1a: Tauros|par\n|\n|upkeep\n|turn|24\n|\n|t:|1785635779\n|move|p2a: Starmie|Psychic|p1a: Tauros\n|-crit|p1a: Tauros\n|-damage|p1a: Tauros|0 fnt\n|faint|p1a: Tauros\n|\n|t:|1785635782\n|switch|p1a: Starmie|Starmie|100/100 slp\n|turn|25\n|\n|t:|1785635792\n|move|p2a: Starmie|Psychic|p1a: Starmie\n|-resisted|p1a: Starmie\n|-damage|p1a: Starmie|84/100 slp\n|-unboost|p1a: Starmie|spa|1\n|-unboost|p1a: Starmie|spd|1\n|cant|p1a: Starmie|slp\n|\n|upkeep\n|turn|26\n|\n|t:|1785635794\n|-curestatus|p1a: Starmie|slp|[msg]\n|move|p2a: Starmie|Psychic|p1a: Starmie\n|-resisted|p1a: Starmie\n|-damage|p1a: Starmie|59/100\n|\n|upkeep\n|turn|27\n|\n|t:|1785635797\n|switch|p2a: Jynx|Jynx|83/100 par\n|move|p1a: Starmie|Recover|p1a: Starmie\n|-heal|p1a: Starmie|100/100\n|\n|upkeep\n|turn|28\n|\n|t:|1785635801\n|move|p1a: Starmie|Psychic|p2a: Jynx\n|-resisted|p2a: Jynx\n|-damage|p2a: Jynx|72/100 par\n|cant|p2a: Jynx|par\n|\n|upkeep\n|turn|29\n|\n|t:|1785635805\n|switch|p1a: Exeggutor|Exeggutor|92/100\n|cant|p2a: Jynx|par\n|\n|upkeep\n|turn|30\n|\n|t:|1785635810\n|move|p1a: Exeggutor|Psychic|p2a: Jynx\n|-resisted|p2a: Jynx\n|-damage|p2a: Jynx|54/100 par\n|move|p2a: Jynx|Lovely Kiss|p1a: Exeggutor\n|-status|p1a: Exeggutor|slp|[from] move: Lovely Kiss\n|\n|upkeep\n|turn|31\n|\n|t:|1785635814\n|switch|p1a: Starmie|Starmie|100/100\n|move|p2a: Jynx|Ice Beam|p1a: Starmie\n|-resisted|p1a: Starmie\n|-damage|p1a: Starmie|84/100\n|\n|upkeep\n|turn|32\n|\n|t:|1785635823\n|move|p1a: Starmie|Psychic|p2a: Jynx\n|-resisted|p2a: Jynx\n|-damage|p2a: Jynx|38/100 par\n|-unboost|p2a: Jynx|spa|1\n|-unboost|p2a: Jynx|spd|1\n|cant|p2a: Jynx|par\n|\n|upkeep\n|turn|33\n|\n|t:|1785635832\n|switch|p2a: Starmie|Starmie|67/100\n|move|p1a: Starmie|Psychic|p2a: Starmie\n|-resisted|p2a: Starmie\n|-damage|p2a: Starmie|52/100\n|\n|upkeep\n|turn|34\n|\n|t:|1785635836\n|move|p2a: Starmie|Thunder Wave|p1a: Starmie\n|-status|p1a: Starmie|par\n|move|p1a: Starmie|Thunder Wave|p2a: Starmie\n|-status|p2a: Starmie|par\n|\n|upkeep\n|turn|35\n|\n|t:|1785635839\n|move|p2a: Starmie|Recover|p2a: Starmie\n|-heal|p2a: Starmie|100/100 par\n|cant|p1a: Starmie|par\n|\n|upkeep\n|turn|36\n|\n|t:|1785635845\n|cant|p1a: Starmie|par\n|move|p2a: Starmie|Psychic|p1a: Starmie\n|-crit|p1a: Starmie\n|-resisted|p1a: Starmie\n|-damage|p1a: Starmie|52/100 par\n|\n|upkeep\n|turn|37\n|\n|t:|1785635848\n|move|p1a: Starmie|Recover|p1a: Starmie\n|-heal|p1a: Starmie|100/100 par\n|move|p2a: Starmie|Psychic|p1a: Starmie\n|-crit|p1a: Starmie\n|-resisted|p1a: Starmie\n|-damage|p1a: Starmie|71/100 par\n|-unboost|p1a: Starmie|spa|1\n|-unboost|p1a: Starmie|spd|1\n|\n|upkeep\n|turn|38\n|\n|t:|1785635851\n|switch|p2a: Jynx|Jynx|38/100 par\n|cant|p1a: Starmie|par\n|\n|upkeep\n|turn|39\n|\n|t:|1785635855\n|move|p2a: Jynx|Ice Beam|p1a: Starmie\n|-resisted|p1a: Starmie\n|-damage|p1a: Starmie|46/100 par\n|cant|p1a: Starmie|par\n|\n|upkeep\n|turn|40\n|\n|t:|1785635858\n|cant|p2a: Jynx|par\n|move|p1a: Starmie|Recover|p1a: Starmie\n|-heal|p1a: Starmie|96/100 par\n|\n|upkeep\n|turn|41\n|\n|t:|1785635862\n|cant|p2a: Jynx|par\n|move|p1a: Starmie|Recover|p1a: Starmie\n|-heal|p1a: Starmie|100/100 par\n|\n|upkeep\n|turn|42\n|\n|t:|1785635865\n|move|p2a: Jynx|Psychic|p1a: Starmie\n|-resisted|p1a: Starmie\n|-damage|p1a: Starmie|76/100 par\n|-unboost|p1a: Starmie|spa|1\n|-unboost|p1a: Starmie|spd|1\n|move|p1a: Starmie|Psychic|p2a: Jynx\n|-resisted|p2a: Jynx\n|-damage|p2a: Jynx|29/100 par\n|\n|upkeep\n|turn|43\n|\n|t:|1785635870\n|move|p2a: Jynx|Ice Beam|p1a: Starmie\n|-resisted|p1a: Starmie\n|-damage|p1a: Starmie|43/100 par\n|move|p1a: Starmie|Recover|p1a: Starmie\n|-heal|p1a: Starmie|93/100 par\n|\n|upkeep\n|turn|44\n|\n|t:|1785635875\n|move|p2a: Jynx|Rest|p2a: Jynx\n|-status|p2a: Jynx|slp|[from] move: Rest\n|-heal|p2a: Jynx|100/100 slp|[silent]\n|cant|p1a: Starmie|par\n|\n|upkeep\n|turn|45\n|\n|t:|1785635882\n|switch|p1a: Rhydon|Rhydon|76/100\n|cant|p2a: Jynx|slp\n|\n|upkeep\n|turn|46\n|\n|t:|1785635894\n|move|p1a: Rhydon|Substitute|p1a: Rhydon\n|-start|p1a: Rhydon|Substitute\n|-damage|p1a: Rhydon|51/100\n|-curestatus|p2a: Jynx|slp|[msg]\n|\n|upkeep\n|turn|47\n|\n|t:|1785635902\n|switch|p2a: Alakazam|Alakazam|69/100 slp\n|move|p1a: Rhydon|Rock Slide|p2a: Alakazam\n|-damage|p2a: Alakazam|18/100 slp\n|\n|upkeep\n|turn|48\n|\n|t:|1785635910\n|cant|p2a: Alakazam|slp\n|move|p1a: Rhydon|Earthquake|p2a: Alakazam\n|-damage|p2a: Alakazam|0 fnt\n|faint|p2a: Alakazam\n|\n|t:|1785635912\n|switch|p2a: Starmie|Starmie|100/100 par\n|turn|49\n|\n|t:|1785635915\n|move|p1a: Rhydon|Earthquake|p2a: Starmie\n|-damage|p2a: Starmie|51/100 par\n|move|p2a: Starmie|Psychic|p1a: Rhydon\n|-end|p1a: Rhydon|Substitute\n|\n|upkeep\n|turn|50\n|\n|t:|1785635935\n|move|p1a: Rhydon|Substitute|p1a: Rhydon\n|-start|p1a: Rhydon|Substitute\n|-damage|p1a: Rhydon|26/100\n|cant|p2a: Starmie|par\n|\n|upkeep\n|turn|51\n|\n|t:|1785635940\n|move|p1a: Rhydon|Earthquake|p2a: Starmie\n|-damage|p2a: Starmie|3/100 par\n|move|p2a: Starmie|Psychic|p1a: Rhydon\n|-end|p1a: Rhydon|Substitute\n|\n|upkeep\n|turn|52\n|inactive|sadisticnarwhal has 270 seconds left.\n|inactive|sadisticnarwhal has 240 seconds left.\n|\n|t:|1785636017\n|switch|p2a: Jynx|Jynx|100/100\n|move|p1a: Rhydon|Substitute|p1a: Rhydon\n|-start|p1a: Rhydon|Substitute\n|-damage|p1a: Rhydon|1/100\n|\n|upkeep\n|turn|53\n|\n|t:|1785636023\n|move|p2a: Jynx|Ice Beam|p1a: Rhydon\n|-supereffective|p1a: Rhydon\n|-end|p1a: Rhydon|Substitute\n|move|p1a: Rhydon|Rock Slide|p2a: Jynx\n|-supereffective|p2a: Jynx\n|-damage|p2a: Jynx|0 fnt\n|faint|p2a: Jynx\n|c|☆sadisticnarwhal|gg\n|c|☆wooooo rby|gg\n|-message|sadisticnarwhal forfeited.\n|\n|win|wooooo rby\n|player|p2|\n|player|p1|\n","uploadtime":1785636029,"views":"95","formatid":"gen1ou","rating":null,"private":0,"password":null}