{"id":"smogtours-gen1ou-904240","format":"[Gen 1] OU","players":["Sceptross","nicole7735"],"log":"|inactive|Battle timer is ON: inactive players will automatically lose when time's up.\n|t:|1769895183\n|gametype|singles\n|player|p1|Sceptross|#splxviicryonicles2|\n|player|p2|nicole7735|#splxviiscooters|\n|gen|1\n|tier|[Gen 1] OU\n|rule|Desync Clause Mod: Desyncs changed to move failure.\n|rule|Sleep Clause Mod: Limit one foe put to sleep\n|rule|Freeze Clause Mod: Limit one foe frozen\n|rule|Species Clause: Limit one of each Pokémon\n|rule|OHKO Clause: OHKO moves are banned\n|rule|Evasion Moves Clause: Evasion moves are banned\n|rule|Endless Battle Clause: Forcing endless battles is banned\n|rule|HP Percentage Mod: HP is shown in percentages\n|\n|t:|1769895183\n|teamsize|p1|6\n|teamsize|p2|6\n|start\n|switch|p1a: Alakazam|Alakazam|100/100\n|switch|p2a: Jynx|Jynx|100/100\n|turn|1\n|c|☆Sceptross|gl hf\n|c|☆nicole7735|hf\n|\n|t:|1769895211\n|switch|p1a: Jynx|Jynx|100/100\n|move|p2a: Jynx|Lovely Kiss|p1a: Jynx|[miss]\n|-miss|p2a: Jynx\n|\n|upkeep\n|turn|2\n|\n|t:|1769895217\n|move|p1a: Jynx|Lovely Kiss|p2a: Jynx\n|-status|p2a: Jynx|slp|[from] move: Lovely Kiss\n|cant|p2a: Jynx|slp\n|\n|upkeep\n|turn|3\n|rated|Smogon Premier League\n|inactive|nicole7735 has 270 seconds left.\n|\n|t:|1769895249\n|-curestatus|p2a: Jynx|slp|[msg]\n|move|p1a: Jynx|Blizzard|p2a: Jynx\n|-crit|p2a: Jynx\n|-resisted|p2a: Jynx\n|-damage|p2a: Jynx|58/100\n|\n|upkeep\n|turn|4\n|\n|t:|1769895255\n|move|p1a: Jynx|Lovely Kiss|p2a: Jynx|[miss]\n|-miss|p1a: Jynx\n|move|p2a: Jynx|Lovely Kiss|p1a: Jynx\n|-status|p1a: Jynx|slp|[from] move: Lovely Kiss\n|\n|upkeep\n|turn|5\n|\n|t:|1769895262\n|-curestatus|p1a: Jynx|slp|[msg]\n|move|p2a: Jynx|Blizzard|p1a: Jynx\n|-resisted|p1a: Jynx\n|-damage|p1a: Jynx|78/100\n|\n|upkeep\n|turn|6\n|\n|t:|1769895264\n|move|p1a: Jynx|Lovely Kiss|p2a: Jynx\n|-status|p2a: Jynx|slp|[from] move: Lovely Kiss\n|cant|p2a: Jynx|slp\n|\n|upkeep\n|turn|7\n|\n|t:|1769895274\n|switch|p2a: Chansey|Chansey|100/100\n|move|p1a: Jynx|Blizzard|p2a: Chansey\n|-damage|p2a: Chansey|81/100\n|\n|upkeep\n|turn|8\n|\n|t:|1769895280\n|move|p1a: Jynx|Blizzard|p2a: Chansey|[miss]\n|-miss|p1a: Jynx\n|move|p2a: Chansey|Thunder Wave|p1a: Jynx\n|-status|p1a: Jynx|par\n|\n|upkeep\n|turn|9\n|\n|t:|1769895286\n|move|p2a: Chansey|Thunderbolt|p1a: Jynx\n|-damage|p1a: Jynx|53/100 par\n|move|p1a: Jynx|Rest|p1a: Jynx\n|-status|p1a: Jynx|slp|[from] move: Rest\n|-heal|p1a: Jynx|100/100 slp|[silent]\n|\n|upkeep\n|turn|10\n|inactive|Sceptross has 270 seconds left.\n|\n|t:|1769895320\n|move|p2a: Chansey|Thunderbolt|p1a: Jynx\n|-damage|p1a: Jynx|77/100 slp\n|cant|p1a: Jynx|slp\n|\n|upkeep\n|turn|11\n|\n|t:|1769895329\n|move|p2a: Chansey|Thunderbolt|p1a: Jynx\n|-damage|p1a: Jynx|52/100 slp\n|-curestatus|p1a: Jynx|slp|[msg]\n|\n|upkeep\n|turn|12\n|\n|t:|1769895338\n|switch|p1a: Chansey|Chansey|100/100\n|move|p2a: Chansey|Thunderbolt|p1a: Chansey\n|-damage|p1a: Chansey|91/100\n|-status|p1a: Chansey|par\n|\n|upkeep\n|turn|13\n|inactive|Sceptross has 270 seconds left.\n|\n|t:|1769895364\n|move|p2a: Chansey|Ice Beam|p1a: Chansey\n|-damage|p1a: Chansey|81/100 par\n|move|p1a: Chansey|Ice Beam|p2a: Chansey\n|-damage|p2a: Chansey|70/100\n|\n|upkeep\n|turn|14\n|inactive|Sceptross has 270 seconds left.\n|\n|t:|1769895377\n|move|p2a: Chansey|Soft-Boiled|p2a: Chansey\n|-heal|p2a: Chansey|100/100\n|cant|p1a: Chansey|par\n|\n|upkeep\n|turn|15\n|inactive|Sceptross has 270 seconds left.\n|\n|t:|1769895384\n|move|p2a: Chansey|Ice Beam|p1a: Chansey\n|-damage|p1a: Chansey|70/100 par\n|move|p1a: Chansey|Ice Beam|p2a: Chansey\n|-damage|p2a: Chansey|90/100\n|\n|upkeep\n|turn|16\n|\n|t:|1769895390\n|switch|p2a: Cloyster|Cloyster|100/100\n|move|p1a: Chansey|Soft-Boiled|p1a: Chansey\n|-heal|p1a: Chansey|100/100 par\n|\n|upkeep\n|turn|17\n|inactive|Sceptross has 270 seconds left.\n|\n|t:|1769895431\n|move|p2a: Cloyster|Clamp|p1a: Chansey\n|-damage|p1a: Chansey|96/100 par\n|cant|p1a: Chansey|partiallytrapped\n|\n|upkeep\n|turn|18\n|\n|t:|1769895435\n|move|p2a: Cloyster|Clamp|p1a: Chansey|[from] Clamp\n|-damage|p1a: Chansey|91/100 par\n|cant|p1a: Chansey|partiallytrapped\n|\n|upkeep\n|turn|19\n|\n|t:|1769895439\n|move|p2a: Cloyster|Clamp|p1a: Chansey|[from] Clamp\n|-damage|p1a: Chansey|86/100 par\n|cant|p1a: Chansey|partiallytrapped\n|\n|upkeep\n|turn|20\n|\n|t:|1769895443\n|move|p2a: Cloyster|Clamp|p1a: Chansey|[from] Clamp\n|-damage|p1a: Chansey|81/100 par\n|cant|p1a: Chansey|partiallytrapped\n|\n|upkeep\n|turn|21\n|\n|t:|1769895448\n|switch|p1a: Cloyster|Cloyster|100/100\n|move|p2a: Cloyster|Clamp|p1a: Cloyster\n|-resisted|p1a: Cloyster\n|-damage|p1a: Cloyster|93/100\n|\n|upkeep\n|turn|22\n|\n|t:|1769895456\n|cant|p1a: Cloyster|partiallytrapped\n|move|p2a: Cloyster|Clamp|p1a: Cloyster|[from] Clamp\n|-damage|p1a: Cloyster|86/100\n|\n|upkeep\n|turn|23\n|\n|t:|1769895460\n|switch|p2a: Zapdos|Zapdos|100/100\n|move|p1a: Cloyster|Clamp|p2a: Zapdos|[miss]\n|-miss|p1a: Cloyster\n|\n|upkeep\n|turn|24\n|inactive|Sceptross has 270 seconds left.\n|inactive|nicole7735 has 270 seconds left.\n|inactive|Sceptross has 240 seconds left.\n|inactive|Sceptross has 210 seconds left.\n|inactive|Sceptross has 180 seconds left.\n|\n|t:|1769895585\n|switch|p1a: Snorlax|Snorlax|100/100\n|move|p2a: Zapdos|Drill Peck|p1a: Snorlax\n|-damage|p1a: Snorlax|80/100\n|\n|upkeep\n|turn|25\n|inactive|Sceptross has 180 seconds left.\n|inactive|nicole7735 has 240 seconds left.\n|\n|t:|1769895608\n|switch|p2a: Cloyster|Cloyster|100/100\n|switch|p1a: Alakazam|Alakazam|100/100\n|\n|upkeep\n|turn|26\n|inactive|Sceptross has 180 seconds left.\n|inactive|nicole7735 has 240 seconds left.\n|\n|t:|1769895617\n|switch|p2a: Chansey|Chansey|90/100\n|move|p1a: Alakazam|Thunder Wave|p2a: Chansey\n|-status|p2a: Chansey|par\n|\n|upkeep\n|turn|27\n|\n|t:|1769895626\n|switch|p1a: Chansey|Chansey|81/100 par\n|cant|p2a: Chansey|par\n|\n|upkeep\n|turn|28\n|\n|t:|1769895630\n|move|p1a: Chansey|Soft-Boiled|p1a: Chansey\n|-heal|p1a: Chansey|100/100 par\n|cant|p2a: Chansey|par\n|\n|upkeep\n|turn|29\n|\n|t:|1769895638\n|cant|p2a: Chansey|par\n|move|p1a: Chansey|Ice Beam|p2a: Chansey\n|-crit|p2a: Chansey\n|-damage|p2a: Chansey|69/100 par\n|\n|upkeep\n|turn|30\n|\n|t:|1769895643\n|move|p2a: Chansey|Soft-Boiled|p2a: Chansey\n|-heal|p2a: Chansey|100/100 par\n|move|p1a: Chansey|Ice Beam|p2a: Chansey\n|-damage|p2a: Chansey|89/100 par\n|\n|upkeep\n|turn|31\n|inactive|Sceptross has 210 seconds left.\n|\n|t:|1769895654\n|cant|p1a: Chansey|par\n|move|p2a: Chansey|Ice Beam|p1a: Chansey\n|-damage|p1a: Chansey|90/100 par\n|\n|upkeep\n|turn|32\n|inactive|Sceptross has 210 seconds left.\n|\n|t:|1769895674\n|cant|p1a: Chansey|par\n|move|p2a: Chansey|Ice Beam|p1a: Chansey\n|-damage|p1a: Chansey|79/100 par\n|\n|upkeep\n|turn|33\n|\n|t:|1769895681\n|cant|p2a: Chansey|par\n|move|p1a: Chansey|Soft-Boiled|p1a: Chansey\n|-heal|p1a: Chansey|100/100 par\n|\n|upkeep\n|turn|34\n|\n|t:|1769895686\n|move|p1a: Chansey|Ice Beam|p2a: Chansey\n|-damage|p2a: Chansey|78/100 par\n|move|p2a: Chansey|Ice Beam|p1a: Chansey\n|-crit|p1a: Chansey\n|-damage|p1a: Chansey|81/100 par\n|\n|upkeep\n|turn|35\n|\n|t:|1769895693\n|move|p1a: Chansey|Soft-Boiled|p1a: Chansey\n|-heal|p1a: Chansey|100/100 par\n|move|p2a: Chansey|Ice Beam|p1a: Chansey\n|-damage|p1a: Chansey|90/100 par\n|\n|upkeep\n|turn|36\n|\n|t:|1769895697\n|move|p2a: Chansey|Ice Beam|p1a: Chansey\n|-damage|p1a: Chansey|79/100 par\n|move|p1a: Chansey|Ice Beam|p2a: Chansey\n|-damage|p2a: Chansey|67/100 par\n|\n|upkeep\n|turn|37\n|\n|t:|1769895703\n|move|p1a: Chansey|Soft-Boiled|p1a: Chansey\n|-heal|p1a: Chansey|100/100 par\n|cant|p2a: Chansey|par\n|\n|upkeep\n|turn|38\n|\n|t:|1769895706\n|switch|p1a: Snorlax|Snorlax|80/100\n|move|p2a: Chansey|Thunder Wave|p1a: Snorlax\n|-status|p1a: Snorlax|par\n|\n|upkeep\n|turn|39\n|\n|t:|1769895726\n|switch|p2a: Cloyster|Cloyster|100/100\n|cant|p1a: Snorlax|par\n|\n|upkeep\n|turn|40\n|inactive|Sceptross has 270 seconds left.\n|\n|t:|1769895745\n|switch|p1a: Cloyster|Cloyster|86/100\n|move|p2a: Cloyster|Blizzard|p1a: Cloyster\n|-resisted|p1a: Cloyster\n|-damage|p1a: Cloyster|75/100\n|\n|upkeep\n|turn|41\n|\n|t:|1769895750\n|move|p2a: Cloyster|Clamp|p1a: Cloyster|[miss]\n|-miss|p2a: Cloyster\n|move|p1a: Cloyster|Clamp|p2a: Cloyster\n|-resisted|p2a: Cloyster\n|-damage|p2a: Cloyster|94/100\n|\n|upkeep\n|turn|42\n|\n|t:|1769895757\n|cant|p2a: Cloyster|partiallytrapped\n|move|p1a: Cloyster|Clamp|p2a: Cloyster|[from] Clamp\n|-damage|p2a: Cloyster|87/100\n|\n|upkeep\n|turn|43\n|\n|t:|1769895758\n|cant|p2a: Cloyster|partiallytrapped\n|move|p1a: Cloyster|Clamp|p2a: Cloyster|[from] Clamp\n|-damage|p2a: Cloyster|81/100\n|\n|upkeep\n|turn|44\n|\n|t:|1769895763\n|move|p1a: Cloyster|Clamp|p2a: Cloyster\n|-resisted|p2a: Cloyster\n|-damage|p2a: Cloyster|74/100\n|cant|p2a: Cloyster|partiallytrapped\n|\n|upkeep\n|turn|45\n|\n|t:|1769895773\n|move|p1a: Cloyster|Clamp|p2a: Cloyster|[from] Clamp\n|-damage|p2a: Cloyster|67/100\n|cant|p2a: Cloyster|partiallytrapped\n|\n|upkeep\n|turn|46\n|\n|t:|1769895777\n|move|p1a: Cloyster|Clamp|p2a: Cloyster\n|-resisted|p2a: Cloyster\n|-damage|p2a: Cloyster|60/100\n|cant|p2a: Cloyster|partiallytrapped\n|\n|upkeep\n|turn|47\n|\n|t:|1769895782\n|move|p1a: Cloyster|Clamp|p2a: Cloyster|[from] Clamp\n|-damage|p2a: Cloyster|53/100\n|cant|p2a: Cloyster|partiallytrapped\n|\n|upkeep\n|turn|48\n|\n|t:|1769895792\n|switch|p1a: Alakazam|Alakazam|100/100\n|cant|p2a: Cloyster|partiallytrapped\n|\n|upkeep\n|turn|49\n|inactive|nicole7735 has 270 seconds left.\n|\n|t:|1769895852\n|switch|p2a: Chansey|Chansey|67/100 par\n|move|p1a: Alakazam|Psychic|p2a: Chansey\n|-crit|p2a: Chansey\n|-damage|p2a: Chansey|34/100 par\n|\n|upkeep\n|turn|50\n|\n|t:|1769895858\n|move|p1a: Alakazam|Psychic|p2a: Chansey\n|-crit|p2a: Chansey\n|-damage|p2a: Chansey|0 fnt\n|faint|p2a: Chansey\n|\n|t:|1769895869\n|switch|p2a: Snorlax|Snorlax|100/100\n|turn|51\n|inactive|Sceptross has 270 seconds left.\n|inactive|Sceptross has 240 seconds left.\n|inactive|Sceptross has 210 seconds left.\n|\n|t:|1769895976\n|switch|p1a: Cloyster|Cloyster|75/100\n|move|p2a: Snorlax|Body Slam|p1a: Cloyster\n|-damage|p1a: Cloyster|54/100\n|\n|upkeep\n|turn|52\n|\n|t:|1769895997\n|move|p1a: Cloyster|Clamp|p2a: Snorlax\n|-damage|p2a: Snorlax|90/100\n|cant|p2a: Snorlax|partiallytrapped\n|\n|upkeep\n|turn|53\n|\n|t:|1769895999\n|switch|p2a: Cloyster|Cloyster|53/100\n|move|p1a: Cloyster|Clamp|p2a: Cloyster\n|-resisted|p2a: Cloyster\n|-damage|p2a: Cloyster|46/100\n|\n|upkeep\n|turn|54\n|inactive|Sceptross has 180 seconds left.\n|\n|t:|1769896044\n|cant|p2a: Cloyster|partiallytrapped\n|move|p1a: Cloyster|Clamp|p2a: Cloyster|[from] Clamp\n|-damage|p2a: Cloyster|40/100\n|\n|upkeep\n|turn|55\n|\n|t:|1769896049\n|switch|p2a: Zapdos|Zapdos|100/100\n|switch|p1a: Alakazam|Alakazam|100/100\n|\n|upkeep\n|turn|56\n|inactive|Sceptross has 180 seconds left.\n|\n|t:|1769896068\n|move|p1a: Alakazam|Thunder Wave|p2a: Zapdos\n|-status|p2a: Zapdos|par\n|move|p2a: Zapdos|Thunder Wave|p1a: Alakazam\n|-status|p1a: Alakazam|par\n|\n|upkeep\n|turn|57\n|\n|t:|1769896078\n|switch|p2a: Jynx|Jynx|58/100 slp\n|move|p1a: Alakazam|Psychic|p2a: Jynx\n|-resisted|p2a: Jynx\n|-damage|p2a: Jynx|39/100 slp\n|\n|upkeep\n|turn|58\n|\n|t:|1769896090\n|switch|p1a: Tauros|Tauros|100/100\n|-curestatus|p2a: Jynx|slp|[msg]\n|\n|upkeep\n|turn|59\n|inactive|nicole7735 has 270 seconds left.\n|inactive|nicole7735 has 240 seconds left.\n|inactive|nicole7735 has 210 seconds left.\n|inactive|nicole7735 has 180 seconds left.\n|inactive|nicole7735 has 150 seconds left.\n|inactive|nicole7735 has 120 seconds left.\n|inactive|nicole7735 has 90 seconds left.\n|\n|t:|1769896322\n|switch|p2a: Cloyster|Cloyster|40/100\n|move|p1a: Tauros|Body Slam|p2a: Cloyster\n|-damage|p2a: Cloyster|20/100\n|\n|upkeep\n|turn|60\n|\n|t:|1769896327\n|move|p1a: Tauros|Body Slam|p2a: Cloyster\n|-damage|p2a: Cloyster|0 fnt\n|faint|p2a: Cloyster\n|\n|t:|1769896331\n|switch|p2a: Tauros|Tauros|100/100\n|turn|61\n|inactive|Sceptross has 210 seconds left.\n|inactive|Sceptross has 180 seconds left.\n|\n|t:|1769896377\n|move|p2a: Tauros|Body Slam|p1a: Tauros\n|-damage|p1a: Tauros|70/100\n|move|p1a: Tauros|Body Slam|p2a: Tauros\n|-crit|p2a: Tauros\n|-damage|p2a: Tauros|47/100\n|\n|upkeep\n|turn|62\n|inactive|Sceptross has 180 seconds left.\n|\n|t:|1769896394\n|switch|p2a: Snorlax|Snorlax|90/100\n|move|p1a: Tauros|Hyper Beam|p2a: Snorlax|[miss]\n|-miss|p1a: Tauros\n|\n|upkeep\n|turn|63\n|inactive|Sceptross has 180 seconds left.\n|inactive|Sceptross has 150 seconds left.\n|inactive|Sceptross has 120 seconds left.\n|inactive|Sceptross has 90 seconds left.\n|inactive|Sceptross has 60 seconds left.\n|\n|t:|1769896525\n|switch|p1a: Snorlax|Snorlax|80/100 par\n|move|p2a: Snorlax|Body Slam|p1a: Snorlax\n|-damage|p1a: Snorlax|53/100 par\n|\n|upkeep\n|turn|64\n|inactive|Sceptross has 60 seconds left.\n|\n|t:|1769896558\n|move|p2a: Snorlax|Body Slam|p1a: Snorlax\n|-crit|p1a: Snorlax\n|-damage|p1a: Snorlax|3/100 par\n|move|p1a: Snorlax|Self-Destruct|p2a: Snorlax\n|-damage|p2a: Snorlax|3/100\n|faint|p1a: Snorlax\n|inactive|Sceptross has 30 seconds left.\n|inactive|Sceptross has 20 seconds left.\n|\n|t:|1769896580\n|switch|p1a: Tauros|Tauros|70/100\n|turn|65\n|inactive|Sceptross has 30 seconds left this turn.\n|inactive|nicole7735 has 90 seconds left.\n|\n|t:|1769896623\n|move|p1a: Tauros|Body Slam|p2a: Snorlax\n|-damage|p2a: Snorlax|0 fnt\n|faint|p2a: Snorlax\n|\n|t:|1769896626\n|switch|p2a: Zapdos|Zapdos|100/100 par\n|turn|66\n|inactive|Sceptross has 30 seconds left.\n|\n|t:|1769896646\n|switch|p1a: Alakazam|Alakazam|100/100 par\n|move|p2a: Zapdos|Agility|p2a: Zapdos\n|-boost|p2a: Zapdos|spe|2\n|\n|upkeep\n|turn|67\n|\n|t:|1769896650\n|move|p2a: Zapdos|Drill Peck|p1a: Alakazam\n|-damage|p1a: Alakazam|53/100 par\n|cant|p1a: Alakazam|par\n|\n|upkeep\n|turn|68\n|\n|t:|1769896656\n|move|p2a: Zapdos|Drill Peck|p1a: Alakazam\n|-damage|p1a: Alakazam|11/100 par\n|move|p1a: Alakazam|Psychic|p2a: Zapdos\n|-damage|p2a: Zapdos|73/100 par\n|-unboost|p2a: Zapdos|spa|1\n|-unboost|p2a: Zapdos|spd|1\n|\n|upkeep\n|turn|69\n|inactive|nicole7735 has 90 seconds left.\n|\n|t:|1769896683\n|switch|p1a: Chansey|Chansey|100/100 par\n|move|p2a: Zapdos|Agility|p2a: Zapdos\n|-boost|p2a: Zapdos|spe|2\n|\n|upkeep\n|turn|70\n|inactive|nicole7735 has 90 seconds left.\n|\n|t:|1769896705\n|move|p2a: Zapdos|Drill Peck|p1a: Chansey\n|-damage|p1a: Chansey|64/100 par\n|cant|p1a: Chansey|par\n|\n|upkeep\n|turn|71\n|\n|t:|1769896713\n|switch|p1a: Alakazam|Alakazam|11/100 par\n|move|p2a: Zapdos|Drill Peck|p1a: Alakazam\n|-damage|p1a: Alakazam|0 fnt\n|faint|p1a: Alakazam\n|\n|t:|1769896715\n|switch|p1a: Chansey|Chansey|64/100 par\n|turn|72\n|\n|t:|1769896718\n|move|p2a: Zapdos|Drill Peck|p1a: Chansey\n|-damage|p1a: Chansey|28/100 par\n|move|p1a: Chansey|Ice Beam|p2a: Zapdos\n|-supereffective|p2a: Zapdos\n|-damage|p2a: Zapdos|20/100 par\n|\n|upkeep\n|turn|73\n|\n|t:|1769896724\n|move|p2a: Zapdos|Drill Peck|p1a: Chansey\n|-damage|p1a: Chansey|0 fnt\n|faint|p1a: Chansey\n|\n|t:|1769896728\n|switch|p1a: Jynx|Jynx|52/100\n|turn|74\n|inactive|nicole7735 has 120 seconds left.\n|\n|t:|1769896751\n|move|p2a: Zapdos|Drill Peck|p1a: Jynx\n|-damage|p1a: Jynx|4/100\n|move|p1a: Jynx|Blizzard|p2a: Zapdos|[miss]\n|-miss|p1a: Jynx\n|\n|upkeep\n|turn|75\n|\n|t:|1769896759\n|move|p2a: Zapdos|Drill Peck|p1a: Jynx\n|-damage|p1a: Jynx|0 fnt\n|faint|p1a: Jynx\n|\n|t:|1769896764\n|switch|p1a: Cloyster|Cloyster|54/100\n|turn|76\n|\n|t:|1769896772\n|move|p2a: Zapdos|Thunderbolt|p1a: Cloyster\n|-supereffective|p1a: Cloyster\n|-damage|p1a: Cloyster|0 fnt\n|faint|p1a: Cloyster\n|\n|t:|1769896776\n|switch|p1a: Tauros|Tauros|70/100\n|turn|77\n|\n|t:|1769896778\n|move|p2a: Zapdos|Thunder Wave|p1a: Tauros\n|-status|p1a: Tauros|par\n|cant|p1a: Tauros|par\n|\n|upkeep\n|turn|78\n|\n|t:|1769896781\n|move|p2a: Zapdos|Drill Peck|p1a: Tauros\n|-damage|p1a: Tauros|42/100 par\n|move|p1a: Tauros|Body Slam|p2a: Zapdos\n|-damage|p2a: Zapdos|0 fnt\n|faint|p2a: Zapdos\n|inactive|nicole7735 has 150 seconds left.\n|\n|t:|1769896813\n|switch|p2a: Jynx|Jynx|39/100\n|turn|79\n|\n|t:|1769896820\n|move|p2a: Jynx|Psychic|p1a: Tauros\n|-damage|p1a: Tauros|6/100 par\n|move|p1a: Tauros|Body Slam|p2a: Jynx\n|-damage|p2a: Jynx|0 fnt\n|faint|p2a: Jynx\n|\n|t:|1769896822\n|switch|p2a: Tauros|Tauros|47/100\n|turn|80\n|\n|t:|1769896824\n|move|p2a: Tauros|Body Slam|p1a: Tauros\n|-damage|p1a: Tauros|0 fnt\n|faint|p1a: Tauros\n|\n|win|nicole7735\n|c|☆nicole7735|gg\n","uploadtime":1769896824,"views":"1250","formatid":"gen1ou","rating":null,"private":0,"password":null}