{"id":"smogtours-gen1ou-907112","format":"[Gen 1] OU","players":["LNumbers","BeeOrSomething"],"log":"|inactive|Battle timer is ON: inactive players will automatically lose when time's up.\n|t:|1770573964\n|gametype|singles\n|player|p1|LNumbers|#splxviityrants2|\n|player|p2|BeeOrSomething|#beeorsomething|\n|gen|1\n|tier|[Gen 1] OU\n|rule|Desync Clause Mod: Desyncs changed to move failure.\n|rule|Sleep Clause Mod: Limit one foe put to sleep\n|rule|Freeze Clause Mod: Limit one foe frozen\n|rule|Species Clause: Limit one of each Pokémon\n|rule|OHKO Clause: OHKO moves are banned\n|rule|Evasion Moves Clause: Evasion moves are banned\n|rule|Endless Battle Clause: Forcing endless battles is banned\n|rule|HP Percentage Mod: HP is shown in percentages\n|\n|t:|1770573964\n|teamsize|p1|6\n|teamsize|p2|6\n|start\n|switch|p1a: Jynx|Jynx|100/100\n|switch|p2a: Boogie Woogie|Gengar|100/100\n|turn|1\n|c|☆BeeOrSomething|glhf\n|c|☆LNumbers|hf\n|\n|t:|1770573977\n|move|p2a: Boogie Woogie|Hypnosis|p1a: Jynx\n|-status|p1a: Jynx|slp|[from] move: Hypnosis\n|cant|p1a: Jynx|slp\n|\n|upkeep\n|turn|2\n|rated|Smogon Premier League\n|rated|Smogon Premier League\n|inactive|LNumbers has 270 seconds left.\n|inactive|LNumbers has 240 seconds left.\n|inactive|LNumbers has 210 seconds left.\n|\n|t:|1770574075\n|switch|p1a: Exeggutor|Exeggutor|100/100\n|move|p2a: Boogie Woogie|Night Shade|p1a: Exeggutor\n|-damage|p1a: Exeggutor|75/100\n|\n|upkeep\n|turn|3\n|inactive|LNumbers has 210 seconds left.\n|\n|t:|1770574080\n|move|p2a: Boogie Woogie|Night Shade|p1a: Exeggutor\n|-damage|p1a: Exeggutor|50/100\n|move|p1a: Exeggutor|Psychic|p2a: Boogie Woogie\n|-crit|p2a: Boogie Woogie\n|-supereffective|p2a: Boogie Woogie\n|-damage|p2a: Boogie Woogie|0 fnt\n|faint|p2a: Boogie Woogie\n|\n|t:|1770574087\n|switch|p2a: Star Rage|Starmie|100/100\n|turn|4\n|\n|t:|1770574096\n|switch|p1a: Jynx|Jynx|100/100 slp\n|move|p2a: Star Rage|Blizzard|p1a: Jynx\n|-resisted|p1a: Jynx\n|-damage|p1a: Jynx|85/100 slp\n|\n|upkeep\n|turn|5\n|\n|t:|1770574115\n|move|p2a: Star Rage|Blizzard|p1a: Jynx\n|-resisted|p1a: Jynx\n|-damage|p1a: Jynx|71/100 slp\n|cant|p1a: Jynx|slp\n|\n|upkeep\n|turn|6\n|inactive|LNumbers has 210 seconds left.\n|inactive|BeeOrSomething has 270 seconds left.\n|\n|t:|1770574165\n|switch|p2a: Limitless|Tauros|100/100\n|cant|p1a: Jynx|slp\n|\n|upkeep\n|turn|7\n|\n|t:|1770574169\n|switch|p1a: Gengar|Gengar|100/100\n|move|p2a: Limitless|Body Slam|p1a: Gengar\n|-immune|p1a: Gengar\n|\n|upkeep\n|turn|8\n|\n|t:|1770574177\n|move|p1a: Gengar|Hypnosis|p2a: Limitless\n|-status|p2a: Limitless|slp|[from] move: Hypnosis\n|cant|p2a: Limitless|slp\n|\n|upkeep\n|turn|9\n|\n|t:|1770574202\n|switch|p2a: Love Rendezvous|Exeggutor|100/100\n|move|p1a: Gengar|Night Shade|p2a: Love Rendezvous\n|-damage|p2a: Love Rendezvous|75/100\n|\n|upkeep\n|turn|10\n|inactive|LNumbers has 180 seconds left.\n|\n|t:|1770574219\n|switch|p1a: Exeggutor|Exeggutor|50/100\n|move|p2a: Love Rendezvous|Psychic|p1a: Exeggutor\n|-resisted|p1a: Exeggutor\n|-damage|p1a: Exeggutor|37/100\n|\n|upkeep\n|turn|11\n|\n|t:|1770574225\n|move|p2a: Love Rendezvous|Stun Spore|p1a: Exeggutor\n|-status|p1a: Exeggutor|par\n|move|p1a: Exeggutor|Explosion|p2a: Love Rendezvous\n|-damage|p2a: Love Rendezvous|7/100\n|faint|p1a: Exeggutor\n|\n|t:|1770574230\n|switch|p1a: Tauros|Tauros|100/100\n|turn|12\n|\n|t:|1770574235\n|move|p1a: Tauros|Body Slam|p2a: Love Rendezvous\n|-damage|p2a: Love Rendezvous|0 fnt\n|faint|p2a: Love Rendezvous\n|\n|t:|1770574236\n|switch|p2a: Star Rage|Starmie|100/100\n|turn|13\n|inactive|LNumbers has 210 seconds left.\n|\n|t:|1770574262\n|switch|p1a: Jynx|Jynx|71/100 slp\n|move|p2a: Star Rage|Thunder Wave|p1a: Jynx\n|-fail|p1a: Jynx\n|\n|upkeep\n|turn|14\n|inactive|LNumbers has 180 seconds left.\n|inactive|LNumbers has 150 seconds left.\n|\n|t:|1770574315\n|move|p2a: Star Rage|Psychic|p1a: Jynx\n|-resisted|p1a: Jynx\n|-damage|p1a: Jynx|54/100 slp\n|cant|p1a: Jynx|slp\n|\n|upkeep\n|turn|15\n|inactive|LNumbers has 150 seconds left.\n|\n|t:|1770574328\n|move|p2a: Star Rage|Psychic|p1a: Jynx\n|-resisted|p1a: Jynx\n|-damage|p1a: Jynx|37/100 slp\n|cant|p1a: Jynx|slp\n|\n|upkeep\n|turn|16\n|inactive|LNumbers has 150 seconds left.\n|\n|t:|1770574354\n|switch|p1a: Starmie|Starmie|100/100\n|move|p2a: Star Rage|Psychic|p1a: Starmie\n|-resisted|p1a: Starmie\n|-damage|p1a: Starmie|83/100\n|\n|upkeep\n|turn|17\n|\n|t:|1770574360\n|switch|p2a: Comedian|Chansey|100/100\n|move|p1a: Starmie|Thunder Wave|p2a: Comedian\n|-status|p2a: Comedian|par\n|\n|upkeep\n|turn|18\n|inactive|LNumbers has 150 seconds left.\n|\n|t:|1770574380\n|switch|p1a: Snorlax|Snorlax|100/100\n|cant|p2a: Comedian|par\n|\n|upkeep\n|turn|19\n|\n|t:|1770574384\n|move|p1a: Snorlax|Body Slam|p2a: Comedian\n|-damage|p2a: Comedian|62/100 par\n|move|p2a: Comedian|Thunder Wave|p1a: Snorlax\n|-status|p1a: Snorlax|par\n|\n|upkeep\n|turn|20\n|\n|t:|1770574406\n|switch|p2a: Shrine|Rhydon|100/100\n|move|p1a: Snorlax|Body Slam|p2a: Shrine\n|-resisted|p2a: Shrine\n|-damage|p2a: Shrine|89/100\n|\n|upkeep\n|turn|21\n|inactive|LNumbers has 150 seconds left.\n|inactive|LNumbers has 120 seconds left.\n|\n|t:|1770574462\n|move|p2a: Shrine|Earthquake|p1a: Snorlax\n|-damage|p1a: Snorlax|63/100 par\n|move|p1a: Snorlax|Reflect|p1a: Snorlax\n|-start|p1a: Snorlax|Reflect\n|\n|upkeep\n|turn|22\n|\n|t:|1770574470\n|move|p2a: Shrine|Earthquake|p1a: Snorlax\n|-damage|p1a: Snorlax|45/100 par\n|move|p1a: Snorlax|Body Slam|p2a: Shrine\n|-resisted|p2a: Shrine\n|-damage|p2a: Shrine|78/100\n|\n|upkeep\n|turn|23\n|inactive|LNumbers has 120 seconds left.\n|\n|t:|1770574475\n|move|p2a: Shrine|Earthquake|p1a: Snorlax\n|-damage|p1a: Snorlax|27/100 par\n|cant|p1a: Snorlax|par\n|\n|upkeep\n|turn|24\n|\n|t:|1770574480\n|switch|p2a: Star Rage|Starmie|100/100\n|move|p1a: Snorlax|Rest|p1a: Snorlax\n|-status|p1a: Snorlax|slp|[from] move: Rest\n|-heal|p1a: Snorlax|100/100 slp|[silent]\n|\n|upkeep\n|turn|25\n|\n|t:|1770574488\n|move|p2a: Star Rage|Psychic|p1a: Snorlax\n|-damage|p1a: Snorlax|73/100 slp\n|-unboost|p1a: Snorlax|spa|1\n|-unboost|p1a: Snorlax|spd|1\n|cant|p1a: Snorlax|slp\n|\n|upkeep\n|turn|26\n|inactive|LNumbers has 120 seconds left.\n|inactive|LNumbers has 90 seconds left.\n|inactive|LNumbers has 60 seconds left.\n|\n|t:|1770574598\n|switch|p1a: Starmie|Starmie|83/100\n|move|p2a: Star Rage|Psychic|p1a: Starmie\n|-resisted|p1a: Starmie\n|-damage|p1a: Starmie|66/100\n|\n|upkeep\n|turn|27\n|inactive|LNumbers has 30 seconds left.\n|inactive|LNumbers has 20 seconds left.\n|\n|t:|1770574626\n|switch|p2a: Comedian|Chansey|62/100 par\n|move|p1a: Starmie|Thunderbolt|p2a: Comedian\n|-crit|p2a: Comedian\n|-damage|p2a: Comedian|44/100 par\n|\n|upkeep\n|turn|28\n|inactive|LNumbers has 30 seconds left this turn.\n|\n|t:|1770574634\n|switch|p1a: Snorlax|Snorlax|73/100 slp\n|move|p2a: Comedian|Seismic Toss|p1a: Snorlax\n|-damage|p1a: Snorlax|54/100 slp\n|\n|upkeep\n|turn|29\n|inactive|LNumbers has 30 seconds left.\n|inactive|BeeOrSomething has 270 seconds left.\n|\n|t:|1770574665\n|-curestatus|p1a: Snorlax|slp|[msg]\n|cant|p2a: Comedian|par\n|\n|upkeep\n|turn|30\n|\n|t:|1770574671\n|switch|p2a: Limitless|Tauros|100/100 slp\n|move|p1a: Snorlax|Body Slam|p2a: Limitless\n|-damage|p2a: Limitless|68/100 slp\n|\n|upkeep\n|turn|31\n|\n|t:|1770574677\n|cant|p2a: Limitless|slp\n|move|p1a: Snorlax|Body Slam|p2a: Limitless\n|-damage|p2a: Limitless|35/100 slp\n|\n|upkeep\n|turn|32\n|\n|t:|1770574680\n|cant|p2a: Limitless|slp\n|move|p1a: Snorlax|Body Slam|p2a: Limitless\n|-damage|p2a: Limitless|6/100 slp\n|\n|upkeep\n|turn|33\n|\n|t:|1770574682\n|cant|p2a: Limitless|slp\n|move|p1a: Snorlax|Body Slam|p2a: Limitless\n|-damage|p2a: Limitless|0 fnt\n|faint|p2a: Limitless\n|\n|t:|1770574689\n|switch|p2a: Star Rage|Starmie|100/100\n|turn|34\n|\n|t:|1770574694\n|switch|p2a: Shrine|Rhydon|78/100\n|move|p1a: Snorlax|Self-Destruct|p2a: Shrine\n|-resisted|p2a: Shrine\n|-damage|p2a: Shrine|46/100\n|faint|p1a: Snorlax\n|\n|t:|1770574696\n|switch|p1a: Tauros|Tauros|100/100\n|turn|35\n|\n|t:|1770574719\n|switch|p2a: Star Rage|Starmie|100/100\n|move|p1a: Tauros|Body Slam|p2a: Star Rage\n|-damage|p2a: Star Rage|66/100\n|\n|upkeep\n|turn|36\n|\n|t:|1770574731\n|switch|p1a: Jynx|Jynx|37/100 slp\n|move|p2a: Star Rage|Thunder Wave|p1a: Jynx\n|-fail|p1a: Jynx\n|\n|upkeep\n|turn|37\n|\n|t:|1770574740\n|move|p2a: Star Rage|Psychic|p1a: Jynx\n|-resisted|p1a: Jynx\n|-damage|p1a: Jynx|20/100 slp\n|-curestatus|p1a: Jynx|slp|[msg]\n|\n|upkeep\n|turn|38\n|inactive|LNumbers has 60 seconds left.\n|inactive|BeeOrSomething has 270 seconds left.\n|\n|t:|1770574788\n|switch|p2a: Comedian|Chansey|44/100 par\n|move|p1a: Jynx|Body Slam|p2a: Comedian\n|-damage|p2a: Comedian|27/100 par\n|\n|upkeep\n|turn|39\n|\n|t:|1770574809\n|switch|p1a: Tauros|Tauros|100/100\n|cant|p2a: Comedian|par\n|\n|upkeep\n|turn|40\n|\n|t:|1770574817\n|move|p1a: Tauros|Body Slam|p2a: Comedian\n|-damage|p2a: Comedian|0 fnt\n|faint|p2a: Comedian\n|\n|t:|1770574818\n|switch|p2a: Star Rage|Starmie|66/100\n|turn|41\n|inactive|LNumbers has 60 seconds left.\n|inactive|BeeOrSomething has 270 seconds left.\n|\n|t:|1770574848\n|switch|p1a: Gengar|Gengar|100/100\n|move|p2a: Star Rage|Thunder Wave|p1a: Gengar\n|-status|p1a: Gengar|par\n|\n|upkeep\n|turn|42\n|\n|t:|1770574853\n|move|p2a: Star Rage|Psychic|p1a: Gengar\n|-supereffective|p1a: Gengar\n|-damage|p1a: Gengar|50/100 par\n|-unboost|p1a: Gengar|spa|1\n|-unboost|p1a: Gengar|spd|1\n|cant|p1a: Gengar|par\n|\n|upkeep\n|turn|43\n|\n|t:|1770574859\n|move|p2a: Star Rage|Psychic|p1a: Gengar\n|-supereffective|p1a: Gengar\n|-damage|p1a: Gengar|0 fnt\n|faint|p1a: Gengar\n|inactive|LNumbers has 30 seconds left.\n|\n|t:|1770574887\n|switch|p1a: Jynx|Jynx|20/100\n|turn|44\n|\n|t:|1770574890\n|move|p2a: Star Rage|Psychic|p1a: Jynx\n|-crit|p1a: Jynx\n|-resisted|p1a: Jynx\n|-damage|p1a: Jynx|0 fnt\n|faint|p1a: Jynx\n|\n|t:|1770574892\n|switch|p1a: Starmie|Starmie|66/100\n|turn|45\n|\n|t:|1770574898\n|move|p1a: Starmie|Thunder Wave|p2a: Star Rage\n|-status|p2a: Star Rage|par\n|cant|p2a: Star Rage|par\n|\n|upkeep\n|turn|46\n|\n|t:|1770574902\n|move|p1a: Starmie|Thunderbolt|p2a: Star Rage\n|-crit|p2a: Star Rage\n|-supereffective|p2a: Star Rage\n|-damage|p2a: Star Rage|0 fnt\n|faint|p2a: Star Rage\n|\n|t:|1770574906\n|switch|p2a: Shrine|Rhydon|46/100\n|turn|47\n|\n|t:|1770574909\n|move|p1a: Starmie|Surf|p2a: Shrine\n|-supereffective|p2a: Shrine\n|-damage|p2a: Shrine|0 fnt\n|faint|p2a: Shrine\n|\n|win|LNumbers\n|c|☆LNumbers|gg\n|c|☆BeeOrSomething|gg\n|player|p2|\n","uploadtime":1770574909,"views":"997","formatid":"gen1ou","rating":null,"private":0,"password":null}