{"id":"smogtours-gen1ou-962833","format":"[Gen 1] OU","players":["SOULWIND","sadisticnarwhal"],"log":"|inactive|Battle timer is ON: inactive players will automatically lose when time's up.\n|t:|1786311807\n|gametype|singles\n|player|p1|SOULWIND|#wcop2024spain2|\n|player|p2|sadisticnarwhal|#rcop2023useast|\n|gen|1\n|tier|[Gen 1] OU\n|rule|Desync Clause Mod: Desyncs resolve to link battle behavior from the acting player's perspective.\n|rule|HP Percentage Mod: HP is shown in percentages\n|rule|Endless Battle Clause: Forcing endless battles is banned\n|rule|Sleep Clause Mod: Limit one foe put to sleep\n|rule|Freeze Clause Mod: Limit one foe frozen\n|rule|Species Clause: Limit one of each Pokémon\n|rule|OHKO Clause: OHKO moves are banned\n|rule|Evasion Moves Clause: Evasion moves are banned\n|\n|t:|1786311807\n|teamsize|p1|6\n|teamsize|p2|6\n|start\n|switch|p1a: Starmie|Starmie|100/100\n|switch|p2a: Gengar|Gengar|100/100\n|turn|1\n|c|☆sadisticnarwhal|hf\n|c|☆SOULWIND|hf\n|\n|t:|1786311819\n|move|p1a: Starmie|Thunder Wave|p2a: Gengar\n|-status|p2a: Gengar|par\n|cant|p2a: Gengar|par\n|\n|upkeep\n|turn|2\n|\n|t:|1786311826\n|switch|p2a: Alakazam|Alakazam|100/100\n|move|p1a: Starmie|Surf|p2a: Alakazam\n|-damage|p2a: Alakazam|73/100\n|\n|upkeep\n|turn|3\n|c|☆SOULWIND|/log SOULWIND made the replay of this battle unlisted.\n|\n|t:|1786311832\n|move|p2a: Alakazam|Thunder Wave|p1a: Starmie\n|-status|p1a: Starmie|par\n|move|p1a: Starmie|Thunder Wave|p2a: Alakazam\n|-status|p2a: Alakazam|par\n|\n|upkeep\n|turn|4\n|\n|t:|1786311837\n|move|p2a: Alakazam|Psychic|p1a: Starmie\n|-resisted|p1a: Starmie\n|-damage|p1a: Starmie|81/100 par\n|move|p1a: Starmie|Surf|p2a: Alakazam\n|-crit|p2a: Alakazam\n|-damage|p2a: Alakazam|17/100 par\n|\n|upkeep\n|turn|5\n|\n|t:|1786311841\n|switch|p1a: Snorlax|Snorlax|100/100\n|move|p2a: Alakazam|Recover|p2a: Alakazam\n|-heal|p2a: Alakazam|67/100 par\n|\n|upkeep\n|turn|6\n|\n|t:|1786311845\n|switch|p2a: Gengar|Gengar|100/100 par\n|move|p1a: Snorlax|Body Slam|p2a: Gengar\n|-immune|p2a: Gengar\n|\n|upkeep\n|turn|7\n|\n|t:|1786311851\n|move|p1a: Snorlax|Body Slam|p2a: Gengar\n|-immune|p2a: Gengar\n|cant|p2a: Gengar|par\n|\n|upkeep\n|turn|8\n|\n|t:|1786311860\n|switch|p1a: Exeggutor|Exeggutor|100/100\n|cant|p2a: Gengar|par\n|\n|upkeep\n|turn|9\n|\n|t:|1786311863\n|switch|p2a: Alakazam|Alakazam|67/100 par\n|move|p1a: Exeggutor|Psychic|p2a: Alakazam\n|-resisted|p2a: Alakazam\n|-damage|p2a: Alakazam|52/100 par\n|\n|upkeep\n|turn|10\n|\n|t:|1786311868\n|switch|p1a: Rhydon|Rhydon|100/100\n|switch|p2a: Exeggutor|Exeggutor|100/100\n|\n|upkeep\n|turn|11\n|\n|t:|1786311873\n|switch|p1a: Starmie|Starmie|81/100 par\n|move|p2a: Exeggutor|Psychic|p1a: Starmie\n|-resisted|p1a: Starmie\n|-damage|p1a: Starmie|60/100 par\n|\n|upkeep\n|turn|12\n|\n|t:|1786311880\n|switch|p2a: Gengar|Gengar|100/100 par\n|move|p1a: Starmie|Recover|p1a: Starmie\n|-heal|p1a: Starmie|100/100 par\n|\n|upkeep\n|turn|13\n|\n|t:|1786311885\n|switch|p1a: Rhydon|Rhydon|100/100\n|move|p2a: Gengar|Hypnosis|p1a: Rhydon\n|-status|p1a: Rhydon|slp|[from] move: Hypnosis\n|\n|upkeep\n|turn|14\n|\n|t:|1786311890\n|switch|p1a: Exeggutor|Exeggutor|100/100\n|move|p2a: Gengar|Psychic|p1a: Exeggutor\n|-resisted|p1a: Exeggutor\n|-damage|p1a: Exeggutor|92/100\n|-unboost|p1a: Exeggutor|spa|1\n|-unboost|p1a: Exeggutor|spd|1\n|\n|upkeep\n|turn|15\n|\n|t:|1786311894\n|switch|p1a: Tauros|Tauros|100/100\n|switch|p2a: Alakazam|Alakazam|52/100 par\n|\n|upkeep\n|turn|16\n|\n|t:|1786311904\n|switch|p2a: Snorlax|Snorlax|100/100\n|move|p1a: Tauros|Body Slam|p2a: Snorlax\n|-damage|p2a: Snorlax|76/100\n|\n|upkeep\n|turn|17\n|\n|t:|1786311909\n|switch|p1a: Chansey|Chansey|100/100\n|move|p2a: Snorlax|Body Slam|p1a: Chansey\n|-damage|p1a: Chansey|60/100\n|\n|upkeep\n|turn|18\n|inactive|sadisticnarwhal has 270 seconds left.\n|\n|t:|1786311956\n|move|p1a: Chansey|Soft-Boiled|p1a: Chansey\n|-heal|p1a: Chansey|100/100\n|move|p2a: Snorlax|Body Slam|p1a: Chansey\n|-crit|p1a: Chansey\n|-damage|p1a: Chansey|15/100\n|\n|upkeep\n|turn|19\n|\n|t:|1786311964\n|move|p1a: Chansey|Soft-Boiled|p1a: Chansey\n|-heal|p1a: Chansey|65/100\n|move|p2a: Snorlax|Body Slam|p1a: Chansey\n|-damage|p1a: Chansey|27/100\n|\n|upkeep\n|turn|20\n|inactive|sadisticnarwhal has 270 seconds left.\n|\n|t:|1786311970\n|switch|p2a: Alakazam|Alakazam|52/100 par\n|move|p1a: Chansey|Soft-Boiled|p1a: Chansey\n|-heal|p1a: Chansey|76/100\n|\n|upkeep\n|turn|21\n|\n|t:|1786311976\n|move|p2a: Alakazam|Thunder Wave|p1a: Chansey\n|-status|p1a: Chansey|par\n|move|p1a: Chansey|Counter|p2a: Alakazam\n|-fail|p1a: Chansey\n|\n|upkeep\n|turn|22\n|\n|t:|1786311987\n|move|p2a: Alakazam|Recover|p2a: Alakazam\n|-heal|p2a: Alakazam|100/100 par\n|cant|p1a: Chansey|par\n|\n|upkeep\n|turn|23\n|\n|t:|1786311991\n|move|p2a: Alakazam|Psychic|p1a: Chansey\n|-damage|p1a: Chansey|58/100 par\n|move|p1a: Chansey|Soft-Boiled|p1a: Chansey\n|-heal|p1a: Chansey|100/100 par\n|\n|upkeep\n|turn|24\n|\n|t:|1786311995\n|switch|p1a: Starmie|Starmie|100/100 par\n|move|p2a: Alakazam|Psychic|p1a: Starmie\n|-resisted|p1a: Starmie\n|-damage|p1a: Starmie|81/100 par\n|\n|upkeep\n|turn|25\n|\n|t:|1786311998\n|move|p2a: Alakazam|Seismic Toss|p1a: Starmie\n|-damage|p1a: Starmie|50/100 par\n|move|p1a: Starmie|Recover|p1a: Starmie\n|-heal|p1a: Starmie|99/100 par\n|\n|upkeep\n|turn|26\n|\n|t:|1786312001\n|move|p2a: Alakazam|Psychic|p1a: Starmie\n|-resisted|p1a: Starmie\n|-damage|p1a: Starmie|80/100 par\n|cant|p1a: Starmie|par\n|\n|upkeep\n|turn|27\n|\n|t:|1786312004\n|move|p2a: Alakazam|Psychic|p1a: Starmie\n|-resisted|p1a: Starmie\n|-damage|p1a: Starmie|61/100 par\n|-unboost|p1a: Starmie|spa|1\n|-unboost|p1a: Starmie|spd|1\n|move|p1a: Starmie|Recover|p1a: Starmie\n|-heal|p1a: Starmie|100/100 par\n|\n|upkeep\n|turn|28\n|\n|t:|1786312007\n|switch|p1a: Chansey|Chansey|100/100 par\n|move|p2a: Alakazam|Seismic Toss|p1a: Chansey\n|-damage|p1a: Chansey|86/100 par\n|\n|upkeep\n|turn|29\n|\n|t:|1786312010\n|switch|p1a: Starmie|Starmie|100/100 par\n|cant|p2a: Alakazam|par\n|\n|upkeep\n|turn|30\n|\n|t:|1786312013\n|cant|p2a: Alakazam|par\n|move|p1a: Starmie|Surf|p2a: Alakazam\n|-damage|p2a: Alakazam|70/100 par\n|\n|upkeep\n|turn|31\n|\n|t:|1786312016\n|move|p2a: Alakazam|Recover|p2a: Alakazam\n|-heal|p2a: Alakazam|100/100 par\n|move|p1a: Starmie|Surf|p2a: Alakazam\n|-damage|p2a: Alakazam|71/100 par\n|\n|upkeep\n|turn|32\n|\n|t:|1786312022\n|switch|p2a: Exeggutor|Exeggutor|100/100\n|move|p1a: Starmie|Surf|p2a: Exeggutor\n|-crit|p2a: Exeggutor\n|-resisted|p2a: Exeggutor\n|-damage|p2a: Exeggutor|76/100\n|\n|upkeep\n|turn|33\n|\n|t:|1786312029\n|move|p2a: Exeggutor|Psychic|p1a: Starmie\n|-resisted|p1a: Starmie\n|-damage|p1a: Starmie|83/100 par\n|-unboost|p1a: Starmie|spa|1\n|-unboost|p1a: Starmie|spd|1\n|move|p1a: Starmie|Surf|p2a: Exeggutor\n|-resisted|p2a: Exeggutor\n|-damage|p2a: Exeggutor|68/100\n|\n|upkeep\n|turn|34\n|\n|t:|1786312034\n|switch|p1a: Chansey|Chansey|86/100 par\n|move|p2a: Exeggutor|Psychic|p1a: Chansey\n|-crit|p1a: Chansey\n|-damage|p1a: Chansey|54/100 par\n|\n|upkeep\n|turn|35\n|\n|t:|1786312045\n|switch|p2a: Snorlax|Snorlax|76/100\n|move|p1a: Chansey|Soft-Boiled|p1a: Chansey\n|-heal|p1a: Chansey|100/100 par\n|\n|upkeep\n|turn|36\n|\n|t:|1786312051\n|move|p2a: Snorlax|Earthquake|p1a: Chansey\n|-damage|p1a: Chansey|68/100 par\n|move|p1a: Chansey|Thunder Wave|p2a: Snorlax\n|-status|p2a: Snorlax|par\n|\n|upkeep\n|turn|37\n|\n|t:|1786312059\n|move|p1a: Chansey|Soft-Boiled|p1a: Chansey\n|-heal|p1a: Chansey|100/100 par\n|move|p2a: Snorlax|Body Slam|p1a: Chansey\n|-damage|p1a: Chansey|56/100 par\n|\n|upkeep\n|turn|38\n|\n|t:|1786312070\n|move|p2a: Snorlax|Earthquake|p1a: Chansey\n|-damage|p1a: Chansey|23/100 par\n|cant|p1a: Chansey|par\n|\n|upkeep\n|turn|39\n|\n|t:|1786312074\n|move|p1a: Chansey|Soft-Boiled|p1a: Chansey\n|-heal|p1a: Chansey|73/100 par\n|cant|p2a: Snorlax|par\n|\n|upkeep\n|turn|40\n|\n|t:|1786312080\n|move|p2a: Snorlax|Earthquake|p1a: Chansey\n|-damage|p1a: Chansey|38/100 par\n|cant|p1a: Chansey|par\n|\n|upkeep\n|turn|41\n|\n|t:|1786312084\n|move|p1a: Chansey|Soft-Boiled|p1a: Chansey\n|-heal|p1a: Chansey|88/100 par\n|move|p2a: Snorlax|Body Slam|p1a: Chansey\n|-damage|p1a: Chansey|50/100 par\n|\n|upkeep\n|turn|42\n|\n|t:|1786312088\n|move|p2a: Snorlax|Earthquake|p1a: Chansey\n|-damage|p1a: Chansey|18/100 par\n|move|p1a: Chansey|Counter|p2a: Snorlax\n|-fail|p1a: Chansey\n|\n|upkeep\n|turn|43\n|\n|t:|1786312092\n|cant|p1a: Chansey|par\n|move|p2a: Snorlax|Body Slam|p1a: Chansey\n|-damage|p1a: Chansey|0 fnt\n|faint|p1a: Chansey\n|\n|t:|1786312098\n|switch|p1a: Exeggutor|Exeggutor|92/100\n|turn|44\n|inactive|sadisticnarwhal has 270 seconds left.\n|inactive|sadisticnarwhal has 240 seconds left.\n|inactive|sadisticnarwhal has 210 seconds left.\n|inactive|sadisticnarwhal has 180 seconds left.\n|inactive|sadisticnarwhal has 150 seconds left.\n|\n|t:|1786312265\n|move|p1a: Exeggutor|Psychic|p2a: Snorlax\n|-damage|p2a: Snorlax|47/100 par\n|cant|p2a: Snorlax|par\n|\n|upkeep\n|turn|45\n|\n|t:|1786312271\n|move|p1a: Exeggutor|Psychic|p2a: Snorlax\n|-damage|p2a: Snorlax|14/100 par\n|-unboost|p2a: Snorlax|spa|1\n|-unboost|p2a: Snorlax|spd|1\n|move|p2a: Snorlax|Self-Destruct|p1a: Exeggutor\n|-damage|p1a: Exeggutor|5/100\n|faint|p2a: Snorlax\n|\n|t:|1786312274\n|switch|p2a: Tauros|Tauros|100/100\n|turn|46\n|\n|t:|1786312301\n|switch|p1a: Rhydon|Rhydon|100/100 slp\n|move|p2a: Tauros|Body Slam|p1a: Rhydon\n|-resisted|p1a: Rhydon\n|-damage|p1a: Rhydon|89/100 slp\n|\n|upkeep\n|turn|47\n|\n|t:|1786312306\n|move|p2a: Tauros|Earthquake|p1a: Rhydon\n|-crit|p1a: Rhydon\n|-supereffective|p1a: Rhydon\n|-damage|p1a: Rhydon|25/100 slp\n|cant|p1a: Rhydon|slp\n|\n|upkeep\n|turn|48\n|\n|t:|1786312310\n|move|p2a: Tauros|Earthquake|p1a: Rhydon\n|-crit|p1a: Rhydon\n|-supereffective|p1a: Rhydon\n|-damage|p1a: Rhydon|0 fnt\n|faint|p1a: Rhydon\n|\n|t:|1786312315\n|switch|p1a: Starmie|Starmie|83/100 par\n|turn|49\n|inactive|sadisticnarwhal has 180 seconds left.\n|\n|t:|1786312355\n|switch|p2a: Exeggutor|Exeggutor|68/100\n|move|p1a: Starmie|Surf|p2a: Exeggutor\n|-resisted|p2a: Exeggutor\n|-damage|p2a: Exeggutor|55/100\n|\n|upkeep\n|turn|50\n|\n|t:|1786312360\n|move|p2a: Exeggutor|Psychic|p1a: Starmie\n|-resisted|p1a: Starmie\n|-damage|p1a: Starmie|62/100 par\n|move|p1a: Starmie|Thunder Wave|p2a: Exeggutor\n|-status|p2a: Exeggutor|par\n|\n|upkeep\n|turn|51\n|\n|t:|1786312365\n|cant|p1a: Starmie|par\n|cant|p2a: Exeggutor|par\n|\n|upkeep\n|turn|52\n|\n|t:|1786312370\n|switch|p1a: Exeggutor|Exeggutor|5/100\n|move|p2a: Exeggutor|Psychic|p1a: Exeggutor\n|-resisted|p1a: Exeggutor\n|-damage|p1a: Exeggutor|0 fnt\n|faint|p1a: Exeggutor\n|\n|t:|1786312393\n|switch|p1a: Starmie|Starmie|62/100 par\n|turn|53\n|inactive|sadisticnarwhal has 180 seconds left.\n|\n|t:|1786312421\n|switch|p2a: Alakazam|Alakazam|71/100 par\n|move|p1a: Starmie|Recover|p1a: Starmie\n|-heal|p1a: Starmie|100/100 par\n|\n|upkeep\n|turn|54\n|\n|t:|1786312427\n|move|p2a: Alakazam|Psychic|p1a: Starmie\n|-crit|p1a: Starmie\n|-resisted|p1a: Starmie\n|-damage|p1a: Starmie|59/100 par\n|move|p1a: Starmie|Surf|p2a: Alakazam\n|-damage|p2a: Alakazam|40/100 par\n|\n|upkeep\n|turn|55\n|inactive|sadisticnarwhal has 180 seconds left.\n|\n|t:|1786312433\n|move|p2a: Alakazam|Recover|p2a: Alakazam\n|-heal|p2a: Alakazam|90/100 par\n|cant|p1a: Starmie|par\n|\n|upkeep\n|turn|56\n|\n|t:|1786312437\n|move|p2a: Alakazam|Psychic|p1a: Starmie\n|-crit|p1a: Starmie\n|-resisted|p1a: Starmie\n|-damage|p1a: Starmie|18/100 par\n|move|p1a: Starmie|Recover|p1a: Starmie\n|-heal|p1a: Starmie|68/100 par\n|\n|upkeep\n|turn|57\n|\n|t:|1786312440\n|move|p2a: Alakazam|Psychic|p1a: Starmie\n|-resisted|p1a: Starmie\n|-damage|p1a: Starmie|49/100 par\n|move|p1a: Starmie|Recover|p1a: Starmie\n|-heal|p1a: Starmie|99/100 par\n|\n|upkeep\n|turn|58\n|\n|t:|1786312444\n|move|p2a: Alakazam|Psychic|p1a: Starmie\n|-resisted|p1a: Starmie\n|-damage|p1a: Starmie|80/100 par\n|-unboost|p1a: Starmie|spa|1\n|-unboost|p1a: Starmie|spd|1\n|cant|p1a: Starmie|par\n|\n|upkeep\n|turn|59\n|\n|t:|1786312448\n|move|p2a: Alakazam|Seismic Toss|p1a: Starmie\n|-damage|p1a: Starmie|49/100 par\n|cant|p1a: Starmie|par\n|\n|upkeep\n|turn|60\n|\n|t:|1786312451\n|move|p2a: Alakazam|Psychic|p1a: Starmie\n|-resisted|p1a: Starmie\n|-damage|p1a: Starmie|20/100 par\n|-unboost|p1a: Starmie|spa|1\n|-unboost|p1a: Starmie|spd|1\n|move|p1a: Starmie|Recover|p1a: Starmie\n|-heal|p1a: Starmie|70/100 par\n|\n|upkeep\n|turn|61\n|\n|t:|1786312454\n|cant|p2a: Alakazam|par\n|move|p1a: Starmie|Recover|p1a: Starmie\n|-heal|p1a: Starmie|100/100 par\n|\n|upkeep\n|turn|62\n|\n|t:|1786312461\n|switch|p1a: Snorlax|Snorlax|100/100\n|move|p2a: Alakazam|Psychic|p1a: Snorlax\n|-damage|p1a: Snorlax|66/100\n|\n|upkeep\n|turn|63\n|\n|t:|1786312465\n|switch|p1a: Starmie|Starmie|100/100 par\n|switch|p2a: Gengar|Gengar|100/100 par\n|\n|upkeep\n|turn|64\n|\n|t:|1786312469\n|move|p1a: Starmie|Surf|p2a: Gengar\n|-damage|p2a: Gengar|70/100 par\n|move|p2a: Gengar|Thunderbolt|p1a: Starmie\n|-supereffective|p1a: Starmie\n|-damage|p1a: Starmie|49/100 par\n|\n|upkeep\n|turn|65\n|\n|t:|1786312475\n|move|p1a: Starmie|Recover|p1a: Starmie\n|-heal|p1a: Starmie|99/100 par\n|move|p2a: Gengar|Thunderbolt|p1a: Starmie\n|-supereffective|p1a: Starmie\n|-damage|p1a: Starmie|40/100 par\n|\n|upkeep\n|turn|66\n|\n|t:|1786312480\n|cant|p1a: Starmie|par\n|move|p2a: Gengar|Thunderbolt|p1a: Starmie\n|-supereffective|p1a: Starmie\n|-damage|p1a: Starmie|0 fnt\n|faint|p1a: Starmie\n|\n|t:|1786312485\n|switch|p1a: Tauros|Tauros|100/100\n|turn|67\n|\n|t:|1786312505\n|switch|p2a: Alakazam|Alakazam|90/100 par\n|move|p1a: Tauros|Earthquake|p2a: Alakazam\n|-crit|p2a: Alakazam\n|-damage|p2a: Alakazam|10/100 par\n|\n|upkeep\n|turn|68\n|\n|t:|1786312511\n|move|p1a: Tauros|Body Slam|p2a: Alakazam\n|-crit|p2a: Alakazam\n|-damage|p2a: Alakazam|0 fnt\n|faint|p2a: Alakazam\n|\n|t:|1786312513\n|switch|p2a: Starmie|Starmie|100/100\n|turn|69\n|\n|t:|1786312520\n|move|p2a: Starmie|Thunder Wave|p1a: Tauros\n|-status|p1a: Tauros|par\n|move|p1a: Tauros|Body Slam|p2a: Starmie\n|-damage|p2a: Starmie|68/100\n|\n|upkeep\n|turn|70\n|\n|t:|1786312523\n|move|p2a: Starmie|Psychic|p1a: Tauros\n|-crit|p1a: Tauros\n|-damage|p1a: Tauros|30/100 par\n|cant|p1a: Tauros|par\n|\n|upkeep\n|turn|71\n|\n|t:|1786312530\n|move|p2a: Starmie|Psychic|p1a: Tauros\n|-damage|p1a: Tauros|0 fnt\n|faint|p1a: Tauros\n|c|☆SOULWIND|ggs\n|c|☆sadisticnarwhal|ggs\n|-message|SOULWIND forfeited.\n|\n|win|sadisticnarwhal\n|player|p1|\n|player|p2|\n","uploadtime":1786312540,"views":"54","formatid":"gen1ou","rating":null,"private":2,"password":null}