{"id":"smogtours-gen1ou-826938","format":"[Gen 1] OU","players":["Kaz","spies rby"],"log":"|inactive|Battle timer is ON: inactive players will automatically lose when time's up.\n|t:|1742760261\n|gametype|singles\n|player|p1|Kaz|#splxviclassiest2|\n|player|p2|spies rby|psychic-gen1rb|\n|teamsize|p1|6\n|teamsize|p2|6\n|gen|1\n|tier|[Gen 1] OU\n|rule|Desync Clause Mod: Desyncs changed to move failure.\n|rule|Sleep Clause Mod: Limit one foe put to sleep\n|rule|Freeze Clause Mod: Limit one foe frozen\n|rule|Species Clause: Limit one of each Pokémon\n|rule|OHKO Clause: OHKO moves are banned\n|rule|Evasion Moves Clause: Evasion moves are banned\n|rule|Endless Battle Clause: Forcing endless battles is banned\n|rule|HP Percentage Mod: HP is shown in percentages\n|\n|t:|1742760261\n|start\n|switch|p1a: Gengar|Gengar|100/100\n|switch|p2a: Starmie|Starmie|100/100\n|turn|1\n|c|☆spies rby|gl hf.\n|c|☆Kaz|you too\n|rated|Smogon Premier League\n|inactive|spies rby has 270 seconds left.\n|inactive|spies rby has 240 seconds left.\n|\n|t:|1742760325\n|move|p2a: Starmie|Psychic|p1a: Gengar\n|-crit|p1a: Gengar\n|-supereffective|p1a: Gengar\n|-damage|p1a: Gengar|0 fnt\n|faint|p1a: Gengar\n|\n|t:|1742760342\n|switch|p1a: Exeggutor|Exeggutor|100/100\n|turn|2\n|inactive|spies rby has 270 seconds left.\n|\n|t:|1742760375\n|move|p2a: Starmie|Thunder Wave|p1a: Exeggutor\n|-status|p1a: Exeggutor|par\n|move|p1a: Exeggutor|Sleep Powder|p2a: Starmie\n|-status|p2a: Starmie|slp|[from] move: Sleep Powder\n|\n|upkeep\n|turn|3\n|inactive|spies rby has 270 seconds left.\n|\n|t:|1742760405\n|switch|p2a: Exeggutor|Exeggutor|100/100\n|switch|p1a: Chansey|Chansey|100/100\n|\n|upkeep\n|turn|4\n|\n|t:|1742760417\n|switch|p1a: Exeggutor|Exeggutor|100/100 par\n|move|p2a: Exeggutor|Sleep Powder|p1a: Exeggutor\n|-fail|p1a: Exeggutor\n|\n|upkeep\n|turn|5\n|inactive|spies rby has 240 seconds left.\n|\n|t:|1742760453\n|move|p2a: Exeggutor|Psychic|p1a: Exeggutor\n|-resisted|p1a: Exeggutor\n|-damage|p1a: Exeggutor|88/100 par\n|move|p1a: Exeggutor|Psychic|p2a: Exeggutor\n|-resisted|p2a: Exeggutor\n|-damage|p2a: Exeggutor|87/100\n|\n|upkeep\n|turn|6\n|\n|t:|1742760465\n|move|p2a: Exeggutor|Psychic|p1a: Exeggutor\n|-resisted|p1a: Exeggutor\n|-damage|p1a: Exeggutor|75/100 par\n|move|p1a: Exeggutor|Psychic|p2a: Exeggutor\n|-resisted|p2a: Exeggutor\n|-damage|p2a: Exeggutor|73/100\n|-unboost|p2a: Exeggutor|spa|1\n|-unboost|p2a: Exeggutor|spd|1\n|\n|upkeep\n|turn|7\n|\n|t:|1742760484\n|switch|p2a: Starmie|Starmie|100/100 slp\n|switch|p1a: Chansey|Chansey|100/100\n|\n|upkeep\n|turn|8\n|inactive|spies rby has 210 seconds left.\n|\n|t:|1742760535\n|switch|p2a: Alakazam|Alakazam|100/100\n|move|p1a: Chansey|Thunder Wave|p2a: Alakazam\n|-status|p2a: Alakazam|par\n|\n|upkeep\n|turn|9\n|inactive|Kaz has 270 seconds left.\n|inactive|spies rby has 180 seconds left.\n|\n|t:|1742760559\n|switch|p1a: Exeggutor|Exeggutor|75/100 par\n|cant|p2a: Alakazam|par\n|\n|upkeep\n|turn|10\n|\n|t:|1742760565\n|switch|p1a: Snorlax|Snorlax|100/100\n|move|p2a: Alakazam|Seismic Toss|p1a: Snorlax\n|-damage|p1a: Snorlax|81/100\n|\n|upkeep\n|turn|11\n|\n|t:|1742760570\n|switch|p2a: Chansey|Chansey|100/100\n|move|p1a: Snorlax|Body Slam|p2a: Chansey\n|-damage|p2a: Chansey|61/100\n|\n|upkeep\n|turn|12\n|inactive|Kaz has 270 seconds left.\n|\n|t:|1742760618\n|move|p2a: Chansey|Soft-Boiled|p2a: Chansey\n|-heal|p2a: Chansey|100/100\n|move|p1a: Snorlax|Earthquake|p2a: Chansey\n|-damage|p2a: Chansey|70/100\n|\n|upkeep\n|turn|13\n|\n|t:|1742760628\n|switch|p1a: Chansey|Chansey|100/100\n|move|p2a: Chansey|Soft-Boiled|p2a: Chansey\n|-heal|p2a: Chansey|100/100\n|\n|upkeep\n|turn|14\n|\n|t:|1742760647\n|switch|p1a: Snorlax|Snorlax|81/100\n|switch|p2a: Alakazam|Alakazam|100/100 par\n|\n|upkeep\n|turn|15\n|\n|t:|1742760655\n|switch|p2a: Chansey|Chansey|100/100\n|move|p1a: Snorlax|Body Slam|p2a: Chansey\n|-damage|p2a: Chansey|61/100\n|\n|upkeep\n|turn|16\n|inactive|spies rby has 210 seconds left.\n|\n|t:|1742760680\n|move|p2a: Chansey|Soft-Boiled|p2a: Chansey\n|-heal|p2a: Chansey|100/100\n|move|p1a: Snorlax|Body Slam|p2a: Chansey\n|-damage|p2a: Chansey|62/100\n|\n|upkeep\n|turn|17\n|\n|t:|1742760691\n|move|p2a: Chansey|Soft-Boiled|p2a: Chansey\n|-heal|p2a: Chansey|100/100\n|move|p1a: Snorlax|Earthquake|p2a: Chansey\n|-damage|p2a: Chansey|68/100\n|\n|upkeep\n|turn|18\n|inactive|Kaz has 240 seconds left.\n|\n|t:|1742760730\n|switch|p1a: Chansey|Chansey|100/100\n|move|p2a: Chansey|Thunder Wave|p1a: Chansey\n|-status|p1a: Chansey|par\n|\n|upkeep\n|turn|19\n|inactive|Kaz has 240 seconds left.\n|\n|t:|1742760741\n|switch|p2a: Alakazam|Alakazam|100/100 par\n|move|p1a: Chansey|Thunder Wave|p2a: Alakazam\n|-fail|p2a: Alakazam|par\n|\n|upkeep\n|turn|20\n|\n|t:|1742760746\n|move|p2a: Alakazam|Psychic|p1a: Chansey\n|-damage|p1a: Chansey|84/100 par\n|cant|p1a: Chansey|par\n|\n|upkeep\n|turn|21\n|inactive|spies rby has 210 seconds left.\n|\n|t:|1742760752\n|move|p2a: Alakazam|Psychic|p1a: Chansey\n|-damage|p1a: Chansey|67/100 par\n|move|p1a: Chansey|Soft-Boiled|p1a: Chansey\n|-heal|p1a: Chansey|100/100 par\n|\n|upkeep\n|turn|22\n|\n|t:|1742760758\n|cant|p2a: Alakazam|par\n|cant|p1a: Chansey|par\n|\n|upkeep\n|turn|23\n|\n|t:|1742760762\n|move|p2a: Alakazam|Psychic|p1a: Chansey\n|-damage|p1a: Chansey|83/100 par\n|move|p1a: Chansey|Ice Beam|p2a: Alakazam\n|-crit|p2a: Alakazam\n|-damage|p2a: Alakazam|63/100 par\n|\n|upkeep\n|turn|24\n|inactive|Kaz has 270 seconds left.\n|\n|t:|1742760791\n|switch|p1a: Snorlax|Snorlax|81/100\n|cant|p2a: Alakazam|par\n|\n|upkeep\n|turn|25\n|\n|t:|1742760807\n|switch|p2a: Chansey|Chansey|68/100\n|move|p1a: Snorlax|Body Slam|p2a: Chansey\n|-damage|p2a: Chansey|26/100\n|\n|upkeep\n|turn|26\n|\n|t:|1742760815\n|move|p2a: Chansey|Soft-Boiled|p2a: Chansey\n|-heal|p2a: Chansey|76/100\n|move|p1a: Snorlax|Body Slam|p2a: Chansey\n|-damage|p2a: Chansey|34/100\n|\n|upkeep\n|turn|27\n|\n|t:|1742760839\n|move|p2a: Chansey|Soft-Boiled|p2a: Chansey\n|-heal|p2a: Chansey|84/100\n|move|p1a: Snorlax|Body Slam|p2a: Chansey\n|-damage|p2a: Chansey|44/100\n|\n|upkeep\n|turn|28\n|\n|t:|1742760850\n|move|p2a: Chansey|Soft-Boiled|p2a: Chansey\n|-heal|p2a: Chansey|94/100\n|move|p1a: Snorlax|Body Slam|p2a: Chansey\n|-damage|p2a: Chansey|54/100\n|\n|upkeep\n|turn|29\n|\n|t:|1742760874\n|move|p2a: Chansey|Thunder Wave|p1a: Snorlax\n|-status|p1a: Snorlax|par\n|move|p1a: Snorlax|Earthquake|p2a: Chansey\n|-damage|p2a: Chansey|22/100\n|\n|upkeep\n|turn|30\n|\n|t:|1742760880\n|move|p2a: Chansey|Soft-Boiled|p2a: Chansey\n|-heal|p2a: Chansey|72/100\n|move|p1a: Snorlax|Body Slam|p2a: Chansey\n|-damage|p2a: Chansey|33/100\n|\n|upkeep\n|turn|31\n|\n|t:|1742760887\n|move|p2a: Chansey|Soft-Boiled|p2a: Chansey\n|-heal|p2a: Chansey|83/100\n|move|p1a: Snorlax|Body Slam|p2a: Chansey\n|-damage|p2a: Chansey|40/100\n|\n|upkeep\n|turn|32\n|\n|t:|1742760893\n|move|p2a: Chansey|Soft-Boiled|p2a: Chansey\n|-heal|p2a: Chansey|90/100\n|move|p1a: Snorlax|Body Slam|p2a: Chansey\n|-damage|p2a: Chansey|47/100\n|\n|upkeep\n|turn|33\n|\n|t:|1742760900\n|move|p2a: Chansey|Soft-Boiled|p2a: Chansey\n|-heal|p2a: Chansey|97/100\n|move|p1a: Snorlax|Earthquake|p2a: Chansey\n|-damage|p2a: Chansey|67/100\n|\n|upkeep\n|turn|34\n|inactive|spies rby has 240 seconds left.\n|\n|t:|1742760906\n|move|p2a: Chansey|Seismic Toss|p1a: Snorlax\n|-damage|p1a: Snorlax|62/100 par\n|move|p1a: Snorlax|Earthquake|p2a: Chansey\n|-damage|p2a: Chansey|32/100\n|\n|upkeep\n|turn|35\n|\n|t:|1742760914\n|move|p2a: Chansey|Soft-Boiled|p2a: Chansey\n|-heal|p2a: Chansey|82/100\n|move|p1a: Snorlax|Body Slam|p2a: Chansey\n|-damage|p2a: Chansey|38/100\n|\n|upkeep\n|turn|36\n|\n|t:|1742760929\n|move|p2a: Chansey|Soft-Boiled|p2a: Chansey\n|-heal|p2a: Chansey|88/100\n|cant|p1a: Snorlax|par\n|\n|upkeep\n|turn|37\n|inactive|spies rby has 240 seconds left.\n|inactive|Kaz has 270 seconds left.\n|\n|t:|1742760967\n|move|p2a: Chansey|Seismic Toss|p1a: Snorlax\n|-damage|p1a: Snorlax|43/100 par\n|move|p1a: Snorlax|Earthquake|p2a: Chansey\n|-damage|p2a: Chansey|56/100\n|\n|upkeep\n|turn|38\n|inactive|Kaz has 270 seconds left.\n|\n|t:|1742760979\n|move|p2a: Chansey|Soft-Boiled|p2a: Chansey\n|-heal|p2a: Chansey|100/100\n|move|p1a: Snorlax|Rest|p1a: Snorlax\n|-status|p1a: Snorlax|slp|[from] move: Rest\n|-heal|p1a: Snorlax|100/100 slp|[silent]\n|\n|upkeep\n|turn|39\n|\n|t:|1742760988\n|switch|p2a: Exeggutor|Exeggutor|73/100\n|cant|p1a: Snorlax|slp\n|\n|upkeep\n|turn|40\n|inactive|spies rby has 240 seconds left.\n|\n|t:|1742761008\n|switch|p1a: Exeggutor|Exeggutor|75/100 par\n|move|p2a: Exeggutor|Psychic|p1a: Exeggutor\n|-resisted|p1a: Exeggutor\n|-damage|p1a: Exeggutor|61/100 par\n|\n|upkeep\n|turn|41\n|\n|t:|1742761013\n|switch|p2a: Alakazam|Alakazam|63/100 par\n|cant|p1a: Exeggutor|par\n|\n|upkeep\n|turn|42\n|\n|t:|1742761021\n|move|p2a: Alakazam|Psychic|p1a: Exeggutor\n|-crit|p1a: Exeggutor\n|-resisted|p1a: Exeggutor\n|-damage|p1a: Exeggutor|31/100 par\n|move|p1a: Exeggutor|Psychic|p2a: Alakazam\n|-resisted|p2a: Alakazam\n|-damage|p2a: Alakazam|47/100 par\n|\n|upkeep\n|turn|43\n|\n|t:|1742761034\n|cant|p2a: Alakazam|par\n|move|p1a: Exeggutor|Rest|p1a: Exeggutor\n|-status|p1a: Exeggutor|slp|[from] move: Rest\n|-heal|p1a: Exeggutor|100/100 slp|[silent]\n|\n|upkeep\n|turn|44\n|\n|t:|1742761042\n|move|p2a: Alakazam|Recover|p2a: Alakazam\n|-heal|p2a: Alakazam|96/100 par\n|cant|p1a: Exeggutor|slp\n|\n|upkeep\n|turn|45\n|\n|t:|1742761053\n|move|p2a: Alakazam|Psychic|p1a: Exeggutor\n|-resisted|p1a: Exeggutor\n|-damage|p1a: Exeggutor|87/100 slp\n|-curestatus|p1a: Exeggutor|slp|[msg]\n|\n|upkeep\n|turn|46\n|inactive|spies rby has 270 seconds left.\n|inactive|Kaz has 270 seconds left.\n|\n|t:|1742761084\n|move|p2a: Alakazam|Psychic|p1a: Exeggutor\n|-crit|p1a: Exeggutor\n|-resisted|p1a: Exeggutor\n|-damage|p1a: Exeggutor|59/100\n|move|p1a: Exeggutor|Psychic|p2a: Alakazam\n|-resisted|p2a: Alakazam\n|-damage|p2a: Alakazam|81/100 par\n|-unboost|p2a: Alakazam|spa|1\n|-unboost|p2a: Alakazam|spd|1\n|\n|upkeep\n|turn|47\n|inactive|spies rby has 270 seconds left.\n|inactive|Kaz has 270 seconds left.\n|\n|t:|1742761119\n|switch|p1a: Snorlax|Snorlax|100/100 slp\n|cant|p2a: Alakazam|par\n|\n|upkeep\n|turn|48\n|inactive|spies rby has 270 seconds left.\n|\n|t:|1742761126\n|-curestatus|p1a: Snorlax|slp|[msg]\n|move|p2a: Alakazam|Thunder Wave|p1a: Snorlax\n|-status|p1a: Snorlax|par\n|\n|upkeep\n|turn|49\n|\n|t:|1742761135\n|switch|p2a: Chansey|Chansey|100/100\n|move|p1a: Snorlax|Body Slam|p2a: Chansey\n|-damage|p2a: Chansey|58/100\n|\n|upkeep\n|turn|50\n|\n|t:|1742761140\n|move|p2a: Chansey|Reflect|p2a: Chansey\n|-start|p2a: Chansey|Reflect\n|move|p1a: Snorlax|Earthquake|p2a: Chansey\n|-damage|p2a: Chansey|41/100\n|\n|upkeep\n|turn|51\n|\n|t:|1742761151\n|move|p2a: Chansey|Soft-Boiled|p2a: Chansey\n|-heal|p2a: Chansey|91/100\n|move|p1a: Snorlax|Earthquake|p2a: Chansey\n|-damage|p2a: Chansey|75/100\n|\n|upkeep\n|turn|52\n|\n|t:|1742761160\n|move|p2a: Chansey|Seismic Toss|p1a: Snorlax\n|-damage|p1a: Snorlax|81/100 par\n|move|p1a: Snorlax|Earthquake|p2a: Chansey\n|-damage|p2a: Chansey|59/100\n|\n|upkeep\n|turn|53\n|\n|t:|1742761169\n|move|p2a: Chansey|Seismic Toss|p1a: Snorlax\n|-damage|p1a: Snorlax|62/100 par\n|move|p1a: Snorlax|Body Slam|p2a: Chansey\n|-damage|p2a: Chansey|39/100\n|\n|upkeep\n|turn|54\n|\n|t:|1742761177\n|switch|p2a: Snorlax|Snorlax|100/100\n|cant|p1a: Snorlax|par\n|\n|upkeep\n|turn|55\n|\n|t:|1742761197\n|move|p2a: Snorlax|Body Slam|p1a: Snorlax\n|-damage|p1a: Snorlax|37/100 par\n|move|p1a: Snorlax|Self-Destruct|p2a: Snorlax\n|-damage|p2a: Snorlax|21/100\n|faint|p1a: Snorlax\n|inactive|Kaz has 270 seconds left.\n|\n|t:|1742761230\n|switch|p1a: Tauros|Tauros|100/100\n|turn|56\n|\n|t:|1742761242\n|switch|p2a: Starmie|Starmie|100/100 slp\n|move|p1a: Tauros|Body Slam|p2a: Starmie\n|-damage|p2a: Starmie|66/100 slp\n|\n|upkeep\n|turn|57\n|inactive|Kaz has 270 seconds left.\n|inactive|spies rby has 270 seconds left.\n|\n|t:|1742761293\n|cant|p2a: Starmie|slp\n|move|p1a: Tauros|Body Slam|p2a: Starmie\n|-damage|p2a: Starmie|33/100 slp\n|\n|upkeep\n|turn|58\n|inactive|Kaz has 270 seconds left.\n|\n|t:|1742761307\n|cant|p2a: Starmie|slp\n|move|p1a: Tauros|Body Slam|p2a: Starmie\n|-damage|p2a: Starmie|0 fnt\n|faint|p2a: Starmie\n|inactive|spies rby has 240 seconds left.\n|inactive|spies rby has 210 seconds left.\n|\n|t:|1742761379\n|switch|p2a: Exeggutor|Exeggutor|73/100\n|turn|59\n|inactive|Kaz has 270 seconds left.\n|inactive|spies rby has 180 seconds left.\n|inactive|Kaz has 240 seconds left.\n|\n|t:|1742761443\n|switch|p1a: Chansey|Chansey|83/100 par\n|move|p2a: Exeggutor|Sleep Powder|p1a: Chansey|[miss]\n|-miss|p2a: Exeggutor\n|\n|upkeep\n|turn|60\n|inactive|Kaz has 210 seconds left.\n|inactive|spies rby has 150 seconds left.\n|inactive|Kaz has 180 seconds left.\n|\n|t:|1742761495\n|switch|p2a: Snorlax|Snorlax|21/100\n|move|p1a: Chansey|Ice Beam|p2a: Snorlax\n|-damage|p2a: Snorlax|1/100\n|\n|upkeep\n|turn|61\n|inactive|Kaz has 180 seconds left.\n|inactive|Kaz has 150 seconds left.\n|inactive|spies rby has 120 seconds left.\n|inactive|Kaz has 120 seconds left.\n|inactive|Kaz has 90 seconds left.\n|\n|t:|1742761597\n|move|p2a: Snorlax|Self-Destruct|p1a: Chansey\n|-damage|p1a: Chansey|0 fnt\n|faint|p1a: Chansey\n|faint|p2a: Snorlax\n|inactive|Kaz has 90 seconds left.\n|inactive|spies rby has 120 seconds left.\n|inactive|Kaz has 60 seconds left.\n|\n|t:|1742761646\n|switch|p2a: Exeggutor|Exeggutor|73/100\n|switch|p1a: Zapdos|Zapdos|100/100\n|turn|62\n|inactive|Kaz has 60 seconds left.\n|\n|t:|1742761660\n|move|p1a: Zapdos|Drill Peck|p2a: Exeggutor\n|-supereffective|p2a: Exeggutor\n|-damage|p2a: Exeggutor|24/100\n|move|p2a: Exeggutor|Sleep Powder|p1a: Zapdos\n|-status|p1a: Zapdos|slp|[from] move: Sleep Powder\n|\n|upkeep\n|turn|63\n|inactive|spies rby has 90 seconds left.\n|\n|t:|1742761687\n|switch|p1a: Exeggutor|Exeggutor|59/100\n|move|p2a: Exeggutor|Psychic|p1a: Exeggutor\n|-resisted|p1a: Exeggutor\n|-damage|p1a: Exeggutor|45/100\n|\n|upkeep\n|turn|64\n|inactive|spies rby has 90 seconds left.\n|\n|t:|1742761722\n|switch|p2a: Alakazam|Alakazam|81/100 par\n|move|p1a: Exeggutor|Sleep Powder|p2a: Alakazam\n|-fail|p2a: Alakazam\n|\n|upkeep\n|turn|65\n|inactive|spies rby has 60 seconds left.\n|\n|t:|1742761741\n|move|p1a: Exeggutor|Explosion|p2a: Alakazam\n|-crit|p2a: Alakazam\n|-damage|p2a: Alakazam|0 fnt\n|faint|p2a: Alakazam\n|faint|p1a: Exeggutor\n|\n|t:|1742761747\n|switch|p1a: Tauros|Tauros|100/100\n|switch|p2a: Tauros|Tauros|100/100\n|turn|66\n|inactive|Kaz has 90 seconds left.\n|\n|t:|1742761756\n|move|p2a: Tauros|Body Slam|p1a: Tauros\n|-damage|p1a: Tauros|70/100\n|move|p1a: Tauros|Body Slam|p2a: Tauros\n|-damage|p2a: Tauros|71/100\n|\n|upkeep\n|turn|67\n|inactive|Kaz has 90 seconds left.\n|\n|t:|1742761779\n|move|p1a: Tauros|Blizzard|p2a: Tauros\n|-damage|p2a: Tauros|45/100\n|move|p2a: Tauros|Body Slam|p1a: Tauros\n|-damage|p1a: Tauros|42/100\n|\n|upkeep\n|turn|68\n|c|☆Kaz|draw?\n|c|☆spies rby|draw?\n|c|☆spies rby|is it legal?\n|inactive|spies rby has 60 seconds left.\n|c|☆Kaz|ye\n|c|☆spies rby|im gna lose to \n|inactive|Kaz has 60 seconds left.\n|c|☆spies rby|timer before i can make sure of that\n|c|☆Kaz|u take it or nah?\n|c|☆spies rby|nah man\n|inactive|spies rby has 30 seconds left.\n|inactive|Kaz has 30 seconds left.\n|inactive|spies rby has 20 seconds left.\n|c|☆spies rby|ok tie\n|c|☆spies rby|lets do it\n|inactive|spies rby has 15 seconds left.\n|inactive|Kaz has 20 seconds left.\n|inactive|spies rby has 10 seconds left.\n|c|☆Kaz|sure\n|inactive|Kaz has 15 seconds left.\n|inactive|spies rby has 5 seconds left.\n|inactive|Kaz has 10 seconds left.\n|\n|t:|1742761860\n|move|p1a: Tauros|Hyper Beam|p2a: Tauros\n|-damage|p2a: Tauros|0 fnt\n|faint|p2a: Tauros\n|inactive|Kaz has 15 seconds left this turn.\n|inactive|spies rby has 10 seconds left this turn.\n|inactive|spies rby has 5 seconds left.\n|c|☆spies rby|how is it made\n|-message|spies rby lost due to inactivity.\n|\n|win|Kaz\n|player|p2|\n|player|p1|\n","uploadtime":1742761870,"views":"2458","formatid":"gen1ou","rating":null,"private":0,"password":null}