{"id":"smogtours-gen1ou-964036","format":"[Gen 1] OU","players":["LNumbers","sadisticnarwhal"],"log":"|inactive|Battle timer is ON: inactive players will automatically lose when time's up.\n|t:|1786830462\n|gametype|singles\n|player|p1|LNumbers|#rbywc2026|\n|player|p2|sadisticnarwhal|#rcop2023useast|\n|gen|1\n|tier|[Gen 1] OU\n|rule|Desync Clause Mod: Desyncs resolve to link battle behavior from the acting player's perspective.\n|rule|HP Percentage Mod: HP is shown in percentages\n|rule|Endless Battle Clause: Forcing endless battles is banned\n|rule|Sleep Clause Mod: Limit one foe put to sleep\n|rule|Freeze Clause Mod: Limit one foe frozen\n|rule|Species Clause: Limit one of each Pokémon\n|rule|OHKO Clause: OHKO moves are banned\n|rule|Evasion Moves Clause: Evasion moves are banned\n|\n|t:|1786830462\n|teamsize|p1|6\n|teamsize|p2|6\n|start\n|switch|p1a: Tauros|Tauros|100/100\n|switch|p2a: Gengar|Gengar|100/100\n|turn|1\n|c|☆sadisticnarwhal|hf\n|c|☆LNumbers|hf\n|inactive|LNumbers has 270 seconds left.\n|\n|t:|1786830503\n|move|p2a: Gengar|Hypnosis|p1a: Tauros|[miss]\n|-miss|p2a: Gengar\n|move|p1a: Tauros|Earthquake|p2a: Gengar\n|-supereffective|p2a: Gengar\n|-damage|p2a: Gengar|38/100\n|\n|upkeep\n|turn|2\n|inactive|LNumbers has 270 seconds left.\n|inactive|LNumbers has 240 seconds left.\n|\n|t:|1786830579\n|switch|p2a: Exeggutor|Exeggutor|100/100\n|move|p1a: Tauros|Earthquake|p2a: Exeggutor\n|-crit|p2a: Exeggutor\n|-resisted|p2a: Exeggutor\n|-damage|p2a: Exeggutor|78/100\n|\n|upkeep\n|turn|3\n|inactive|LNumbers has 210 seconds left.\n|inactive|LNumbers has 180 seconds left.\n|\n|t:|1786830640\n|move|p1a: Tauros|Hyper Beam|p2a: Exeggutor\n|-damage|p2a: Exeggutor|29/100\n|-mustrecharge|p1a: Tauros\n|move|p2a: Exeggutor|Sleep Powder|p1a: Tauros\n|-status|p1a: Tauros|slp|[from] move: Sleep Powder\n|-hint|In Gen 1, if a Pokémon that has just used Hyper Beam and has yet to recharge is targeted with a sleep inducing move, any other status it may already have will be ignored and sleep will be induced regardless.\n|\n|upkeep\n|turn|4\n|inactive|LNumbers has 180 seconds left.\n|\n|t:|1786830665\n|switch|p1a: Exeggutor|Exeggutor|100/100\n|move|p2a: Exeggutor|Psychic|p1a: Exeggutor\n|-resisted|p1a: Exeggutor\n|-damage|p1a: Exeggutor|88/100\n|-unboost|p1a: Exeggutor|spa|1\n|-unboost|p1a: Exeggutor|spd|1\n|\n|upkeep\n|turn|5\n|inactive|LNumbers has 150 seconds left.\n|\n|t:|1786830703\n|move|p1a: Exeggutor|Sleep Powder|p2a: Exeggutor|[miss]\n|-miss|p1a: Exeggutor\n|move|p2a: Exeggutor|Stun Spore|p1a: Exeggutor\n|-status|p1a: Exeggutor|par\n|\n|upkeep\n|turn|6\n|\n|t:|1786830716\n|switch|p1a: Cloyster|Cloyster|100/100\n|move|p2a: Exeggutor|Explosion|p1a: Cloyster\n|-damage|p1a: Cloyster|47/100\n|faint|p2a: Exeggutor\n|inactive|sadisticnarwhal has 270 seconds left.\n|inactive|sadisticnarwhal has 240 seconds left.\n|inactive|sadisticnarwhal has 210 seconds left.\n|\n|t:|1786830814\n|switch|p2a: Starmie|Starmie|100/100\n|turn|7\n|\n|t:|1786830824\n|switch|p1a: Chansey|Chansey|100/100\n|move|p2a: Starmie|Psychic|p1a: Chansey\n|-damage|p1a: Chansey|85/100\n|\n|upkeep\n|turn|8\n|inactive|LNumbers has 150 seconds left.\n|\n|t:|1786830849\n|move|p2a: Starmie|Thunder Wave|p1a: Chansey\n|-status|p1a: Chansey|par\n|move|p1a: Chansey|Sing|p2a: Starmie\n|-status|p2a: Starmie|slp|[from] move: Sing\n|\n|upkeep\n|turn|9\n|inactive|sadisticnarwhal has 210 seconds left.\n|\n|t:|1786830865\n|switch|p2a: Snorlax|Snorlax|100/100\n|switch|p1a: Rhydon|Rhydon|100/100\n|\n|upkeep\n|turn|10\n|inactive|sadisticnarwhal has 210 seconds left.\n|\n|t:|1786830890\n|move|p1a: Rhydon|Earthquake|p2a: Snorlax\n|-crit|p2a: Snorlax\n|-damage|p2a: Snorlax|37/100\n|move|p2a: Snorlax|Body Slam|p1a: Rhydon\n|-resisted|p1a: Rhydon\n|-damage|p1a: Rhydon|88/100\n|\n|upkeep\n|turn|11\n|\n|t:|1786830902\n|move|p1a: Rhydon|Earthquake|p2a: Snorlax\n|-damage|p2a: Snorlax|0 fnt\n|faint|p2a: Snorlax\n|inactive|sadisticnarwhal has 210 seconds left.\n|c|☆sadisticnarwhal|that's so ass mannnnnnnn\n|\n|t:|1786830918\n|switch|p2a: Tauros|Tauros|100/100\n|turn|12\n|inactive|LNumbers has 120 seconds left.\n|inactive|LNumbers has 90 seconds left.\n|inactive|LNumbers has 60 seconds left.\n|\n|t:|1786831021\n|switch|p1a: Cloyster|Cloyster|47/100\n|move|p2a: Tauros|Blizzard|p1a: Cloyster\n|-resisted|p1a: Cloyster\n|-damage|p1a: Cloyster|40/100\n|\n|upkeep\n|turn|13\n|inactive|sadisticnarwhal has 210 seconds left.\n|inactive|LNumbers has 30 seconds left.\n|inactive|LNumbers has 20 seconds left.\n|inactive|LNumbers has 15 seconds left.\n|inactive|sadisticnarwhal has 180 seconds left.\n|inactive|LNumbers has 10 seconds left.\n|\n|t:|1786831067\n|move|p2a: Tauros|Body Slam|p1a: Cloyster\n|-damage|p1a: Cloyster|20/100\n|-status|p1a: Cloyster|par\n|move|p1a: Cloyster|Blizzard|p2a: Tauros\n|-damage|p2a: Tauros|58/100\n|\n|upkeep\n|turn|14\n|inactive|LNumbers has 20 seconds left this turn.\n|inactive|LNumbers has 15 seconds left.\n|\n|t:|1786831074\n|move|p2a: Tauros|Body Slam|p1a: Cloyster\n|-damage|p1a: Cloyster|0 fnt\n|faint|p1a: Cloyster\n|inactive|LNumbers has 20 seconds left this turn.\n|inactive|LNumbers has 15 seconds left.\n|\n|t:|1786831082\n|switch|p1a: Exeggutor|Exeggutor|88/100 par\n|turn|15\n|inactive|LNumbers has 25 seconds left this turn.\n|inactive|sadisticnarwhal has 180 seconds left.\n|inactive|sadisticnarwhal has 150 seconds left.\n|\n|t:|1786831135\n|move|p2a: Tauros|Blizzard|p1a: Exeggutor\n|-supereffective|p1a: Exeggutor\n|-damage|p1a: Exeggutor|57/100 par\n|move|p1a: Exeggutor|Psychic|p2a: Tauros\n|-damage|p2a: Tauros|16/100\n|\n|upkeep\n|turn|16\n|inactive|LNumbers has 30 seconds left.\n|inactive|sadisticnarwhal has 150 seconds left.\n|inactive|LNumbers has 20 seconds left.\n|\n|t:|1786831164\n|switch|p2a: Starmie|Starmie|100/100 slp\n|move|p1a: Exeggutor|Psychic|p2a: Starmie\n|-resisted|p2a: Starmie\n|-damage|p2a: Starmie|82/100 slp\n|-unboost|p2a: Starmie|spa|1\n|-unboost|p2a: Starmie|spd|1\n|\n|upkeep\n|turn|17\n|inactive|LNumbers has 30 seconds left this turn.\n|\n|t:|1786831169\n|switch|p2a: Gengar|Gengar|38/100\n|move|p1a: Exeggutor|Psychic|p2a: Gengar\n|-supereffective|p2a: Gengar\n|-damage|p2a: Gengar|0 fnt\n|faint|p2a: Gengar\n|\n|t:|1786831173\n|switch|p2a: Zapdos|Zapdos|100/100\n|turn|18\n|\n|t:|1786831183\n|switch|p2a: Tauros|Tauros|16/100\n|move|p1a: Exeggutor|Psychic|p2a: Tauros\n|-damage|p2a: Tauros|0 fnt\n|faint|p2a: Tauros\n|-message|sadisticnarwhal forfeited.\n|\n|win|LNumbers\n|player|p2|\n|c|☆LNumbers|gg\n","uploadtime":1786831186,"views":"63","formatid":"gen1ou","rating":null,"private":2,"password":null}