{"id":"smogtours-gen1ou-945472","format":"[Gen 1] OU","players":["Kristyl ★","fiishing"],"log":"|inactive|Battle timer is ON: inactive players will automatically lose when time's up.\n|badge|p2|silver|gen9ou|30-9\n|uhtml|medal-msg|<div class=\"broadcast-blue\">Curious what those medals under the avatar are? PS now has Ladder Seasons! For more information, check out the <a href=\"https://www.smogon.com/forums/threads/3740067/\">thread on Smogon.</a></div>\n|t:|1781215593\n|gametype|singles\n|player|p1|Kristyl ★|dawn|\n|player|p2|fiishing|miku-water|\n|gen|1\n|tier|[Gen 1] OU\n|rule|Desync Clause Mod: Desyncs changed to move failure.\n|rule|HP Percentage Mod: HP is shown in percentages\n|rule|Endless Battle Clause: Forcing endless battles is banned\n|rule|Sleep Clause Mod: Limit one foe put to sleep\n|rule|Freeze Clause Mod: Limit one foe frozen\n|rule|Species Clause: Limit one of each Pokémon\n|rule|OHKO Clause: OHKO moves are banned\n|rule|Evasion Moves Clause: Evasion moves are banned\n|\n|t:|1781215593\n|teamsize|p1|6\n|teamsize|p2|6\n|start\n|switch|p1a: Alakazam|Alakazam|100/100\n|switch|p2a: Starmie|Starmie|100/100\n|turn|1\n|c|☆Kristyl ★|hf\n|c|☆fiishing|glhf\n|inactive|fiishing has 270 seconds left.\n|\n|t:|1781215635\n|switch|p2a: Exeggutor|Exeggutor|100/100\n|move|p1a: Alakazam|Thunder Wave|p2a: Exeggutor\n|-status|p2a: Exeggutor|par\n|\n|upkeep\n|turn|2\n|\n|t:|1781215640\n|move|p1a: Alakazam|Seismic Toss|p2a: Exeggutor\n|-damage|p2a: Exeggutor|75/100 par\n|cant|p2a: Exeggutor|par\n|\n|upkeep\n|turn|3\n|\n|t:|1781215644\n|move|p1a: Alakazam|Seismic Toss|p2a: Exeggutor\n|-damage|p2a: Exeggutor|50/100 par\n|move|p2a: Exeggutor|Sleep Powder|p1a: Alakazam|[miss]\n|-miss|p2a: Exeggutor\n|\n|upkeep\n|turn|4\n|\n|t:|1781215651\n|switch|p1a: Gengar|Gengar|100/100\n|switch|p2a: Chansey|Chansey|100/100\n|\n|upkeep\n|turn|5\n|\n|t:|1781215656\n|switch|p2a: Exeggutor|Exeggutor|50/100 par\n|move|p1a: Gengar|Hypnosis|p2a: Exeggutor\n|-fail|p2a: Exeggutor\n|\n|upkeep\n|turn|6\n|\n|t:|1781215660\n|switch|p1a: Alakazam|Alakazam|100/100\n|move|p2a: Exeggutor|Sleep Powder|p1a: Alakazam\n|-status|p1a: Alakazam|slp|[from] move: Sleep Powder\n|\n|upkeep\n|turn|7\n|\n|t:|1781215668\n|switch|p2a: Starmie|Starmie|100/100\n|cant|p1a: Alakazam|slp\n|\n|upkeep\n|turn|8\n|\n|t:|1781215674\n|cant|p1a: Alakazam|slp\n|move|p2a: Starmie|Blizzard|p1a: Alakazam\n|-crit|p1a: Alakazam\n|-damage|p1a: Alakazam|54/100 slp\n|\n|upkeep\n|turn|9\n|\n|t:|1781215677\n|-curestatus|p1a: Alakazam|slp|[msg]\n|move|p2a: Starmie|Thunder Wave|p1a: Alakazam\n|-status|p1a: Alakazam|par\n|\n|upkeep\n|turn|10\n|\n|t:|1781215688\n|move|p2a: Starmie|Blizzard|p1a: Alakazam\n|-crit|p1a: Alakazam\n|-damage|p1a: Alakazam|7/100 par\n|move|p1a: Alakazam|Recover|p1a: Alakazam\n|-heal|p1a: Alakazam|57/100 par\n|\n|upkeep\n|turn|11\n|\n|t:|1781215692\n|move|p2a: Starmie|Blizzard|p1a: Alakazam\n|-damage|p1a: Alakazam|34/100 par\n|move|p1a: Alakazam|Recover|p1a: Alakazam\n|-heal|p1a: Alakazam|84/100 par\n|\n|upkeep\n|turn|12\n|\n|t:|1781215695\n|move|p2a: Starmie|Thunderbolt|p1a: Alakazam\n|-damage|p1a: Alakazam|65/100 par\n|move|p1a: Alakazam|Recover|p1a: Alakazam\n|-heal|p1a: Alakazam|100/100 par\n|\n|upkeep\n|turn|13\n|\n|t:|1781215706\n|switch|p2a: Chansey|Chansey|100/100\n|move|p1a: Alakazam|Thunder Wave|p2a: Chansey\n|-status|p2a: Chansey|par\n|\n|upkeep\n|turn|14\n|\n|t:|1781215711\n|cant|p1a: Alakazam|par\n|move|p2a: Chansey|Seismic Toss|p1a: Alakazam\n|-damage|p1a: Alakazam|69/100 par\n|\n|upkeep\n|turn|15\n|\n|t:|1781215714\n|move|p1a: Alakazam|Psychic|p2a: Chansey\n|-damage|p2a: Chansey|84/100 par\n|cant|p2a: Chansey|par\n|\n|upkeep\n|turn|16\n|\n|t:|1781215717\n|move|p1a: Alakazam|Psychic|p2a: Chansey\n|-crit|p2a: Chansey\n|-damage|p2a: Chansey|48/100 par\n|move|p2a: Chansey|Seismic Toss|p1a: Alakazam\n|-damage|p1a: Alakazam|37/100 par\n|\n|upkeep\n|turn|17\n|\n|t:|1781215720\n|move|p1a: Alakazam|Recover|p1a: Alakazam\n|-heal|p1a: Alakazam|86/100 par\n|cant|p2a: Chansey|par\n|\n|upkeep\n|turn|18\n|\n|t:|1781215722\n|move|p1a: Alakazam|Psychic|p2a: Chansey\n|-crit|p2a: Chansey\n|-damage|p2a: Chansey|15/100 par\n|move|p2a: Chansey|Soft-Boiled|p2a: Chansey\n|-heal|p2a: Chansey|65/100 par\n|\n|upkeep\n|turn|19\n|\n|t:|1781215725\n|move|p1a: Alakazam|Psychic|p2a: Chansey\n|-damage|p2a: Chansey|45/100 par\n|move|p2a: Chansey|Soft-Boiled|p2a: Chansey\n|-heal|p2a: Chansey|95/100 par\n|\n|upkeep\n|turn|20\n|\n|t:|1781215727\n|cant|p1a: Alakazam|par\n|move|p2a: Chansey|Seismic Toss|p1a: Alakazam\n|-damage|p1a: Alakazam|54/100 par\n|\n|upkeep\n|turn|21\n|\n|t:|1781215729\n|switch|p2a: Snorlax|Snorlax|100/100\n|move|p1a: Alakazam|Recover|p1a: Alakazam\n|-heal|p1a: Alakazam|100/100 par\n|\n|upkeep\n|turn|22\n|\n|t:|1781215735\n|switch|p2a: Chansey|Chansey|95/100 par\n|move|p1a: Alakazam|Psychic|p2a: Chansey\n|-crit|p2a: Chansey\n|-damage|p2a: Chansey|58/100 par\n|\n|upkeep\n|turn|23\n|\n|t:|1781215739\n|switch|p1a: Snorlax|Snorlax|100/100\n|move|p2a: Chansey|Soft-Boiled|p2a: Chansey\n|-heal|p2a: Chansey|100/100 par\n|\n|upkeep\n|turn|24\n|\n|t:|1781215746\n|switch|p1a: Alakazam|Alakazam|100/100 par\n|switch|p2a: Snorlax|Snorlax|100/100\n|\n|upkeep\n|turn|25\n|\n|t:|1781215753\n|switch|p2a: Chansey|Chansey|100/100 par\n|switch|p1a: Gengar|Gengar|100/100\n|\n|upkeep\n|turn|26\n|\n|t:|1781215758\n|switch|p1a: Alakazam|Alakazam|100/100 par\n|cant|p2a: Chansey|par\n|\n|upkeep\n|turn|27\n|\n|t:|1781215761\n|move|p1a: Alakazam|Seismic Toss|p2a: Chansey\n|-damage|p2a: Chansey|86/100 par\n|move|p2a: Chansey|Seismic Toss|p1a: Alakazam\n|-damage|p1a: Alakazam|69/100 par\n|\n|upkeep\n|turn|28\n|\n|t:|1781215765\n|switch|p1a: Snorlax|Snorlax|100/100\n|switch|p2a: Snorlax|Snorlax|100/100\n|\n|upkeep\n|turn|29\n|\n|t:|1781215769\n|switch|p1a: Gengar|Gengar|100/100\n|move|p2a: Snorlax|Body Slam|p1a: Gengar\n|-immune|p1a: Gengar\n|\n|upkeep\n|turn|30\n|\n|t:|1781215776\n|switch|p2a: Exeggutor|Exeggutor|50/100 par\n|move|p1a: Gengar|Thunderbolt|p2a: Exeggutor\n|-crit|p2a: Exeggutor\n|-resisted|p2a: Exeggutor\n|-damage|p2a: Exeggutor|31/100 par\n|\n|upkeep\n|turn|31\n|inactive|Kristyl ★ disconnected and has 300 seconds to reconnect!\n|player|p1|\n|inactive|fiishing has 270 seconds left.\n|inactive|Kristyl ★ reconnected and has 280 seconds left.\n|player|p1|Kristyl ★|dawn|\n|\n|t:|1781215831\n|switch|p1a: Alakazam|Alakazam|69/100 par\n|cant|p2a: Exeggutor|par\n|\n|upkeep\n|turn|32\n|\n|t:|1781215836\n|switch|p2a: Snorlax|Snorlax|100/100\n|move|p1a: Alakazam|Psychic|p2a: Snorlax\n|-damage|p2a: Snorlax|70/100\n|\n|upkeep\n|turn|33\n|inactive|fiishing has 270 seconds left.\n|\n|t:|1781215845\n|switch|p1a: Gengar|Gengar|100/100\n|move|p2a: Snorlax|Earthquake|p1a: Gengar\n|-supereffective|p1a: Gengar\n|-damage|p1a: Gengar|27/100\n|\n|upkeep\n|turn|34\n|inactive|Kristyl ★ disconnected and has 280 seconds to reconnect!\n|player|p1|\n|inactive|Kristyl ★ reconnected and has 300 seconds left.\n|player|p1|Kristyl ★|dawn|\n|\n|t:|1781215861\n|switch|p2a: Exeggutor|Exeggutor|31/100 par\n|move|p1a: Gengar|Thunderbolt|p2a: Exeggutor\n|-resisted|p2a: Exeggutor\n|-damage|p2a: Exeggutor|21/100 par\n|\n|upkeep\n|turn|35\n|inactive|fiishing has 270 seconds left.\n|inactive|fiishing has 240 seconds left.\n|\n|t:|1781215913\n|switch|p1a: Alakazam|Alakazam|69/100 par\n|switch|p2a: Snorlax|Snorlax|70/100\n|\n|upkeep\n|turn|36\n|\n|t:|1781215917\n|switch|p1a: Exeggutor|Exeggutor|100/100\n|move|p2a: Snorlax|Hyper Beam|p1a: Exeggutor\n|-damage|p1a: Exeggutor|45/100\n|-mustrecharge|p2a: Snorlax\n|\n|upkeep\n|turn|37\n|\n|t:|1781215922\n|move|p1a: Exeggutor|Sleep Powder|p2a: Snorlax\n|-status|p2a: Snorlax|slp|[from] move: Sleep Powder\n|-hint|In Gen 1, if a Pokémon that has just used Hyper Beam and has yet to recharge is targeted with a sleep inducing move, any other status it may already have will be ignored and sleep will be induced regardless.\n|cant|p2a: Snorlax|slp\n|\n|upkeep\n|turn|38\n|\n|t:|1781215939\n|switch|p1a: Snorlax|Snorlax|100/100\n|switch|p2a: Chansey|Chansey|86/100 par\n|\n|upkeep\n|turn|39\n|\n|t:|1781215949\n|switch|p2a: Starmie|Starmie|100/100\n|move|p1a: Snorlax|Body Slam|p2a: Starmie\n|-damage|p2a: Starmie|64/100\n|-status|p2a: Starmie|par\n|\n|upkeep\n|turn|40\n|\n|t:|1781215956\n|move|p1a: Snorlax|Hyper Beam|p2a: Starmie\n|-damage|p2a: Starmie|0 fnt\n|faint|p2a: Starmie\n|inactive|fiishing has 240 seconds left.\n|\n|t:|1781215999\n|switch|p2a: Alakazam|Alakazam|100/100\n|turn|41\n|\n|t:|1781216016\n|move|p2a: Alakazam|Thunder Wave|p1a: Snorlax\n|-status|p1a: Snorlax|par\n|cant|p1a: Snorlax|par\n|\n|upkeep\n|turn|42\n|\n|t:|1781216033\n|move|p2a: Alakazam|Psychic|p1a: Snorlax\n|-crit|p1a: Snorlax\n|-damage|p1a: Snorlax|42/100 par\n|-unboost|p1a: Snorlax|spa|1\n|-unboost|p1a: Snorlax|spd|1\n|move|p1a: Snorlax|Body Slam|p2a: Alakazam\n|-damage|p2a: Alakazam|48/100\n|-status|p2a: Alakazam|par\n|\n|upkeep\n|turn|43\n|\n|t:|1781216051\n|switch|p2a: Tauros|Tauros|100/100\n|switch|p1a: Exeggutor|Exeggutor|45/100\n|\n|upkeep\n|turn|44\n|\n|t:|1781216062\n|switch|p1a: Gengar|Gengar|27/100\n|move|p2a: Tauros|Hyper Beam|p1a: Gengar\n|-immune|p1a: Gengar\n|\n|upkeep\n|turn|45\n|\n|t:|1781216070\n|switch|p1a: Zapdos|Zapdos|100/100\n|move|p2a: Tauros|Earthquake|p1a: Zapdos\n|-immune|p1a: Zapdos\n|\n|upkeep\n|turn|46\n|\n|t:|1781216083\n|move|p2a: Tauros|Body Slam|p1a: Zapdos\n|-damage|p1a: Zapdos|70/100\n|move|p1a: Zapdos|Thunderbolt|p2a: Tauros\n|-damage|p2a: Tauros|52/100\n|\n|upkeep\n|turn|47\n|\n|t:|1781216097\n|move|p2a: Tauros|Blizzard|p1a: Zapdos\n|-supereffective|p1a: Zapdos\n|-damage|p1a: Zapdos|35/100\n|move|p1a: Zapdos|Drill Peck|p2a: Tauros\n|-damage|p2a: Tauros|25/100\n|\n|upkeep\n|turn|48\n|\n|t:|1781216106\n|switch|p1a: Gengar|Gengar|27/100\n|move|p2a: Tauros|Hyper Beam|p1a: Gengar\n|-immune|p1a: Gengar\n|\n|upkeep\n|turn|49\n|\n|t:|1781216110\n|switch|p2a: Exeggutor|Exeggutor|21/100 par\n|move|p1a: Gengar|Thunderbolt|p2a: Exeggutor\n|-resisted|p2a: Exeggutor\n|-damage|p2a: Exeggutor|11/100 par\n|\n|upkeep\n|turn|50\n|\n|t:|1781216119\n|switch|p1a: Alakazam|Alakazam|69/100 par\n|cant|p2a: Exeggutor|par\n|\n|upkeep\n|turn|51\n|\n|t:|1781216123\n|switch|p2a: Chansey|Chansey|86/100 par\n|cant|p1a: Alakazam|par\n|\n|upkeep\n|turn|52\n|\n|t:|1781216130\n|move|p1a: Alakazam|Psychic|p2a: Chansey\n|-damage|p2a: Chansey|68/100 par\n|-unboost|p2a: Chansey|spa|1\n|-unboost|p2a: Chansey|spd|1\n|move|p2a: Chansey|Seismic Toss|p1a: Alakazam\n|-damage|p1a: Alakazam|37/100 par\n|\n|upkeep\n|turn|53\n|\n|t:|1781216133\n|switch|p2a: Tauros|Tauros|25/100\n|move|p1a: Alakazam|Recover|p1a: Alakazam\n|-heal|p1a: Alakazam|86/100 par\n|\n|upkeep\n|turn|54\n|inactive|fiishing has 270 seconds left.\n|\n|t:|1781216148\n|switch|p1a: Gengar|Gengar|27/100\n|move|p2a: Tauros|Earthquake|p1a: Gengar\n|-supereffective|p1a: Gengar\n|-damage|p1a: Gengar|0 fnt\n|faint|p1a: Gengar\n|\n|t:|1781216153\n|switch|p1a: Tauros|Tauros|100/100\n|turn|55\n|inactive|fiishing has 270 seconds left.\n|\n|t:|1781216188\n|switch|p2a: Snorlax|Snorlax|70/100 slp\n|move|p1a: Tauros|Body Slam|p2a: Snorlax\n|-damage|p2a: Snorlax|45/100 slp\n|\n|upkeep\n|turn|56\n|\n|t:|1781216190\n|move|p1a: Tauros|Body Slam|p2a: Snorlax\n|-damage|p2a: Snorlax|21/100 slp\n|cant|p2a: Snorlax|slp\n|\n|upkeep\n|turn|57\n|\n|t:|1781216196\n|move|p1a: Tauros|Body Slam|p2a: Snorlax\n|-damage|p2a: Snorlax|0 fnt\n|faint|p2a: Snorlax\n|\n|t:|1781216198\n|switch|p2a: Chansey|Chansey|68/100 par\n|turn|58\n|\n|t:|1781216209\n|switch|p1a: Snorlax|Snorlax|42/100 par\n|move|p2a: Chansey|Soft-Boiled|p2a: Chansey\n|-heal|p2a: Chansey|100/100 par\n|\n|upkeep\n|turn|59\n|\n|t:|1781216217\n|move|p2a: Chansey|Seismic Toss|p1a: Snorlax\n|-damage|p1a: Snorlax|23/100 par\n|cant|p1a: Snorlax|par\n|\n|upkeep\n|turn|60\n|\n|t:|1781216223\n|switch|p2a: Exeggutor|Exeggutor|11/100 par\n|cant|p1a: Snorlax|par\n|\n|upkeep\n|turn|61\n|\n|t:|1781216229\n|switch|p1a: Alakazam|Alakazam|86/100 par\n|move|p2a: Exeggutor|Psychic|p1a: Alakazam\n|-resisted|p1a: Alakazam\n|-damage|p1a: Alakazam|71/100 par\n|-unboost|p1a: Alakazam|spa|1\n|-unboost|p1a: Alakazam|spd|1\n|\n|upkeep\n|turn|62\n|\n|t:|1781216243\n|move|p2a: Exeggutor|Explosion|p1a: Alakazam\n|-damage|p1a: Alakazam|0 fnt\n|faint|p1a: Alakazam\n|faint|p2a: Exeggutor\n|\n|t:|1781216267\n|switch|p1a: Tauros|Tauros|100/100\n|switch|p2a: Chansey|Chansey|100/100 par\n|turn|63\n|\n|t:|1781216271\n|switch|p1a: Exeggutor|Exeggutor|45/100\n|switch|p2a: Tauros|Tauros|25/100\n|\n|upkeep\n|turn|64\n|\n|t:|1781216280\n|switch|p1a: Zapdos|Zapdos|35/100\n|move|p2a: Tauros|Hyper Beam|p1a: Zapdos\n|-damage|p1a: Zapdos|0 fnt\n|faint|p1a: Zapdos\n|\n|t:|1781216282\n|switch|p1a: Tauros|Tauros|100/100\n|turn|65\n|\n|t:|1781216291\n|switch|p2a: Alakazam|Alakazam|48/100 par\n|move|p1a: Tauros|Body Slam|p2a: Alakazam\n|-crit|p2a: Alakazam\n|-damage|p2a: Alakazam|0 fnt\n|faint|p2a: Alakazam\n|\n|t:|1781216294\n|switch|p2a: Chansey|Chansey|100/100 par\n|turn|66\n|\n|t:|1781216299\n|switch|p1a: Exeggutor|Exeggutor|45/100\n|cant|p2a: Chansey|par\n|\n|upkeep\n|turn|67\n|\n|t:|1781216305\n|move|p1a: Exeggutor|Explosion|p2a: Chansey\n|-damage|p2a: Chansey|0 fnt\n|faint|p2a: Chansey\n|faint|p1a: Exeggutor\n|\n|t:|1781216307\n|switch|p1a: Tauros|Tauros|100/100\n|switch|p2a: Tauros|Tauros|25/100\n|turn|68\n|\n|t:|1781216308\n|move|p2a: Tauros|Hyper Beam|p1a: Tauros\n|-crit|p1a: Tauros\n|-damage|p1a: Tauros|0 fnt\n|faint|p1a: Tauros\n|\n|t:|1781216311\n|switch|p1a: Snorlax|Snorlax|23/100 par\n|turn|69\n|\n|t:|1781216314\n|move|p2a: Tauros|Body Slam|p1a: Snorlax\n|-damage|p1a: Snorlax|0 fnt\n|faint|p1a: Snorlax\n|\n|win|fiishing\n","uploadtime":1781216314,"views":"82","formatid":"gen1ou","rating":null,"private":0,"password":null}