{"id":"smogtours-gen1ou-956817","format":"[Gen 1] OU","players":["RoboKyII","wooooo rby"],"log":"|inactive|Battle timer is ON: inactive players will automatically lose when time's up.\n|t:|1784365367\n|gametype|singles\n|player|p1|RoboKyII|rosa-pokestar3|\n|player|p2|wooooo rby|lucas|\n|gen|1\n|tier|[Gen 1] OU\n|rule|Desync Clause Mod: Desyncs resolve to link battle behavior from the acting player's perspective.\n|rule|HP Percentage Mod: HP is shown in percentages\n|rule|Endless Battle Clause: Forcing endless battles is banned\n|rule|Sleep Clause Mod: Limit one foe put to sleep\n|rule|Freeze Clause Mod: Limit one foe frozen\n|rule|Species Clause: Limit one of each Pokémon\n|rule|OHKO Clause: OHKO moves are banned\n|rule|Evasion Moves Clause: Evasion moves are banned\n|\n|t:|1784365367\n|teamsize|p1|6\n|teamsize|p2|6\n|start\n|switch|p1a: Jynx|Jynx|100/100\n|switch|p2a: Gengar|Gengar|100/100\n|turn|1\n|c|☆wooooo rby|hf\n|\n|t:|1784365380\n|move|p2a: Gengar|Explosion|p1a: Jynx\n|-damage|p1a: Jynx|0 fnt\n|faint|p1a: Jynx\n|faint|p2a: Gengar\n|\n|t:|1784365395\n|switch|p2a: Exeggutor|Exeggutor|100/100\n|switch|p1a: Chansey|Chansey|100/100\n|turn|2\n|\n|t:|1784365403\n|switch|p1a: Starmie|Starmie|100/100\n|move|p2a: Exeggutor|Stun Spore|p1a: Starmie\n|-status|p1a: Starmie|par\n|\n|upkeep\n|turn|3\n|\n|t:|1784365410\n|move|p2a: Exeggutor|Explosion|p1a: Starmie\n|-damage|p1a: Starmie|13/100 par\n|faint|p2a: Exeggutor\n|\n|t:|1784365426\n|switch|p2a: Tauros|Tauros|100/100\n|turn|4\n|\n|t:|1784365435\n|move|p2a: Tauros|Body Slam|p1a: Starmie\n|-damage|p1a: Starmie|0 fnt\n|faint|p1a: Starmie\n|\n|t:|1784365436\n|switch|p1a: Chansey|Chansey|100/100\n|turn|5\n|\n|t:|1784365448\n|move|p2a: Tauros|Body Slam|p1a: Chansey\n|-crit|p1a: Chansey\n|-damage|p1a: Chansey|19/100\n|move|p1a: Chansey|Thunder Wave|p2a: Tauros\n|-status|p2a: Tauros|par\n|\n|upkeep\n|turn|6\n|\n|t:|1784365455\n|move|p1a: Chansey|Soft-Boiled|p1a: Chansey\n|-heal|p1a: Chansey|69/100\n|move|p2a: Tauros|Hyper Beam|p1a: Chansey\n|-damage|p1a: Chansey|1/100\n|-mustrecharge|p2a: Tauros\n|\n|upkeep\n|turn|7\n|\n|t:|1784365462\n|move|p1a: Chansey|Soft-Boiled|p1a: Chansey\n|-heal|p1a: Chansey|51/100\n|cant|p2a: Tauros|recharge\n|\n|upkeep\n|turn|8\n|\n|t:|1784365468\n|switch|p2a: Chansey|Chansey|100/100\n|move|p1a: Chansey|Soft-Boiled|p1a: Chansey\n|-heal|p1a: Chansey|100/100\n|\n|upkeep\n|turn|9\n|\n|t:|1784365475\n|move|p2a: Chansey|Sing|p1a: Chansey|[miss]\n|-miss|p2a: Chansey\n|move|p1a: Chansey|Thunder Wave|p2a: Chansey\n|-status|p2a: Chansey|par\n|\n|upkeep\n|turn|10\n|\n|t:|1784365480\n|move|p1a: Chansey|Ice Beam|p2a: Chansey\n|-damage|p2a: Chansey|89/100 par\n|move|p2a: Chansey|Sing|p1a: Chansey\n|-status|p1a: Chansey|slp|[from] move: Sing\n|\n|upkeep\n|turn|11\n|\n|t:|1784365486\n|switch|p2a: Rhydon|Rhydon|100/100\n|cant|p1a: Chansey|slp\n|\n|upkeep\n|turn|12\n|\n|t:|1784365493\n|switch|p1a: Tauros|Tauros|100/100\n|move|p2a: Rhydon|Substitute|p2a: Rhydon\n|-start|p2a: Rhydon|Substitute\n|-damage|p2a: Rhydon|76/100\n|\n|upkeep\n|turn|13\n|\n|t:|1784365499\n|move|p1a: Tauros|Earthquake|p2a: Rhydon|[miss]\n|-miss|p1a: Tauros\n|-hint|In Gen 1, moves with 100% accuracy can still miss 1/256 of the time.\n|move|p2a: Rhydon|Earthquake|p1a: Tauros\n|-crit|p1a: Tauros\n|-damage|p1a: Tauros|22/100\n|\n|upkeep\n|turn|14\n|c|☆wooooo rby|sry\n|-message|RoboKyII forfeited.\n|\n|win|wooooo rby\n","uploadtime":1784365506,"views":"143","formatid":"gen1ou","rating":null,"private":0,"password":null}