{"id":"smogtours-gen1ou-821547","format":"[Gen 1] OU","players":["nicole7735","Prinz"],"log":"|inactive|Battle timer is ON: inactive players will automatically lose when time's up.\n|t:|1740307102\n|gametype|singles\n|player|p1|nicole7735|lady-gen4|\n|player|p2|Prinz|baker|\n|teamsize|p1|6\n|teamsize|p2|6\n|gen|1\n|tier|[Gen 1] OU\n|rule|Desync Clause Mod: Desyncs changed to move failure.\n|rule|Sleep Clause Mod: Limit one foe put to sleep\n|rule|Freeze Clause Mod: Limit one foe frozen\n|rule|Species Clause: Limit one of each Pokémon\n|rule|OHKO Clause: OHKO moves are banned\n|rule|Evasion Moves Clause: Evasion moves are banned\n|rule|Endless Battle Clause: Forcing endless battles is banned\n|rule|HP Percentage Mod: HP is shown in percentages\n|\n|t:|1740307102\n|start\n|switch|p1a: Jynx|Jynx|100/100\n|switch|p2a: Starmie|Starmie|100/100\n|turn|1\n|rated|Smogon Premier League\n|c|☆nicole7735|hf\n|c|☆Prinz|u2\n|\n|t:|1740307118\n|move|p2a: Starmie|Thunder Wave|p1a: Jynx\n|-status|p1a: Jynx|par\n|move|p1a: Jynx|Lovely Kiss|p2a: Starmie\n|-status|p2a: Starmie|slp|[from] move: Lovely Kiss\n|\n|upkeep\n|turn|2\n|\n|t:|1740307126\n|switch|p2a: Chansey|Chansey|100/100\n|switch|p1a: Tauros|Tauros|100/100\n|\n|upkeep\n|turn|3\n|\n|t:|1740307150\n|switch|p1a: Chansey|Chansey|100/100\n|move|p2a: Chansey|Ice Beam|p1a: Chansey\n|-damage|p1a: Chansey|90/100\n|\n|upkeep\n|turn|4\n|\n|t:|1740307163\n|switch|p1a: Jynx|Jynx|100/100 par\n|move|p2a: Chansey|Thunder Wave|p1a: Jynx\n|-fail|p1a: Jynx|par\n|\n|upkeep\n|turn|5\n|\n|t:|1740307169\n|move|p2a: Chansey|Thunderbolt|p1a: Jynx\n|-crit|p1a: Jynx\n|-damage|p1a: Jynx|58/100 par\n|move|p1a: Jynx|Blizzard|p2a: Chansey\n|-damage|p2a: Chansey|83/100\n|\n|upkeep\n|turn|6\n|\n|t:|1740307176\n|move|p2a: Chansey|Thunderbolt|p1a: Jynx\n|-damage|p1a: Jynx|36/100 par\n|move|p1a: Jynx|Rest|p1a: Jynx\n|-status|p1a: Jynx|slp|[from] move: Rest\n|-heal|p1a: Jynx|100/100 slp|[silent]\n|\n|upkeep\n|turn|7\n|\n|t:|1740307181\n|move|p2a: Chansey|Thunderbolt|p1a: Jynx\n|-damage|p1a: Jynx|77/100 slp\n|cant|p1a: Jynx|slp\n|\n|upkeep\n|turn|8\n|\n|t:|1740307183\n|move|p2a: Chansey|Thunderbolt|p1a: Jynx\n|-damage|p1a: Jynx|52/100 slp\n|-curestatus|p1a: Jynx|slp|[msg]\n|\n|upkeep\n|turn|9\n|\n|t:|1740307185\n|switch|p1a: Chansey|Chansey|90/100\n|move|p2a: Chansey|Thunderbolt|p1a: Chansey\n|-damage|p1a: Chansey|78/100\n|-status|p1a: Chansey|par\n|\n|upkeep\n|turn|10\n|\n|t:|1740307195\n|switch|p2a: Starmie|Starmie|100/100 slp\n|move|p1a: Chansey|Thunder Wave|p2a: Starmie\n|-fail|p2a: Starmie\n|\n|upkeep\n|turn|11\n|\n|t:|1740307200\n|switch|p2a: Snorlax|Snorlax|100/100\n|cant|p1a: Chansey|par\n|\n|upkeep\n|turn|12\n|\n|t:|1740307208\n|switch|p1a: Cloyster|Cloyster|100/100\n|move|p2a: Snorlax|Earthquake|p1a: Cloyster\n|-damage|p1a: Cloyster|81/100\n|\n|upkeep\n|turn|13\n|\n|t:|1740307213\n|switch|p2a: Cloyster|Cloyster|100/100\n|move|p1a: Cloyster|Blizzard|p2a: Cloyster\n|-resisted|p2a: Cloyster\n|-damage|p2a: Cloyster|89/100\n|\n|upkeep\n|turn|14\n|\n|t:|1740307236\n|move|p1a: Cloyster|Clamp|p2a: Cloyster\n|-resisted|p2a: Cloyster\n|-damage|p2a: Cloyster|81/100\n|cant|p2a: Cloyster|partiallytrapped\n|\n|upkeep\n|turn|15\n|\n|t:|1740307244\n|switch|p2a: Chansey|Chansey|83/100\n|move|p1a: Cloyster|Clamp|p2a: Chansey|[miss]\n|-miss|p1a: Cloyster\n|\n|upkeep\n|turn|16\n|\n|t:|1740307260\n|switch|p1a: Chansey|Chansey|78/100 par\n|switch|p2a: Snorlax|Snorlax|100/100\n|\n|upkeep\n|turn|17\n|\n|t:|1740307275\n|switch|p1a: Cloyster|Cloyster|81/100\n|move|p2a: Snorlax|Body Slam|p1a: Cloyster\n|-damage|p1a: Cloyster|57/100\n|-status|p1a: Cloyster|par\n|\n|upkeep\n|turn|18\n|\n|t:|1740307284\n|move|p2a: Snorlax|Body Slam|p1a: Cloyster\n|-damage|p1a: Cloyster|33/100 par\n|move|p1a: Cloyster|Rest|p1a: Cloyster\n|-status|p1a: Cloyster|slp|[from] move: Rest\n|-heal|p1a: Cloyster|100/100 slp|[silent]\n|\n|upkeep\n|turn|19\n|\n|t:|1740307288\n|move|p2a: Snorlax|Body Slam|p1a: Cloyster\n|-crit|p1a: Cloyster\n|-damage|p1a: Cloyster|54/100 slp\n|cant|p1a: Cloyster|slp\n|\n|upkeep\n|turn|20\n|\n|t:|1740307290\n|move|p2a: Snorlax|Body Slam|p1a: Cloyster\n|-damage|p1a: Cloyster|32/100 slp\n|-curestatus|p1a: Cloyster|slp|[msg]\n|\n|upkeep\n|turn|21\n|\n|t:|1740307307\n|switch|p1a: Snorlax|Snorlax|100/100\n|move|p2a: Snorlax|Hyper Beam|p1a: Snorlax\n|-damage|p1a: Snorlax|55/100\n|-mustrecharge|p2a: Snorlax\n|\n|upkeep\n|turn|22\n|inactive|nicole7735 has 270 seconds left.\n|\n|t:|1740307356\n|move|p1a: Snorlax|Body Slam|p2a: Snorlax\n|-damage|p2a: Snorlax|72/100\n|cant|p2a: Snorlax|recharge\n|\n|upkeep\n|turn|23\n|\n|t:|1740307380\n|move|p2a: Snorlax|Body Slam|p1a: Snorlax\n|-damage|p1a: Snorlax|28/100\n|move|p1a: Snorlax|Self-Destruct|p2a: Snorlax\n|-damage|p2a: Snorlax|0 fnt\n|faint|p2a: Snorlax\n|faint|p1a: Snorlax\n|inactive|nicole7735 has 240 seconds left.\n|inactive|Prinz has 270 seconds left.\n|\n|t:|1740307409\n|switch|p1a: Chansey|Chansey|78/100 par\n|switch|p2a: Tauros|Tauros|100/100\n|turn|24\n|inactive|nicole7735 has 240 seconds left.\n|inactive|Prinz has 270 seconds left.\n|\n|t:|1740307422\n|move|p2a: Tauros|Body Slam|p1a: Chansey\n|-damage|p1a: Chansey|42/100 par\n|move|p1a: Chansey|Thunder Wave|p2a: Tauros\n|-status|p2a: Tauros|par\n|\n|upkeep\n|turn|25\n|inactive|Prinz has 270 seconds left.\n|inactive|nicole7735 has 240 seconds left.\n|\n|t:|1740307435\n|switch|p1a: Starmie|Starmie|100/100\n|cant|p2a: Tauros|par\n|\n|upkeep\n|turn|26\n|inactive|nicole7735 has 240 seconds left.\n|inactive|Prinz has 270 seconds left.\n|\n|t:|1740307450\n|move|p1a: Starmie|Psychic|p2a: Tauros\n|-crit|p2a: Tauros\n|-damage|p2a: Tauros|26/100 par\n|cant|p2a: Tauros|par\n|\n|upkeep\n|turn|27\n|\n|t:|1740307454\n|switch|p2a: Chansey|Chansey|83/100\n|move|p1a: Starmie|Thunder Wave|p2a: Chansey\n|-status|p2a: Chansey|par\n|\n|upkeep\n|turn|28\n|\n|t:|1740307470\n|switch|p1a: Jynx|Jynx|52/100\n|move|p2a: Chansey|Thunderbolt|p1a: Jynx\n|-damage|p1a: Jynx|27/100\n|\n|upkeep\n|turn|29\n|\n|t:|1740307479\n|switch|p1a: Chansey|Chansey|42/100 par\n|move|p2a: Chansey|Thunderbolt|p1a: Chansey\n|-damage|p1a: Chansey|33/100 par\n|\n|upkeep\n|turn|30\n|\n|t:|1740307498\n|switch|p2a: Tauros|Tauros|26/100 par\n|cant|p1a: Chansey|par\n|\n|upkeep\n|turn|31\n|inactive|nicole7735 has 240 seconds left.\n|\n|t:|1740307537\n|switch|p1a: Starmie|Starmie|100/100\n|cant|p2a: Tauros|par\n|\n|upkeep\n|turn|32\n|\n|t:|1740307547\n|switch|p1a: Chansey|Chansey|33/100 par\n|switch|p2a: Chansey|Chansey|83/100 par\n|\n|upkeep\n|turn|33\n|\n|t:|1740307552\n|switch|p2a: Tauros|Tauros|26/100 par\n|move|p1a: Chansey|Soft-Boiled|p1a: Chansey\n|-heal|p1a: Chansey|82/100 par\n|\n|upkeep\n|turn|34\n|inactive|nicole7735 has 210 seconds left.\n|\n|t:|1740307588\n|switch|p1a: Starmie|Starmie|100/100\n|move|p2a: Tauros|Body Slam|p1a: Starmie\n|-damage|p1a: Starmie|69/100\n|-status|p1a: Starmie|par\n|\n|upkeep\n|turn|35\n|\n|t:|1740307599\n|switch|p2a: Chansey|Chansey|83/100 par\n|move|p1a: Starmie|Recover|p1a: Starmie\n|-heal|p1a: Starmie|100/100 par\n|\n|upkeep\n|turn|36\n|\n|t:|1740307607\n|switch|p1a: Chansey|Chansey|82/100 par\n|move|p2a: Chansey|Thunderbolt|p1a: Chansey\n|-damage|p1a: Chansey|72/100 par\n|\n|upkeep\n|turn|37\n|\n|t:|1740307610\n|move|p1a: Chansey|Thunderbolt|p2a: Chansey\n|-damage|p2a: Chansey|72/100 par\n|move|p2a: Chansey|Soft-Boiled|p2a: Chansey\n|-heal|p2a: Chansey|100/100 par\n|\n|upkeep\n|turn|38\n|\n|t:|1740307617\n|move|p2a: Chansey|Thunder Wave|p1a: Chansey\n|-fail|p1a: Chansey|par\n|move|p1a: Chansey|Ice Beam|p2a: Chansey\n|-damage|p2a: Chansey|90/100 par\n|\n|upkeep\n|turn|39\n|\n|t:|1740307621\n|move|p2a: Chansey|Ice Beam|p1a: Chansey\n|-crit|p1a: Chansey\n|-damage|p1a: Chansey|51/100 par\n|move|p1a: Chansey|Thunder Wave|p2a: Chansey\n|-fail|p2a: Chansey|par\n|\n|upkeep\n|turn|40\n|\n|t:|1740307632\n|move|p2a: Chansey|Ice Beam|p1a: Chansey\n|-damage|p1a: Chansey|41/100 par\n|cant|p1a: Chansey|par\n|\n|upkeep\n|turn|41\n|\n|t:|1740307637\n|switch|p2a: Tauros|Tauros|26/100 par\n|move|p1a: Chansey|Thunderbolt|p2a: Tauros\n|-damage|p2a: Tauros|0 fnt\n|faint|p2a: Tauros\n|\n|t:|1740307641\n|switch|p2a: Cloyster|Cloyster|81/100\n|turn|42\n|inactive|nicole7735 has 270 seconds left.\n|\n|t:|1740307656\n|move|p2a: Cloyster|Clamp|p1a: Chansey\n|-crit|p1a: Chansey\n|-damage|p1a: Chansey|30/100 par\n|cant|p1a: Chansey|partiallytrapped\n|\n|upkeep\n|turn|43\n|inactive|nicole7735 has 270 seconds left.\n|\n|t:|1740307664\n|switch|p1a: Starmie|Starmie|100/100 par\n|move|p2a: Cloyster|Clamp|p1a: Starmie\n|-resisted|p1a: Starmie\n|-damage|p1a: Starmie|95/100 par\n|\n|upkeep\n|turn|44\n|inactive|nicole7735 has 270 seconds left.\n|\n|t:|1740307675\n|move|p2a: Cloyster|Clamp|p1a: Starmie|[from]Clamp\n|-damage|p1a: Starmie|89/100 par\n|cant|p1a: Starmie|partiallytrapped\n|\n|upkeep\n|turn|45\n|\n|t:|1740307685\n|switch|p2a: Chansey|Chansey|90/100 par\n|cant|p1a: Starmie|par\n|\n|upkeep\n|turn|46\n|inactive|nicole7735 has 270 seconds left.\n|inactive|Prinz has 270 seconds left.\n|\n|t:|1740307735\n|switch|p1a: Jynx|Jynx|27/100\n|switch|p2a: Cloyster|Cloyster|81/100\n|\n|upkeep\n|turn|47\n|\n|t:|1740307744\n|move|p1a: Jynx|Rest|p1a: Jynx\n|-status|p1a: Jynx|slp|[from] move: Rest\n|-heal|p1a: Jynx|100/100 slp|[silent]\n|move|p2a: Cloyster|Clamp|p1a: Jynx|[miss]\n|-miss|p2a: Cloyster\n|\n|upkeep\n|turn|48\n|inactive|Prinz has 270 seconds left.\n|\n|t:|1740307759\n|cant|p1a: Jynx|slp\n|move|p2a: Cloyster|Clamp|p1a: Jynx|[miss]\n|-miss|p2a: Cloyster\n|\n|upkeep\n|turn|49\n|\n|t:|1740307763\n|switch|p2a: Chansey|Chansey|90/100 par\n|-curestatus|p1a: Jynx|slp|[msg]\n|\n|upkeep\n|turn|50\n|\n|t:|1740307770\n|switch|p1a: Chansey|Chansey|30/100 par\n|move|p2a: Chansey|Thunderbolt|p1a: Chansey\n|-damage|p1a: Chansey|20/100 par\n|\n|upkeep\n|turn|51\n|\n|t:|1740307775\n|switch|p2a: Cloyster|Cloyster|81/100\n|move|p1a: Chansey|Soft-Boiled|p1a: Chansey\n|-heal|p1a: Chansey|70/100 par\n|\n|upkeep\n|turn|52\n|\n|t:|1740307791\n|switch|p1a: Jynx|Jynx|100/100\n|move|p2a: Cloyster|Clamp|p1a: Jynx|[miss]\n|-miss|p2a: Cloyster\n|\n|upkeep\n|turn|53\n|\n|t:|1740307800\n|move|p1a: Jynx|Psychic|p2a: Cloyster\n|-damage|p2a: Cloyster|46/100\n|-unboost|p2a: Cloyster|spa|1\n|-unboost|p2a: Cloyster|spd|1\n|move|p2a: Cloyster|Explosion|p1a: Jynx\n|-damage|p1a: Jynx|0 fnt\n|faint|p1a: Jynx\n|faint|p2a: Cloyster\n|\n|t:|1740307823\n|switch|p1a: Chansey|Chansey|70/100 par\n|switch|p2a: Exeggutor|Exeggutor|100/100\n|turn|54\n|\n|t:|1740307840\n|switch|p2a: Chansey|Chansey|90/100 par\n|move|p1a: Chansey|Soft-Boiled|p1a: Chansey\n|-heal|p1a: Chansey|100/100 par\n|\n|upkeep\n|turn|55\n|\n|t:|1740307847\n|cant|p2a: Chansey|par\n|move|p1a: Chansey|Thunder Wave|p2a: Chansey\n|-fail|p2a: Chansey|par\n|\n|upkeep\n|turn|56\n|\n|t:|1740307850\n|move|p1a: Chansey|Thunder Wave|p2a: Chansey\n|-fail|p2a: Chansey|par\n|move|p2a: Chansey|Ice Beam|p1a: Chansey\n|-damage|p1a: Chansey|89/100 par\n|\n|upkeep\n|turn|57\n|\n|t:|1740307854\n|move|p1a: Chansey|Thunderbolt|p2a: Chansey\n|-crit|p2a: Chansey\n|-damage|p2a: Chansey|70/100 par\n|move|p2a: Chansey|Soft-Boiled|p2a: Chansey\n|-heal|p2a: Chansey|100/100 par\n|\n|upkeep\n|turn|58\n|\n|t:|1740307858\n|cant|p1a: Chansey|par\n|cant|p2a: Chansey|par\n|\n|upkeep\n|turn|59\n|\n|t:|1740307860\n|move|p1a: Chansey|Thunder Wave|p2a: Chansey\n|-fail|p2a: Chansey|par\n|move|p2a: Chansey|Thunder Wave|p1a: Chansey\n|-fail|p1a: Chansey|par\n|\n|upkeep\n|turn|60\n|\n|t:|1740307863\n|move|p1a: Chansey|Thunder Wave|p2a: Chansey\n|-fail|p2a: Chansey|par\n|cant|p2a: Chansey|par\n|\n|upkeep\n|turn|61\n|\n|t:|1740307865\n|move|p2a: Chansey|Thunder Wave|p1a: Chansey\n|-fail|p1a: Chansey|par\n|move|p1a: Chansey|Thunder Wave|p2a: Chansey\n|-fail|p2a: Chansey|par\n|\n|upkeep\n|turn|62\n|\n|t:|1740307868\n|move|p1a: Chansey|Thunder Wave|p2a: Chansey\n|-fail|p2a: Chansey|par\n|move|p2a: Chansey|Thunder Wave|p1a: Chansey\n|-fail|p1a: Chansey|par\n|\n|upkeep\n|turn|63\n|\n|t:|1740307871\n|move|p2a: Chansey|Thunder Wave|p1a: Chansey\n|-fail|p1a: Chansey|par\n|move|p1a: Chansey|Thunder Wave|p2a: Chansey\n|-fail|p2a: Chansey|par\n|\n|upkeep\n|turn|64\n|\n|t:|1740307874\n|cant|p2a: Chansey|par\n|move|p1a: Chansey|Thunder Wave|p2a: Chansey\n|-fail|p2a: Chansey|par\n|\n|upkeep\n|turn|65\n|\n|t:|1740307877\n|move|p1a: Chansey|Thunder Wave|p2a: Chansey\n|-fail|p2a: Chansey|par\n|cant|p2a: Chansey|par\n|\n|upkeep\n|turn|66\n|\n|t:|1740307879\n|cant|p2a: Chansey|par\n|move|p1a: Chansey|Thunderbolt|p2a: Chansey\n|-damage|p2a: Chansey|90/100 par\n|\n|upkeep\n|turn|67\n|\n|t:|1740307880\n|move|p2a: Chansey|Thunder Wave|p1a: Chansey\n|-fail|p1a: Chansey|par\n|move|p1a: Chansey|Thunder Wave|p2a: Chansey\n|-fail|p2a: Chansey|par\n|\n|upkeep\n|turn|68\n|\n|t:|1740307882\n|move|p1a: Chansey|Thunder Wave|p2a: Chansey\n|-fail|p2a: Chansey|par\n|move|p2a: Chansey|Thunder Wave|p1a: Chansey\n|-fail|p1a: Chansey|par\n|\n|upkeep\n|turn|69\n|\n|t:|1740307886\n|cant|p1a: Chansey|par\n|move|p2a: Chansey|Thunder Wave|p1a: Chansey\n|-fail|p1a: Chansey|par\n|\n|upkeep\n|turn|70\n|\n|t:|1740307889\n|move|p2a: Chansey|Thunderbolt|p1a: Chansey\n|-damage|p1a: Chansey|78/100 par\n|move|p1a: Chansey|Thunder Wave|p2a: Chansey\n|-fail|p2a: Chansey|par\n|\n|upkeep\n|turn|71\n|\n|t:|1740307893\n|move|p2a: Chansey|Thunder Wave|p1a: Chansey\n|-fail|p1a: Chansey|par\n|move|p1a: Chansey|Thunder Wave|p2a: Chansey\n|-fail|p2a: Chansey|par\n|\n|upkeep\n|turn|72\n|\n|t:|1740307895\n|move|p2a: Chansey|Thunder Wave|p1a: Chansey\n|-fail|p1a: Chansey|par\n|cant|p1a: Chansey|par\n|\n|upkeep\n|turn|73\n|\n|t:|1740307897\n|move|p2a: Chansey|Thunder Wave|p1a: Chansey\n|-fail|p1a: Chansey|par\n|move|p1a: Chansey|Thunder Wave|p2a: Chansey\n|-fail|p2a: Chansey|par\n|\n|upkeep\n|turn|74\n|\n|t:|1740307899\n|move|p1a: Chansey|Thunder Wave|p2a: Chansey\n|-fail|p2a: Chansey|par\n|move|p2a: Chansey|Thunder Wave|p1a: Chansey\n|-fail|p1a: Chansey|par\n|\n|upkeep\n|turn|75\n|\n|t:|1740307901\n|move|p2a: Chansey|Thunder Wave|p1a: Chansey\n|-fail|p1a: Chansey|par\n|move|p1a: Chansey|Thunder Wave|p2a: Chansey\n|-fail|p2a: Chansey|par\n|\n|upkeep\n|turn|76\n|\n|t:|1740307903\n|cant|p2a: Chansey|par\n|move|p1a: Chansey|Thunder Wave|p2a: Chansey\n|-fail|p2a: Chansey|par\n|\n|upkeep\n|turn|77\n|\n|t:|1740307906\n|move|p2a: Chansey|Thunder Wave|p1a: Chansey\n|-fail|p1a: Chansey|par\n|move|p1a: Chansey|Thunderbolt|p2a: Chansey\n|-damage|p2a: Chansey|80/100 par\n|\n|upkeep\n|turn|78\n|\n|t:|1740307911\n|move|p1a: Chansey|Thunder Wave|p2a: Chansey\n|-fail|p2a: Chansey|par\n|cant|p2a: Chansey|par\n|\n|upkeep\n|turn|79\n|\n|t:|1740307916\n|cant|p2a: Chansey|par\n|move|p1a: Chansey|Thunderbolt|p2a: Chansey\n|-damage|p2a: Chansey|69/100 par\n|\n|upkeep\n|turn|80\n|\n|t:|1740307919\n|move|p1a: Chansey|Thunder Wave|p2a: Chansey\n|-fail|p2a: Chansey|par\n|move|p2a: Chansey|Soft-Boiled|p2a: Chansey\n|-heal|p2a: Chansey|100/100 par\n|\n|upkeep\n|turn|81\n|\n|t:|1740307926\n|move|p2a: Chansey|Thunder Wave|p1a: Chansey\n|-fail|p1a: Chansey|par\n|move|p1a: Chansey|Thunder Wave|p2a: Chansey\n|-fail|p2a: Chansey|par\n|\n|upkeep\n|turn|82\n|\n|t:|1740307930\n|move|p1a: Chansey|Thunderbolt|p2a: Chansey\n|-damage|p2a: Chansey|90/100 par\n|cant|p2a: Chansey|par\n|\n|upkeep\n|turn|83\n|\n|t:|1740307934\n|move|p1a: Chansey|Thunder Wave|p2a: Chansey\n|-fail|p2a: Chansey|par\n|move|p2a: Chansey|Ice Beam|p1a: Chansey\n|-damage|p1a: Chansey|68/100 par\n|\n|upkeep\n|turn|84\n|\n|t:|1740307936\n|move|p1a: Chansey|Soft-Boiled|p1a: Chansey\n|-heal|p1a: Chansey|100/100 par\n|move|p2a: Chansey|Ice Beam|p1a: Chansey\n|-damage|p1a: Chansey|90/100 par\n|\n|upkeep\n|turn|85\n|\n|t:|1740307941\n|move|p2a: Chansey|Thunder Wave|p1a: Chansey\n|-fail|p1a: Chansey|par\n|move|p1a: Chansey|Ice Beam|p2a: Chansey\n|-damage|p2a: Chansey|80/100 par\n|\n|upkeep\n|turn|86\n|\n|t:|1740307945\n|cant|p2a: Chansey|par\n|move|p1a: Chansey|Thunder Wave|p2a: Chansey\n|-fail|p2a: Chansey|par\n|\n|upkeep\n|turn|87\n|\n|t:|1740307948\n|move|p1a: Chansey|Ice Beam|p2a: Chansey\n|-damage|p2a: Chansey|70/100 par\n|move|p2a: Chansey|Thunder Wave|p1a: Chansey\n|-fail|p1a: Chansey|par\n|\n|upkeep\n|turn|88\n|\n|t:|1740307952\n|move|p2a: Chansey|Thunder Wave|p1a: Chansey\n|-fail|p1a: Chansey|par\n|move|p1a: Chansey|Thunder Wave|p2a: Chansey\n|-fail|p2a: Chansey|par\n|\n|upkeep\n|turn|89\n|\n|t:|1740307955\n|move|p2a: Chansey|Thunderbolt|p1a: Chansey\n|-damage|p1a: Chansey|79/100 par\n|move|p1a: Chansey|Thunder Wave|p2a: Chansey\n|-fail|p2a: Chansey|par\n|\n|upkeep\n|turn|90\n|\n|t:|1740307959\n|move|p2a: Chansey|Soft-Boiled|p2a: Chansey\n|-heal|p2a: Chansey|100/100 par\n|move|p1a: Chansey|Soft-Boiled|p1a: Chansey\n|-heal|p1a: Chansey|100/100 par\n|\n|upkeep\n|turn|91\n|\n|t:|1740307962\n|move|p1a: Chansey|Ice Beam|p2a: Chansey\n|-damage|p2a: Chansey|89/100 par\n|move|p2a: Chansey|Thunder Wave|p1a: Chansey\n|-fail|p1a: Chansey|par\n|\n|upkeep\n|turn|92\n|\n|t:|1740307965\n|cant|p2a: Chansey|par\n|cant|p1a: Chansey|par\n|\n|upkeep\n|turn|93\n|\n|t:|1740307971\n|cant|p2a: Chansey|par\n|move|p1a: Chansey|Thunderbolt|p2a: Chansey\n|-damage|p2a: Chansey|79/100 par\n|\n|upkeep\n|turn|94\n|\n|t:|1740307979\n|move|p2a: Chansey|Thunder Wave|p1a: Chansey\n|-fail|p1a: Chansey|par\n|move|p1a: Chansey|Thunderbolt|p2a: Chansey\n|-damage|p2a: Chansey|69/100 par\n|\n|upkeep\n|turn|95\n|\n|t:|1740307985\n|move|p1a: Chansey|Ice Beam|p2a: Chansey\n|-damage|p2a: Chansey|58/100 par\n|cant|p2a: Chansey|par\n|\n|upkeep\n|turn|96\n|\n|t:|1740307987\n|move|p2a: Chansey|Soft-Boiled|p2a: Chansey\n|-heal|p2a: Chansey|100/100 par\n|move|p1a: Chansey|Thunder Wave|p2a: Chansey\n|-fail|p2a: Chansey|par\n|\n|upkeep\n|turn|97\n|\n|t:|1740308007\n|move|p1a: Chansey|Thunderbolt|p2a: Chansey\n|-damage|p2a: Chansey|90/100 par\n|cant|p2a: Chansey|par\n|\n|upkeep\n|turn|98\n|\n|t:|1740308018\n|move|p1a: Chansey|Thunder Wave|p2a: Chansey\n|-fail|p2a: Chansey|par\n|cant|p2a: Chansey|par\n|\n|upkeep\n|turn|99\n|\n|t:|1740308022\n|move|p1a: Chansey|Ice Beam|p2a: Chansey\n|-damage|p2a: Chansey|78/100 par\n|move|p2a: Chansey|Ice Beam|p1a: Chansey\n|-damage|p1a: Chansey|91/100 par\n|\n|upkeep\n|turn|100\n|\n|t:|1740308028\n|move|p2a: Chansey|Ice Beam|p1a: Chansey\n|-damage|p1a: Chansey|80/100 par\n|move|p1a: Chansey|Thunder Wave|p2a: Chansey\n|-fail|p2a: Chansey|par\n|\n|upkeep\n|turn|101\n|\n|t:|1740308043\n|move|p1a: Chansey|Soft-Boiled|p1a: Chansey\n|-heal|p1a: Chansey|100/100 par\n|move|p2a: Chansey|Soft-Boiled|p2a: Chansey\n|-heal|p2a: Chansey|100/100 par\n|\n|upkeep\n|turn|102\n|\n|t:|1740308059\n|move|p1a: Chansey|Thunderbolt|p2a: Chansey\n|-damage|p2a: Chansey|91/100 par\n|cant|p2a: Chansey|par\n|\n|upkeep\n|turn|103\n|\n|t:|1740308063\n|cant|p1a: Chansey|par\n|move|p2a: Chansey|Thunder Wave|p1a: Chansey\n|-fail|p1a: Chansey|par\n|\n|upkeep\n|turn|104\n|\n|t:|1740308069\n|move|p2a: Chansey|Thunder Wave|p1a: Chansey\n|-fail|p1a: Chansey|par\n|move|p1a: Chansey|Ice Beam|p2a: Chansey\n|-damage|p2a: Chansey|80/100 par\n|\n|upkeep\n|turn|105\n|\n|t:|1740308074\n|move|p2a: Chansey|Soft-Boiled|p2a: Chansey\n|-heal|p2a: Chansey|100/100 par\n|move|p1a: Chansey|Thunderbolt|p2a: Chansey\n|-damage|p2a: Chansey|89/100 par\n|\n|upkeep\n|turn|106\n|\n|t:|1740308085\n|move|p1a: Chansey|Thunderbolt|p2a: Chansey\n|-damage|p2a: Chansey|78/100 par\n|move|p2a: Chansey|Thunder Wave|p1a: Chansey\n|-fail|p1a: Chansey|par\n|\n|upkeep\n|turn|107\n|\n|t:|1740308088\n|move|p1a: Chansey|Thunderbolt|p2a: Chansey\n|-damage|p2a: Chansey|67/100 par\n|cant|p2a: Chansey|par\n|\n|upkeep\n|turn|108\n|\n|t:|1740308096\n|cant|p1a: Chansey|par\n|move|p2a: Chansey|Soft-Boiled|p2a: Chansey\n|-heal|p2a: Chansey|100/100 par\n|\n|upkeep\n|turn|109\n|\n|t:|1740308100\n|move|p2a: Chansey|Ice Beam|p1a: Chansey\n|-damage|p1a: Chansey|90/100 par\n|cant|p1a: Chansey|par\n|\n|upkeep\n|turn|110\n|\n|t:|1740308105\n|cant|p2a: Chansey|par\n|move|p1a: Chansey|Thunderbolt|p2a: Chansey\n|-damage|p2a: Chansey|89/100 par\n|\n|upkeep\n|turn|111\n|\n|t:|1740308110\n|move|p2a: Chansey|Thunder Wave|p1a: Chansey\n|-fail|p1a: Chansey|par\n|move|p1a: Chansey|Thunderbolt|p2a: Chansey\n|-damage|p2a: Chansey|78/100 par\n|\n|upkeep\n|turn|112\n|\n|t:|1740308126\n|move|p1a: Chansey|Ice Beam|p2a: Chansey\n|-crit|p2a: Chansey\n|-damage|p2a: Chansey|59/100 par\n|move|p2a: Chansey|Thunderbolt|p1a: Chansey\n|-damage|p1a: Chansey|80/100 par\n|\n|upkeep\n|turn|113\n|\n|t:|1740308131\n|move|p2a: Chansey|Soft-Boiled|p2a: Chansey\n|-heal|p2a: Chansey|100/100 par\n|move|p1a: Chansey|Soft-Boiled|p1a: Chansey\n|-heal|p1a: Chansey|100/100 par\n|\n|upkeep\n|turn|114\n|\n|t:|1740308137\n|cant|p1a: Chansey|par\n|move|p2a: Chansey|Ice Beam|p1a: Chansey\n|-damage|p1a: Chansey|91/100 par\n|\n|upkeep\n|turn|115\n|\n|t:|1740308141\n|move|p2a: Chansey|Thunder Wave|p1a: Chansey\n|-fail|p1a: Chansey|par\n|move|p1a: Chansey|Ice Beam|p2a: Chansey\n|-crit|p2a: Chansey\n|-damage|p2a: Chansey|80/100 par\n|\n|upkeep\n|turn|116\n|\n|t:|1740308144\n|move|p2a: Chansey|Thunderbolt|p1a: Chansey\n|-damage|p1a: Chansey|80/100 par\n|move|p1a: Chansey|Thunderbolt|p2a: Chansey\n|-damage|p2a: Chansey|69/100 par\n|\n|upkeep\n|turn|117\n|\n|t:|1740308149\n|cant|p1a: Chansey|par\n|cant|p2a: Chansey|par\n|\n|upkeep\n|turn|118\n|\n|t:|1740308151\n|move|p1a: Chansey|Soft-Boiled|p1a: Chansey\n|-heal|p1a: Chansey|100/100 par\n|move|p2a: Chansey|Soft-Boiled|p2a: Chansey\n|-heal|p2a: Chansey|100/100 par\n|\n|upkeep\n|turn|119\n|\n|t:|1740308165\n|move|p2a: Chansey|Ice Beam|p1a: Chansey\n|-damage|p1a: Chansey|90/100 par\n|cant|p1a: Chansey|par\n|\n|upkeep\n|turn|120\n|inactive|nicole7735 has 270 seconds left.\n|\n|t:|1740308196\n|move|p1a: Chansey|Thunderbolt|p2a: Chansey\n|-crit|p2a: Chansey\n|-damage|p2a: Chansey|79/100 par\n|move|p2a: Chansey|Thunderbolt|p1a: Chansey\n|-damage|p1a: Chansey|79/100 par\n|\n|upkeep\n|turn|121\n|\n|t:|1740308202\n|move|p1a: Chansey|Soft-Boiled|p1a: Chansey\n|-heal|p1a: Chansey|100/100 par\n|move|p2a: Chansey|Ice Beam|p1a: Chansey\n|-damage|p1a: Chansey|90/100 par\n|\n|upkeep\n|turn|122\n|\n|t:|1740308205\n|move|p1a: Chansey|Thunderbolt|p2a: Chansey\n|-damage|p2a: Chansey|68/100 par\n|cant|p2a: Chansey|par\n|\n|upkeep\n|turn|123\n|\n|t:|1740308209\n|switch|p1a: Tauros|Tauros|100/100\n|move|p2a: Chansey|Soft-Boiled|p2a: Chansey\n|-heal|p2a: Chansey|100/100 par\n|\n|upkeep\n|turn|124\n|inactive|nicole7735 has 270 seconds left.\n|\n|t:|1740308266\n|switch|p1a: Starmie|Starmie|89/100 par\n|move|p2a: Chansey|Thunder Wave|p1a: Starmie\n|-fail|p1a: Starmie|par\n|\n|upkeep\n|turn|125\n|\n|t:|1740308273\n|switch|p1a: Chansey|Chansey|90/100 par\n|switch|p2a: Starmie|Starmie|100/100 slp\n|\n|upkeep\n|turn|126\n|\n|t:|1740308282\n|switch|p2a: Chansey|Chansey|100/100 par\n|switch|p1a: Tauros|Tauros|100/100\n|\n|upkeep\n|turn|127\n|\n|t:|1740308289\n|switch|p1a: Chansey|Chansey|90/100 par\n|switch|p2a: Starmie|Starmie|100/100 slp\n|\n|upkeep\n|turn|128\n|\n|t:|1740308294\n|switch|p1a: Tauros|Tauros|100/100\n|cant|p2a: Starmie|slp\n|\n|upkeep\n|turn|129\n|\n|t:|1740308298\n|cant|p2a: Starmie|slp\n|move|p1a: Tauros|Body Slam|p2a: Starmie\n|-damage|p2a: Starmie|66/100 slp\n|\n|upkeep\n|turn|130\n|\n|t:|1740308302\n|cant|p2a: Starmie|slp\n|move|p1a: Tauros|Body Slam|p2a: Starmie\n|-damage|p2a: Starmie|31/100 slp\n|\n|upkeep\n|turn|131\n|\n|t:|1740308309\n|switch|p2a: Exeggutor|Exeggutor|100/100\n|move|p1a: Tauros|Body Slam|p2a: Exeggutor\n|-damage|p2a: Exeggutor|71/100\n|\n|upkeep\n|turn|132\n|\n|t:|1740308329\n|switch|p1a: Chansey|Chansey|90/100 par\n|move|p2a: Exeggutor|Psychic|p1a: Chansey\n|-damage|p1a: Chansey|74/100 par\n|-unboost|p1a: Chansey|spa|1\n|-unboost|p1a: Chansey|spd|1\n|\n|upkeep\n|turn|133\n|\n|t:|1740308336\n|switch|p2a: Chansey|Chansey|100/100 par\n|cant|p1a: Chansey|par\n|\n|upkeep\n|turn|134\n|\n|t:|1740308340\n|move|p2a: Chansey|Thunderbolt|p1a: Chansey\n|-damage|p1a: Chansey|59/100 par\n|move|p1a: Chansey|Soft-Boiled|p1a: Chansey\n|-heal|p1a: Chansey|100/100 par\n|\n|upkeep\n|turn|135\n|\n|t:|1740308345\n|move|p2a: Chansey|Thunder Wave|p1a: Chansey\n|-fail|p1a: Chansey|par\n|cant|p1a: Chansey|par\n|\n|upkeep\n|turn|136\n|\n|t:|1740308348\n|move|p2a: Chansey|Thunder Wave|p1a: Chansey\n|-fail|p1a: Chansey|par\n|move|p1a: Chansey|Thunderbolt|p2a: Chansey\n|-damage|p2a: Chansey|94/100 par\n|\n|upkeep\n|turn|137\n|\n|t:|1740308352\n|move|p2a: Chansey|Ice Beam|p1a: Chansey\n|-damage|p1a: Chansey|84/100 par\n|cant|p1a: Chansey|par\n|\n|upkeep\n|turn|138\n|\n|t:|1740308354\n|cant|p2a: Chansey|par\n|move|p1a: Chansey|Thunder Wave|p2a: Chansey\n|-fail|p2a: Chansey|par\n|\n|upkeep\n|turn|139\n|\n|t:|1740308360\n|move|p2a: Chansey|Thunderbolt|p1a: Chansey\n|-crit|p1a: Chansey\n|-damage|p1a: Chansey|63/100 par\n|move|p1a: Chansey|Ice Beam|p2a: Chansey\n|-damage|p2a: Chansey|86/100 par\n|\n|upkeep\n|turn|140\n|\n|t:|1740308366\n|move|p2a: Chansey|Ice Beam|p1a: Chansey\n|-damage|p1a: Chansey|48/100 par\n|move|p1a: Chansey|Soft-Boiled|p1a: Chansey\n|-heal|p1a: Chansey|98/100 par\n|\n|upkeep\n|turn|141\n|\n|t:|1740308378\n|move|p2a: Chansey|Thunder Wave|p1a: Chansey\n|-fail|p1a: Chansey|par\n|move|p1a: Chansey|Ice Beam|p2a: Chansey\n|-damage|p2a: Chansey|79/100 par\n|\n|upkeep\n|turn|142\n|\n|t:|1740308384\n|move|p2a: Chansey|Thunderbolt|p1a: Chansey\n|-damage|p1a: Chansey|81/100 par\n|move|p1a: Chansey|Ice Beam|p2a: Chansey\n|-damage|p2a: Chansey|72/100 par\n|\n|upkeep\n|turn|143\n|\n|t:|1740308392\n|move|p2a: Chansey|Soft-Boiled|p2a: Chansey\n|-heal|p2a: Chansey|100/100 par\n|cant|p1a: Chansey|par\n|\n|upkeep\n|turn|144\n|\n|t:|1740308395\n|cant|p2a: Chansey|par\n|move|p1a: Chansey|Soft-Boiled|p1a: Chansey\n|-heal|p1a: Chansey|100/100 par\n|\n|upkeep\n|turn|145\n|\n|t:|1740308399\n|move|p2a: Chansey|Ice Beam|p1a: Chansey\n|-damage|p1a: Chansey|83/100 par\n|move|p1a: Chansey|Ice Beam|p2a: Chansey\n|-damage|p2a: Chansey|94/100 par\n|\n|upkeep\n|turn|146\n|\n|t:|1740308404\n|move|p2a: Chansey|Thunderbolt|p1a: Chansey\n|-damage|p1a: Chansey|68/100 par\n|cant|p1a: Chansey|par\n|\n|upkeep\n|turn|147\n|\n|t:|1740308407\n|move|p2a: Chansey|Thunderbolt|p1a: Chansey\n|-damage|p1a: Chansey|52/100 par\n|cant|p1a: Chansey|par\n|\n|upkeep\n|turn|148\n|\n|t:|1740308413\n|move|p2a: Chansey|Soft-Boiled|p2a: Chansey\n|-heal|p2a: Chansey|100/100 par\n|cant|p1a: Chansey|par\n|\n|upkeep\n|turn|149\n|\n|t:|1740308417\n|move|p2a: Chansey|Ice Beam|p1a: Chansey\n|-damage|p1a: Chansey|37/100 par\n|move|p1a: Chansey|Soft-Boiled|p1a: Chansey\n|-heal|p1a: Chansey|87/100 par\n|\n|upkeep\n|turn|150\n|\n|t:|1740308426\n|move|p2a: Chansey|Soft-Boiled|p2a: Chansey\n|-fail|p2a: Chansey\n|move|p1a: Chansey|Thunder Wave|p2a: Chansey\n|-fail|p2a: Chansey|par\n|\n|upkeep\n|turn|151\n|\n|t:|1740308432\n|move|p2a: Chansey|Thunderbolt|p1a: Chansey\n|-damage|p1a: Chansey|69/100 par\n|move|p1a: Chansey|Thunderbolt|p2a: Chansey\n|-crit|p2a: Chansey\n|-damage|p2a: Chansey|81/100 par\n|\n|upkeep\n|turn|152\n|\n|t:|1740308436\n|move|p2a: Chansey|Soft-Boiled|p2a: Chansey\n|-heal|p2a: Chansey|100/100 par\n|cant|p1a: Chansey|par\n|\n|upkeep\n|turn|153\n|\n|t:|1740308440\n|move|p2a: Chansey|Thunder Wave|p1a: Chansey\n|-fail|p1a: Chansey|par\n|move|p1a: Chansey|Soft-Boiled|p1a: Chansey\n|-heal|p1a: Chansey|100/100 par\n|\n|upkeep\n|turn|154\n|\n|t:|1740308450\n|move|p2a: Chansey|Thunderbolt|p1a: Chansey\n|-damage|p1a: Chansey|84/100 par\n|move|p1a: Chansey|Thunderbolt|p2a: Chansey\n|-damage|p2a: Chansey|94/100 par\n|\n|upkeep\n|turn|155\n|\n|t:|1740308458\n|move|p2a: Chansey|Soft-Boiled|p2a: Chansey\n|-heal|p2a: Chansey|100/100 par\n|cant|p1a: Chansey|par\n|\n|upkeep\n|turn|156\n|\n|t:|1740308466\n|move|p2a: Chansey|Thunder Wave|p1a: Chansey\n|-fail|p1a: Chansey|par\n|cant|p1a: Chansey|par\n|\n|upkeep\n|turn|157\n|\n|t:|1740308482\n|move|p2a: Chansey|Thunderbolt|p1a: Chansey\n|-damage|p1a: Chansey|67/100 par\n|move|p1a: Chansey|Ice Beam|p2a: Chansey\n|-damage|p2a: Chansey|94/100 par\n|\n|upkeep\n|turn|158\n|\n|t:|1740308496\n|move|p2a: Chansey|Thunderbolt|p1a: Chansey\n|-damage|p1a: Chansey|50/100 par\n|move|p1a: Chansey|Soft-Boiled|p1a: Chansey\n|-heal|p1a: Chansey|99/100 par\n|\n|upkeep\n|turn|159\n|inactive|nicole7735 has 270 seconds left.\n|inactive|nicole7735 has 240 seconds left.\n|\n|t:|1740308556\n|move|p2a: Chansey|Thunderbolt|p1a: Chansey\n|-damage|p1a: Chansey|84/100 par\n|move|p1a: Chansey|Ice Beam|p2a: Chansey\n|-damage|p2a: Chansey|86/100 par\n|\n|upkeep\n|turn|160\n|inactive|nicole7735 has 240 seconds left.\n|\n|t:|1740308585\n|switch|p2a: Exeggutor|Exeggutor|71/100\n|switch|p1a: Tauros|Tauros|100/100\n|\n|upkeep\n|turn|161\n|\n|t:|1740308604\n|switch|p1a: Chansey|Chansey|84/100 par\n|move|p2a: Exeggutor|Sleep Powder|p1a: Chansey\n|-fail|p1a: Chansey\n|\n|upkeep\n|turn|162\n|\n|t:|1740308619\n|switch|p2a: Chansey|Chansey|86/100 par\n|move|p1a: Chansey|Thunderbolt|p2a: Chansey\n|-damage|p2a: Chansey|76/100 par\n|\n|upkeep\n|turn|163\n|\n|t:|1740308624\n|switch|p1a: Starmie|Starmie|89/100 par\n|move|p2a: Chansey|Struggle|p1a: Starmie\n|-damage|p1a: Starmie|81/100 par\n|-damage|p2a: Chansey|75/100 par|[from] Recoil|[of] p1a: Starmie\n|\n|upkeep\n|turn|164\n|\n|t:|1740308628\n|switch|p2a: Starmie|Starmie|31/100 slp\n|cant|p1a: Starmie|par\n|\n|upkeep\n|turn|165\n|\n|t:|1740308632\n|switch|p1a: Tauros|Tauros|100/100\n|cant|p2a: Starmie|slp\n|\n|upkeep\n|turn|166\n|\n|t:|1740308639\n|switch|p2a: Chansey|Chansey|75/100 par\n|move|p1a: Tauros|Body Slam|p2a: Chansey\n|-damage|p2a: Chansey|35/100 par\n|\n|upkeep\n|turn|167\n|\n|t:|1740308642\n|move|p1a: Tauros|Body Slam|p2a: Chansey\n|-damage|p2a: Chansey|0 fnt\n|faint|p2a: Chansey\n|\n|t:|1740308644\n|switch|p2a: Exeggutor|Exeggutor|71/100\n|turn|168\n|inactive|nicole7735 has 270 seconds left.\n|\n|t:|1740308665\n|switch|p1a: Chansey|Chansey|84/100 par\n|move|p2a: Exeggutor|Psychic|p1a: Chansey\n|-damage|p1a: Chansey|68/100 par\n|\n|upkeep\n|turn|169\n|inactive|nicole7735 has 270 seconds left.\n|\n|t:|1740308678\n|move|p2a: Exeggutor|Psychic|p1a: Chansey\n|-damage|p1a: Chansey|52/100 par\n|move|p1a: Chansey|Thunderbolt|p2a: Exeggutor\n|-crit|p2a: Exeggutor\n|-resisted|p2a: Exeggutor\n|-damage|p2a: Exeggutor|54/100\n|\n|upkeep\n|turn|170\n|inactive|nicole7735 has 270 seconds left.\n|\n|t:|1740308686\n|move|p2a: Exeggutor|Psychic|p1a: Chansey\n|-crit|p1a: Chansey\n|-damage|p1a: Chansey|17/100 par\n|-unboost|p1a: Chansey|spa|1\n|-unboost|p1a: Chansey|spd|1\n|move|p1a: Chansey|Ice Beam|p2a: Exeggutor\n|-supereffective|p2a: Exeggutor\n|-damage|p2a: Exeggutor|33/100\n|\n|upkeep\n|turn|171\n|\n|t:|1740308694\n|switch|p2a: Starmie|Starmie|31/100 slp\n|move|p1a: Chansey|Soft-Boiled|p1a: Chansey\n|-heal|p1a: Chansey|67/100 par\n|\n|upkeep\n|turn|172\n|\n|t:|1740308698\n|switch|p1a: Tauros|Tauros|100/100\n|-curestatus|p2a: Starmie|slp|[msg]\n|\n|upkeep\n|turn|173\n|\n|t:|1740308703\n|move|p2a: Starmie|Recover|p2a: Starmie\n|-heal|p2a: Starmie|81/100\n|move|p1a: Tauros|Body Slam|p2a: Starmie\n|-damage|p2a: Starmie|44/100\n|\n|upkeep\n|turn|174\n|\n|t:|1740308709\n|move|p2a: Starmie|Recover|p2a: Starmie\n|-heal|p2a: Starmie|94/100\n|move|p1a: Tauros|Body Slam|p2a: Starmie\n|-damage|p2a: Starmie|60/100\n|\n|upkeep\n|turn|175\n|\n|t:|1740308714\n|move|p2a: Starmie|Thunder Wave|p1a: Tauros\n|-status|p1a: Tauros|par\n|move|p1a: Tauros|Body Slam|p2a: Starmie\n|-damage|p2a: Starmie|28/100\n|\n|upkeep\n|turn|176\n|\n|t:|1740308720\n|move|p2a: Starmie|Recover|p2a: Starmie\n|-heal|p2a: Starmie|78/100\n|move|p1a: Tauros|Body Slam|p2a: Starmie\n|-crit|p2a: Starmie\n|-damage|p2a: Starmie|11/100\n|\n|upkeep\n|turn|177\n|\n|t:|1740308738\n|move|p2a: Starmie|Recover|p2a: Starmie\n|-heal|p2a: Starmie|61/100\n|move|p1a: Tauros|Body Slam|p2a: Starmie\n|-damage|p2a: Starmie|29/100\n|\n|upkeep\n|turn|178\n|\n|t:|1740308744\n|move|p2a: Starmie|Recover|p2a: Starmie\n|-heal|p2a: Starmie|79/100\n|cant|p1a: Tauros|par\n|\n|upkeep\n|turn|179\n|\n|t:|1740308756\n|switch|p1a: Chansey|Chansey|67/100 par\n|move|p2a: Starmie|Psychic|p1a: Chansey\n|-damage|p1a: Chansey|53/100 par\n|\n|upkeep\n|turn|180\n|\n|t:|1740308763\n|move|p2a: Starmie|Psychic|p1a: Chansey\n|-damage|p1a: Chansey|38/100 par\n|-unboost|p1a: Chansey|spa|1\n|-unboost|p1a: Chansey|spd|1\n|move|p1a: Chansey|Struggle|p2a: Starmie\n|-damage|p2a: Starmie|71/100\n|-damage|p1a: Chansey|36/100 par|[from] Recoil|[of] p2a: Starmie\n|\n|upkeep\n|turn|181\n|\n|t:|1740308769\n|move|p2a: Starmie|Recover|p2a: Starmie\n|-heal|p2a: Starmie|100/100\n|move|p1a: Chansey|Struggle|p2a: Starmie\n|-damage|p2a: Starmie|92/100\n|-damage|p1a: Chansey|34/100 par|[from] Recoil|[of] p2a: Starmie\n|\n|upkeep\n|turn|182\n|\n|t:|1740308772\n|move|p2a: Starmie|Psychic|p1a: Chansey\n|-damage|p1a: Chansey|12/100 par\n|move|p1a: Chansey|Struggle|p2a: Starmie\n|-damage|p2a: Starmie|85/100\n|-damage|p1a: Chansey|10/100 par|[from] Recoil|[of] p2a: Starmie\n|\n|upkeep\n|turn|183\n|\n|t:|1740308777\n|move|p2a: Starmie|Recover|p2a: Starmie\n|-heal|p2a: Starmie|100/100\n|move|p1a: Chansey|Struggle|p2a: Starmie\n|-damage|p2a: Starmie|93/100\n|-damage|p1a: Chansey|8/100 par|[from] Recoil|[of] p2a: Starmie\n|\n|upkeep\n|turn|184\n|\n|t:|1740308781\n|move|p2a: Starmie|Recover|p2a: Starmie\n|-heal|p2a: Starmie|100/100\n|move|p1a: Chansey|Struggle|p2a: Starmie\n|-damage|p2a: Starmie|93/100\n|-damage|p1a: Chansey|7/100 par|[from] Recoil|[of] p2a: Starmie\n|\n|upkeep\n|turn|185\n|\n|t:|1740308786\n|move|p2a: Starmie|Recover|p2a: Starmie\n|-heal|p2a: Starmie|100/100\n|move|p1a: Chansey|Struggle|p2a: Starmie\n|-damage|p2a: Starmie|93/100\n|-damage|p1a: Chansey|5/100 par|[from] Recoil|[of] p2a: Starmie\n|\n|upkeep\n|turn|186\n|\n|t:|1740308790\n|move|p2a: Starmie|Recover|p2a: Starmie\n|-heal|p2a: Starmie|100/100\n|move|p1a: Chansey|Struggle|p2a: Starmie\n|-damage|p2a: Starmie|93/100\n|-damage|p1a: Chansey|4/100 par|[from] Recoil|[of] p2a: Starmie\n|\n|upkeep\n|turn|187\n|\n|t:|1740308793\n|move|p2a: Starmie|Recover|p2a: Starmie\n|-heal|p2a: Starmie|100/100\n|move|p1a: Chansey|Struggle|p2a: Starmie\n|-damage|p2a: Starmie|93/100\n|-damage|p1a: Chansey|2/100 par|[from] Recoil|[of] p2a: Starmie\n|\n|upkeep\n|turn|188\n|\n|t:|1740308799\n|move|p2a: Starmie|Recover|p2a: Starmie\n|-heal|p2a: Starmie|100/100\n|cant|p1a: Chansey|par\n|\n|upkeep\n|turn|189\n|\n|t:|1740308803\n|move|p2a: Starmie|Psychic|p1a: Chansey\n|-damage|p1a: Chansey|0 fnt\n|faint|p1a: Chansey\n|\n|t:|1740308805\n|switch|p1a: Starmie|Starmie|81/100 par\n|turn|190\n|\n|t:|1740308812\n|move|p2a: Starmie|Psychic|p1a: Starmie\n|-resisted|p1a: Starmie\n|-damage|p1a: Starmie|66/100 par\n|-unboost|p1a: Starmie|spa|1\n|-unboost|p1a: Starmie|spd|1\n|move|p1a: Starmie|Thunder Wave|p2a: Starmie\n|-status|p2a: Starmie|par\n|\n|upkeep\n|turn|191\n|\n|t:|1740308818\n|cant|p2a: Starmie|par\n|move|p1a: Starmie|Recover|p1a: Starmie\n|-heal|p1a: Starmie|100/100 par\n|\n|upkeep\n|turn|192\n|\n|t:|1740308826\n|cant|p2a: Starmie|par\n|move|p1a: Starmie|Recover|p1a: Starmie\n|-fail|p1a: Starmie\n|\n|upkeep\n|turn|193\n|\n|t:|1740308831\n|move|p2a: Starmie|Psychic|p1a: Starmie\n|-resisted|p1a: Starmie\n|-damage|p1a: Starmie|75/100 par\n|move|p1a: Starmie|Psychic|p2a: Starmie\n|-resisted|p2a: Starmie\n|-damage|p2a: Starmie|89/100 par\n|-unboost|p2a: Starmie|spa|1\n|-unboost|p2a: Starmie|spd|1\n|\n|upkeep\n|turn|194\n|\n|t:|1740308837\n|cant|p2a: Starmie|par\n|cant|p1a: Starmie|par\n|\n|upkeep\n|turn|195\n|\n|t:|1740308840\n|move|p2a: Starmie|Psychic|p1a: Starmie\n|-resisted|p1a: Starmie\n|-damage|p1a: Starmie|57/100 par\n|move|p1a: Starmie|Recover|p1a: Starmie\n|-heal|p1a: Starmie|100/100 par\n|\n|upkeep\n|turn|196\n|\n|t:|1740308844\n|move|p2a: Starmie|Recover|p2a: Starmie\n|-heal|p2a: Starmie|100/100 par\n|move|p1a: Starmie|Psychic|p2a: Starmie\n|-resisted|p2a: Starmie\n|-damage|p2a: Starmie|85/100 par\n|\n|upkeep\n|turn|197\n|\n|t:|1740308848\n|move|p2a: Starmie|Psychic|p1a: Starmie\n|-crit|p1a: Starmie\n|-resisted|p1a: Starmie\n|-damage|p1a: Starmie|66/100 par\n|cant|p1a: Starmie|par\n|\n|upkeep\n|turn|198\n|\n|t:|1740308852\n|move|p2a: Starmie|Psychic|p1a: Starmie\n|-resisted|p1a: Starmie\n|-damage|p1a: Starmie|50/100 par\n|-unboost|p1a: Starmie|spa|1\n|-unboost|p1a: Starmie|spd|1\n|move|p1a: Starmie|Recover|p1a: Starmie\n|-heal|p1a: Starmie|99/100 par\n|\n|upkeep\n|turn|199\n|\n|t:|1740308862\n|move|p2a: Starmie|Psychic|p1a: Starmie\n|-resisted|p1a: Starmie\n|-damage|p1a: Starmie|78/100 par\n|move|p1a: Starmie|Psychic|p2a: Starmie\n|-resisted|p2a: Starmie\n|-damage|p2a: Starmie|73/100 par\n|\n|upkeep\n|turn|200\n|\n|t:|1740308867\n|cant|p2a: Starmie|par\n|cant|p1a: Starmie|par\n|\n|upkeep\n|turn|201\n|\n|t:|1740308869\n|cant|p2a: Starmie|par\n|cant|p1a: Starmie|par\n|\n|upkeep\n|turn|202\n|\n|t:|1740308871\n|move|p2a: Starmie|Recover|p2a: Starmie\n|-heal|p2a: Starmie|100/100 par\n|move|p1a: Starmie|Recover|p1a: Starmie\n|-heal|p1a: Starmie|100/100 par\n|\n|upkeep\n|turn|203\n|\n|t:|1740308875\n|move|p2a: Starmie|Psychic|p1a: Starmie\n|-crit|p1a: Starmie\n|-resisted|p1a: Starmie\n|-damage|p1a: Starmie|71/100 par\n|move|p1a: Starmie|Thunder Wave|p2a: Starmie\n|-fail|p2a: Starmie|par\n|\n|upkeep\n|turn|204\n|\n|t:|1740308881\n|switch|p2a: Exeggutor|Exeggutor|33/100\n|move|p1a: Starmie|Recover|p1a: Starmie\n|-heal|p1a: Starmie|100/100 par\n|\n|upkeep\n|turn|205\n|inactive|nicole7735 has 270 seconds left.\n|\n|t:|1740308920\n|move|p2a: Exeggutor|Psychic|p1a: Starmie\n|-resisted|p1a: Starmie\n|-damage|p1a: Starmie|63/100 par\n|-unboost|p1a: Starmie|spa|1\n|-unboost|p1a: Starmie|spd|1\n|move|p1a: Starmie|Thunder Wave|p2a: Exeggutor\n|-status|p2a: Exeggutor|par\n|\n|upkeep\n|turn|206\n|inactive|nicole7735 has 270 seconds left.\n|\n|t:|1740308933\n|switch|p1a: Tauros|Tauros|100/100 par\n|move|p2a: Exeggutor|Psychic|p1a: Tauros\n|-damage|p1a: Tauros|58/100 par\n|\n|upkeep\n|turn|207\n|inactive|nicole7735 has 270 seconds left.\n|\n|t:|1740308942\n|switch|p1a: Starmie|Starmie|63/100 par\n|switch|p2a: Starmie|Starmie|100/100 par\n|\n|upkeep\n|turn|208\n|\n|t:|1740308945\n|move|p2a: Starmie|Psychic|p1a: Starmie\n|-resisted|p1a: Starmie\n|-damage|p1a: Starmie|46/100 par\n|move|p1a: Starmie|Recover|p1a: Starmie\n|-heal|p1a: Starmie|96/100 par\n|\n|upkeep\n|turn|209\n|\n|t:|1740308951\n|move|p1a: Starmie|Psychic|p2a: Starmie\n|-resisted|p2a: Starmie\n|-damage|p2a: Starmie|84/100 par\n|move|p2a: Starmie|Recover|p2a: Starmie\n|-heal|p2a: Starmie|100/100 par\n|\n|upkeep\n|turn|210\n|\n|t:|1740308954\n|cant|p2a: Starmie|par\n|move|p1a: Starmie|Thunder Wave|p2a: Starmie\n|-fail|p2a: Starmie|par\n|\n|upkeep\n|turn|211\n|\n|t:|1740308956\n|move|p2a: Starmie|Thunder Wave|p1a: Starmie\n|-fail|p1a: Starmie|par\n|move|p1a: Starmie|Thunder Wave|p2a: Starmie\n|-fail|p2a: Starmie|par\n|\n|upkeep\n|turn|212\n|\n|t:|1740308958\n|move|p2a: Starmie|Thunder Wave|p1a: Starmie\n|-fail|p1a: Starmie|par\n|move|p1a: Starmie|Thunder Wave|p2a: Starmie\n|-fail|p2a: Starmie|par\n|\n|upkeep\n|turn|213\n|\n|t:|1740308960\n|move|p2a: Starmie|Thunder Wave|p1a: Starmie\n|-fail|p1a: Starmie|par\n|cant|p1a: Starmie|par\n|\n|upkeep\n|turn|214\n|\n|t:|1740308962\n|move|p1a: Starmie|Thunder Wave|p2a: Starmie\n|-fail|p2a: Starmie|par\n|move|p2a: Starmie|Thunder Wave|p1a: Starmie\n|-fail|p1a: Starmie|par\n|\n|upkeep\n|turn|215\n|\n|t:|1740308966\n|move|p2a: Starmie|Thunder Wave|p1a: Starmie\n|-fail|p1a: Starmie|par\n|move|p1a: Starmie|Thunder Wave|p2a: Starmie\n|-fail|p2a: Starmie|par\n|\n|upkeep\n|turn|216\n|\n|t:|1740308970\n|move|p2a: Starmie|Thunder Wave|p1a: Starmie\n|-fail|p1a: Starmie|par\n|move|p1a: Starmie|Thunder Wave|p2a: Starmie\n|-fail|p2a: Starmie|par\n|\n|upkeep\n|turn|217\n|\n|t:|1740308987\n|move|p2a: Starmie|Recover|p2a: Starmie\n|-fail|p2a: Starmie\n|move|p1a: Starmie|Blizzard|p2a: Starmie\n|-resisted|p2a: Starmie\n|-damage|p2a: Starmie|87/100 par\n|\n|upkeep\n|turn|218\n|\n|t:|1740308992\n|cant|p1a: Starmie|par\n|cant|p2a: Starmie|par\n|\n|upkeep\n|turn|219\n|\n|t:|1740308994\n|cant|p1a: Starmie|par\n|cant|p2a: Starmie|par\n|\n|upkeep\n|turn|220\n|\n|t:|1740308997\n|cant|p1a: Starmie|par\n|cant|p2a: Starmie|par\n|\n|upkeep\n|turn|221\n|\n|t:|1740309000\n|move|p2a: Starmie|Recover|p2a: Starmie\n|-heal|p2a: Starmie|100/100 par\n|move|p1a: Starmie|Thunder Wave|p2a: Starmie\n|-fail|p2a: Starmie|par\n|\n|upkeep\n|turn|222\n|\n|t:|1740309003\n|move|p2a: Starmie|Thunder Wave|p1a: Starmie\n|-fail|p1a: Starmie|par\n|move|p1a: Starmie|Thunder Wave|p2a: Starmie\n|-fail|p2a: Starmie|par\n|\n|upkeep\n|turn|223\n|\n|t:|1740309007\n|move|p2a: Starmie|Thunder Wave|p1a: Starmie\n|-fail|p1a: Starmie|par\n|cant|p1a: Starmie|par\n|\n|upkeep\n|turn|224\n|\n|t:|1740309013\n|move|p2a: Starmie|Blizzard|p1a: Starmie|[miss]\n|-miss|p2a: Starmie\n|move|p1a: Starmie|Thunder Wave|p2a: Starmie\n|-fail|p2a: Starmie|par\n|\n|upkeep\n|turn|225\n|\n|t:|1740309015\n|move|p1a: Starmie|Thunder Wave|p2a: Starmie\n|-fail|p2a: Starmie|par\n|move|p2a: Starmie|Thunder Wave|p1a: Starmie\n|-fail|p1a: Starmie|par\n|\n|upkeep\n|turn|226\n|\n|t:|1740309025\n|move|p1a: Starmie|Thunder Wave|p2a: Starmie\n|-fail|p2a: Starmie|par\n|cant|p2a: Starmie|par\n|\n|upkeep\n|turn|227\n|\n|t:|1740309027\n|cant|p2a: Starmie|par\n|move|p1a: Starmie|Thunder Wave|p2a: Starmie\n|-fail|p2a: Starmie|par\n|\n|upkeep\n|turn|228\n|\n|t:|1740309029\n|move|p1a: Starmie|Recover|p1a: Starmie\n|-heal|p1a: Starmie|100/100 par\n|move|p2a: Starmie|Recover|p2a: Starmie\n|-fail|p2a: Starmie\n|\n|upkeep\n|turn|229\n|\n|t:|1740309032\n|move|p2a: Starmie|Thunder Wave|p1a: Starmie\n|-fail|p1a: Starmie|par\n|move|p1a: Starmie|Thunder Wave|p2a: Starmie\n|-fail|p2a: Starmie|par\n|\n|upkeep\n|turn|230\n|\n|t:|1740309036\n|cant|p1a: Starmie|par\n|move|p2a: Starmie|Recover|p2a: Starmie\n|-fail|p2a: Starmie\n|\n|upkeep\n|turn|231\n|\n|t:|1740309039\n|move|p2a: Starmie|Recover|p2a: Starmie\n|-fail|p2a: Starmie\n|move|p1a: Starmie|Recover|p1a: Starmie\n|-fail|p1a: Starmie\n|\n|upkeep\n|turn|232\n|\n|t:|1740309044\n|move|p2a: Starmie|Recover|p2a: Starmie\n|-fail|p2a: Starmie\n|move|p1a: Starmie|Thunder Wave|p2a: Starmie\n|-fail|p2a: Starmie|par\n|\n|upkeep\n|turn|233\n|\n|t:|1740309048\n|cant|p2a: Starmie|par\n|move|p1a: Starmie|Recover|p1a: Starmie\n|-fail|p1a: Starmie\n|\n|upkeep\n|turn|234\n|\n|t:|1740309053\n|cant|p2a: Starmie|par\n|move|p1a: Starmie|Thunder Wave|p2a: Starmie\n|-fail|p2a: Starmie|par\n|\n|upkeep\n|turn|235\n|\n|t:|1740309055\n|move|p1a: Starmie|Thunder Wave|p2a: Starmie\n|-fail|p2a: Starmie|par\n|move|p2a: Starmie|Thunder Wave|p1a: Starmie\n|-fail|p1a: Starmie|par\n|\n|upkeep\n|turn|236\n|\n|t:|1740309058\n|move|p1a: Starmie|Recover|p1a: Starmie\n|-fail|p1a: Starmie\n|move|p2a: Starmie|Thunder Wave|p1a: Starmie\n|-fail|p1a: Starmie|par\n|\n|upkeep\n|turn|237\n|\n|t:|1740309060\n|move|p1a: Starmie|Thunder Wave|p2a: Starmie\n|-fail|p2a: Starmie|par\n|move|p2a: Starmie|Recover|p2a: Starmie\n|-fail|p2a: Starmie\n|\n|upkeep\n|turn|238\n|\n|t:|1740309062\n|move|p2a: Starmie|Recover|p2a: Starmie\n|-fail|p2a: Starmie\n|move|p1a: Starmie|Thunder Wave|p2a: Starmie\n|-fail|p2a: Starmie|par\n|\n|upkeep\n|turn|239\n|\n|t:|1740309064\n|move|p1a: Starmie|Thunder Wave|p2a: Starmie\n|-fail|p2a: Starmie|par\n|cant|p2a: Starmie|par\n|\n|upkeep\n|turn|240\n|\n|t:|1740309066\n|move|p2a: Starmie|Recover|p2a: Starmie\n|-fail|p2a: Starmie\n|move|p1a: Starmie|Thunder Wave|p2a: Starmie\n|-fail|p2a: Starmie|par\n|\n|upkeep\n|turn|241\n|\n|t:|1740309068\n|switch|p2a: Exeggutor|Exeggutor|33/100 par\n|cant|p1a: Starmie|par\n|\n|upkeep\n|turn|242\n|\n|t:|1740309073\n|switch|p2a: Starmie|Starmie|100/100 par\n|move|p1a: Starmie|Psychic|p2a: Starmie\n|-crit|p2a: Starmie\n|-resisted|p2a: Starmie\n|-damage|p2a: Starmie|69/100 par\n|\n|upkeep\n|turn|243\n|\n|t:|1740309083\n|move|p1a: Starmie|Recover|p1a: Starmie\n|-fail|p1a: Starmie\n|move|p2a: Starmie|Recover|p2a: Starmie\n|-heal|p2a: Starmie|100/100 par\n|\n|upkeep\n|turn|244\n|\n|t:|1740309092\n|move|p1a: Starmie|Thunder Wave|p2a: Starmie\n|-fail|p2a: Starmie|par\n|cant|p2a: Starmie|par\n|\n|upkeep\n|turn|245\n|\n|t:|1740309098\n|move|p1a: Starmie|Thunder Wave|p2a: Starmie\n|-fail|p2a: Starmie|par\n|move|p2a: Starmie|Thunder Wave|p1a: Starmie\n|-fail|p1a: Starmie|par\n|\n|upkeep\n|turn|246\n|\n|t:|1740309102\n|cant|p1a: Starmie|par\n|move|p2a: Starmie|Thunder Wave|p1a: Starmie\n|-fail|p1a: Starmie|par\n|\n|upkeep\n|turn|247\n|\n|t:|1740309105\n|move|p1a: Starmie|Blizzard|p2a: Starmie\n|-resisted|p2a: Starmie\n|-damage|p2a: Starmie|87/100 par\n|move|p2a: Starmie|Blizzard|p1a: Starmie\n|-crit|p1a: Starmie\n|-resisted|p1a: Starmie\n|-damage|p1a: Starmie|72/100 par\n|\n|upkeep\n|turn|248\n|\n|t:|1740309111\n|move|p1a: Starmie|Recover|p1a: Starmie\n|-heal|p1a: Starmie|100/100 par\n|move|p2a: Starmie|Recover|p2a: Starmie\n|-heal|p2a: Starmie|100/100 par\n|\n|upkeep\n|turn|249\n|\n|t:|1740309116\n|move|p2a: Starmie|Thunder Wave|p1a: Starmie\n|-fail|p1a: Starmie|par\n|move|p1a: Starmie|Thunder Wave|p2a: Starmie\n|-fail|p2a: Starmie|par\n|\n|upkeep\n|turn|250\n|\n|t:|1740309119\n|cant|p2a: Starmie|par\n|move|p1a: Starmie|Thunder Wave|p2a: Starmie\n|-fail|p2a: Starmie|par\n|\n|upkeep\n|turn|251\n|\n|t:|1740309133\n|move|p1a: Starmie|Thunder Wave|p2a: Starmie\n|-fail|p2a: Starmie|par\n|move|p2a: Starmie|Thunder Wave|p1a: Starmie\n|-fail|p1a: Starmie|par\n|\n|upkeep\n|turn|252\n|\n|t:|1740309139\n|move|p2a: Starmie|Thunder Wave|p1a: Starmie\n|-fail|p1a: Starmie|par\n|move|p1a: Starmie|Thunder Wave|p2a: Starmie\n|-fail|p2a: Starmie|par\n|\n|upkeep\n|turn|253\n|\n|t:|1740309142\n|move|p1a: Starmie|Psychic|p2a: Starmie\n|-resisted|p2a: Starmie\n|-damage|p2a: Starmie|86/100 par\n|-unboost|p2a: Starmie|spa|1\n|-unboost|p2a: Starmie|spd|1\n|cant|p2a: Starmie|par\n|\n|upkeep\n|turn|254\n|\n|t:|1740309147\n|move|p1a: Starmie|Psychic|p2a: Starmie\n|-crit|p2a: Starmie\n|-resisted|p2a: Starmie\n|-damage|p2a: Starmie|52/100 par\n|-unboost|p2a: Starmie|spa|1\n|-unboost|p2a: Starmie|spd|1\n|move|p2a: Starmie|Recover|p2a: Starmie\n|-heal|p2a: Starmie|100/100 par\n|\n|upkeep\n|turn|255\n|\n|t:|1740309154\n|move|p1a: Starmie|Blizzard|p2a: Starmie\n|-resisted|p2a: Starmie\n|-damage|p2a: Starmie|71/100 par\n|cant|p2a: Starmie|par\n|\n|upkeep\n|turn|256\n|\n|t:|1740309158\n|move|p1a: Starmie|Psychic|p2a: Starmie\n|-resisted|p2a: Starmie\n|-damage|p2a: Starmie|39/100 par\n|move|p2a: Starmie|Recover|p2a: Starmie\n|-heal|p2a: Starmie|89/100 par\n|\n|upkeep\n|turn|257\n|\n|t:|1740309162\n|move|p1a: Starmie|Psychic|p2a: Starmie\n|-crit|p2a: Starmie\n|-resisted|p2a: Starmie\n|-damage|p2a: Starmie|57/100 par\n|-unboost|p2a: Starmie|spa|1\n|-unboost|p2a: Starmie|spd|1\n|move|p2a: Starmie|Recover|p2a: Starmie\n|-heal|p2a: Starmie|100/100 par\n|\n|upkeep\n|turn|258\n|\n|t:|1740309168\n|switch|p2a: Exeggutor|Exeggutor|33/100 par\n|move|p1a: Starmie|Blizzard|p2a: Exeggutor\n|-supereffective|p2a: Exeggutor\n|-damage|p2a: Exeggutor|0 fnt\n|faint|p2a: Exeggutor\n|c|☆Prinz|Ggs\n|\n|t:|1740309174\n|switch|p2a: Starmie|Starmie|100/100 par\n|turn|259\n|\n|t:|1740309182\n|move|p1a: Starmie|Psychic|p2a: Starmie\n|-crit|p2a: Starmie\n|-resisted|p2a: Starmie\n|-damage|p2a: Starmie|70/100 par\n|-unboost|p2a: Starmie|spa|1\n|-unboost|p2a: Starmie|spd|1\n|move|p2a: Starmie|Psychic|p1a: Starmie\n|-crit|p1a: Starmie\n|-resisted|p1a: Starmie\n|-damage|p1a: Starmie|67/100 par\n|\n|upkeep\n|turn|260\n|\n|t:|1740309188\n|cant|p1a: Starmie|par\n|cant|p2a: Starmie|par\n|\n|upkeep\n|turn|261\n|\n|t:|1740309190\n|move|p1a: Starmie|Recover|p1a: Starmie\n|-heal|p1a: Starmie|100/100 par\n|move|p2a: Starmie|Psychic|p1a: Starmie\n|-resisted|p1a: Starmie\n|-damage|p1a: Starmie|89/100 par\n|\n|upkeep\n|turn|262\n|\n|t:|1740309196\n|move|p1a: Starmie|Psychic|p2a: Starmie\n|-resisted|p2a: Starmie\n|-damage|p2a: Starmie|43/100 par\n|-unboost|p2a: Starmie|spa|1\n|-unboost|p2a: Starmie|spd|1\n|cant|p2a: Starmie|par\n|\n|upkeep\n|turn|263\n|\n|t:|1740309209\n|cant|p1a: Starmie|par\n|move|p2a: Starmie|Recover|p2a: Starmie\n|-heal|p2a: Starmie|93/100 par\n|\n|upkeep\n|turn|264\n|\n|t:|1740309212\n|cant|p1a: Starmie|par\n|move|p2a: Starmie|Psychic|p1a: Starmie\n|-resisted|p1a: Starmie\n|-damage|p1a: Starmie|81/100 par\n|\n|upkeep\n|turn|265\n|\n|t:|1740309214\n|move|p1a: Starmie|Recover|p1a: Starmie\n|-heal|p1a: Starmie|100/100 par\n|move|p2a: Starmie|Recover|p2a: Starmie\n|-heal|p2a: Starmie|100/100 par\n|\n|upkeep\n|turn|266\n|\n|t:|1740309220\n|move|p1a: Starmie|Psychic|p2a: Starmie\n|-resisted|p2a: Starmie\n|-damage|p2a: Starmie|70/100 par\n|move|p2a: Starmie|Thunder Wave|p1a: Starmie\n|-fail|p1a: Starmie|par\n|\n|upkeep\n|turn|267\n|\n|t:|1740309235\n|move|p1a: Starmie|Blizzard|p2a: Starmie\n|-resisted|p2a: Starmie\n|-damage|p2a: Starmie|41/100 par\n|cant|p2a: Starmie|par\n|\n|upkeep\n|turn|268\n|\n|t:|1740309240\n|move|p1a: Starmie|Psychic|p2a: Starmie\n|-crit|p2a: Starmie\n|-resisted|p2a: Starmie\n|-damage|p2a: Starmie|8/100 par\n|move|p2a: Starmie|Recover|p2a: Starmie\n|-heal|p2a: Starmie|58/100 par\n|\n|upkeep\n|turn|269\n|\n|t:|1740309246\n|move|p1a: Starmie|Psychic|p2a: Starmie\n|-resisted|p2a: Starmie\n|-damage|p2a: Starmie|26/100 par\n|move|p2a: Starmie|Thunder Wave|p1a: Starmie\n|-fail|p1a: Starmie|par\n|\n|upkeep\n|turn|270\n|\n|t:|1740309248\n|move|p1a: Starmie|Psychic|p2a: Starmie\n|-crit|p2a: Starmie\n|-resisted|p2a: Starmie\n|-damage|p2a: Starmie|0 fnt\n|faint|p2a: Starmie\n|\n|win|nicole7735\n|c|☆nicole7735|ggs\n|c|☆Prinz|ggs\n|player|p2|\n","uploadtime":1740309248,"views":"1531","formatid":"gen1ou","rating":null,"private":0,"password":null}