{"id":"smogtours-gen1ou-948580","format":"[Gen 1] OU","players":["Mister Tim","zugubu royale"],"log":"|inactive|Battle timer is ON: inactive players will automatically lose when time's up.\n|t:|1781982824\n|gametype|singles\n|player|p1|Mister Tim|266|\n|player|p2|zugubu royale|2|\n|gen|1\n|tier|[Gen 1] OU\n|rule|Desync Clause Mod: Desyncs changed to move failure.\n|rule|HP Percentage Mod: HP is shown in percentages\n|rule|Endless Battle Clause: Forcing endless battles is banned\n|rule|Sleep Clause Mod: Limit one foe put to sleep\n|rule|Freeze Clause Mod: Limit one foe frozen\n|rule|Species Clause: Limit one of each Pokémon\n|rule|OHKO Clause: OHKO moves are banned\n|rule|Evasion Moves Clause: Evasion moves are banned\n|\n|t:|1781982824\n|teamsize|p1|6\n|teamsize|p2|6\n|start\n|switch|p1a: Jynx|Jynx|100/100\n|switch|p2a: Starmie|Starmie|100/100\n|turn|1\n|inactive|Mister Tim has 270 seconds left.\n|inactive|zugubu royale has 270 seconds left.\n|c|☆Mister Tim|hf\n|c|☆zugubu royale|u2\n|inactive|zugubu royale has 240 seconds left.\n|\n|t:|1781982898\n|move|p2a: Starmie|Psychic|p1a: Jynx\n|-resisted|p1a: Jynx\n|-damage|p1a: Jynx|84/100\n|-unboost|p1a: Jynx|spa|1\n|-unboost|p1a: Jynx|spd|1\n|move|p1a: Jynx|Lovely Kiss|p2a: Starmie\n|-status|p2a: Starmie|slp|[from] move: Lovely Kiss\n|\n|upkeep\n|turn|2\n|inactive|zugubu royale has 270 seconds left.\n|\n|t:|1781982943\n|switch|p2a: Exeggutor|Exeggutor|100/100\n|switch|p1a: Snorlax|Snorlax|100/100\n|\n|upkeep\n|turn|3\n|\n|t:|1781982947\n|switch|p1a: Jynx|Jynx|84/100\n|move|p2a: Exeggutor|Sleep Powder|p1a: Jynx\n|-status|p1a: Jynx|slp|[from] move: Sleep Powder\n|\n|upkeep\n|turn|4\n|\n|t:|1781982953\n|switch|p1a: Chansey|Chansey|100/100\n|move|p2a: Exeggutor|Psychic|p1a: Chansey\n|-damage|p1a: Chansey|85/100\n|\n|upkeep\n|turn|5\n|\n|t:|1781982964\n|move|p2a: Exeggutor|Explosion|p1a: Chansey\n|-damage|p1a: Chansey|0 fnt\n|faint|p1a: Chansey\n|faint|p2a: Exeggutor\n|inactive|zugubu royale has 270 seconds left.\n|\n|t:|1781982985\n|switch|p2a: Alakazam|Alakazam|100/100\n|switch|p1a: Starmie|Starmie|100/100\n|turn|6\n|\n|t:|1781982990\n|move|p2a: Alakazam|Thunder Wave|p1a: Starmie\n|-status|p1a: Starmie|par\n|move|p1a: Starmie|Thunder Wave|p2a: Alakazam\n|-status|p2a: Alakazam|par\n|\n|upkeep\n|turn|7\n|inactive|zugubu royale has 270 seconds left.\n|\n|t:|1781982998\n|move|p2a: Alakazam|Psychic|p1a: Starmie\n|-crit|p1a: Starmie\n|-resisted|p1a: Starmie\n|-damage|p1a: Starmie|64/100 par\n|move|p1a: Starmie|Surf|p2a: Alakazam|[miss]\n|-miss|p1a: Starmie\n|-hint|In Gen 1, moves with 100% accuracy can still miss 1/256 of the time.\n|\n|upkeep\n|turn|8\n|\n|t:|1781983005\n|cant|p2a: Alakazam|par\n|move|p1a: Starmie|Recover|p1a: Starmie\n|-heal|p1a: Starmie|100/100 par\n|\n|upkeep\n|turn|9\n|\n|t:|1781983012\n|move|p2a: Alakazam|Psychic|p1a: Starmie\n|-resisted|p1a: Starmie\n|-damage|p1a: Starmie|79/100 par\n|-unboost|p1a: Starmie|spa|1\n|-unboost|p1a: Starmie|spd|1\n|move|p1a: Starmie|Surf|p2a: Alakazam\n|-damage|p2a: Alakazam|82/100 par\n|\n|upkeep\n|turn|10\n|\n|t:|1781983030\n|move|p2a: Alakazam|Thunder Wave|p1a: Starmie\n|-fail|p1a: Starmie|par\n|move|p1a: Starmie|Recover|p1a: Starmie\n|-heal|p1a: Starmie|100/100 par\n|\n|upkeep\n|turn|11\n|\n|t:|1781983048\n|switch|p1a: Snorlax|Snorlax|100/100\n|move|p2a: Alakazam|Thunder Wave|p1a: Snorlax\n|-status|p1a: Snorlax|par\n|\n|upkeep\n|turn|12\n|\n|t:|1781983056\n|switch|p2a: Snorlax|Snorlax|100/100\n|switch|p1a: Starmie|Starmie|100/100 par\n|\n|upkeep\n|turn|13\n|\n|t:|1781983060\n|switch|p2a: Alakazam|Alakazam|82/100 par\n|move|p1a: Starmie|Thunder Wave|p2a: Alakazam\n|-fail|p2a: Alakazam|par\n|\n|upkeep\n|turn|14\n|\n|t:|1781983065\n|move|p2a: Alakazam|Psychic|p1a: Starmie\n|-resisted|p1a: Starmie\n|-damage|p1a: Starmie|80/100 par\n|move|p1a: Starmie|Surf|p2a: Alakazam\n|-damage|p2a: Alakazam|53/100 par\n|\n|upkeep\n|turn|15\n|\n|t:|1781983073\n|cant|p2a: Alakazam|par\n|cant|p1a: Starmie|par\n|\n|upkeep\n|turn|16\n|\n|t:|1781983076\n|move|p2a: Alakazam|Recover|p2a: Alakazam\n|-heal|p2a: Alakazam|100/100 par\n|move|p1a: Starmie|Surf|p2a: Alakazam\n|-damage|p2a: Alakazam|71/100 par\n|\n|upkeep\n|turn|17\n|\n|t:|1781983080\n|move|p2a: Alakazam|Psychic|p1a: Starmie\n|-resisted|p1a: Starmie\n|-damage|p1a: Starmie|59/100 par\n|move|p1a: Starmie|Surf|p2a: Alakazam\n|-damage|p2a: Alakazam|44/100 par\n|\n|upkeep\n|turn|18\n|\n|t:|1781983084\n|move|p2a: Alakazam|Recover|p2a: Alakazam\n|-heal|p2a: Alakazam|94/100 par\n|move|p1a: Starmie|Recover|p1a: Starmie\n|-heal|p1a: Starmie|100/100 par\n|\n|upkeep\n|turn|19\n|\n|t:|1781983086\n|cant|p2a: Alakazam|par\n|move|p1a: Starmie|Surf|p2a: Alakazam\n|-damage|p2a: Alakazam|65/100 par\n|\n|upkeep\n|turn|20\n|\n|t:|1781983090\n|move|p2a: Alakazam|Recover|p2a: Alakazam\n|-heal|p2a: Alakazam|100/100 par\n|move|p1a: Starmie|Surf|p2a: Alakazam\n|-damage|p2a: Alakazam|70/100 par\n|\n|upkeep\n|turn|21\n|\n|t:|1781983095\n|switch|p1a: Snorlax|Snorlax|100/100 par\n|move|p2a: Alakazam|Recover|p2a: Alakazam\n|-heal|p2a: Alakazam|100/100 par\n|\n|upkeep\n|turn|22\n|\n|t:|1781983097\n|switch|p2a: Snorlax|Snorlax|100/100\n|switch|p1a: Starmie|Starmie|100/100 par\n|\n|upkeep\n|turn|23\n|\n|t:|1781983106\n|move|p2a: Snorlax|Body Slam|p1a: Starmie\n|-damage|p1a: Starmie|63/100 par\n|move|p1a: Starmie|Thunder Wave|p2a: Snorlax\n|-status|p2a: Snorlax|par\n|\n|upkeep\n|turn|24\n|\n|t:|1781983113\n|move|p1a: Starmie|Recover|p1a: Starmie\n|-heal|p1a: Starmie|100/100 par\n|move|p2a: Snorlax|Body Slam|p1a: Starmie\n|-damage|p1a: Starmie|63/100 par\n|\n|upkeep\n|turn|25\n|\n|t:|1781983118\n|move|p1a: Starmie|Recover|p1a: Starmie\n|-heal|p1a: Starmie|100/100 par\n|move|p2a: Snorlax|Hyper Beam|p1a: Starmie|[miss]\n|-miss|p2a: Snorlax\n|\n|upkeep\n|turn|26\n|\n|t:|1781983129\n|switch|p2a: Alakazam|Alakazam|100/100 par\n|move|p1a: Starmie|Surf|p2a: Alakazam\n|-damage|p2a: Alakazam|70/100 par\n|\n|upkeep\n|turn|27\n|\n|t:|1781983140\n|cant|p2a: Alakazam|par\n|move|p1a: Starmie|Surf|p2a: Alakazam\n|-damage|p2a: Alakazam|42/100 par\n|\n|upkeep\n|turn|28\n|\n|t:|1781983145\n|move|p2a: Alakazam|Recover|p2a: Alakazam\n|-heal|p2a: Alakazam|92/100 par\n|move|p1a: Starmie|Surf|p2a: Alakazam\n|-damage|p2a: Alakazam|64/100 par\n|\n|upkeep\n|turn|29\n|\n|t:|1781983150\n|move|p2a: Alakazam|Recover|p2a: Alakazam\n|-heal|p2a: Alakazam|100/100 par\n|move|p1a: Starmie|Surf|p2a: Alakazam\n|-damage|p2a: Alakazam|70/100 par\n|\n|upkeep\n|turn|30\n|\n|t:|1781983156\n|switch|p1a: Snorlax|Snorlax|100/100 par\n|cant|p2a: Alakazam|par\n|\n|upkeep\n|turn|31\n|\n|t:|1781983163\n|switch|p2a: Snorlax|Snorlax|100/100 par\n|move|p1a: Snorlax|Body Slam|p2a: Snorlax\n|-damage|p2a: Snorlax|73/100 par\n|\n|upkeep\n|turn|32\n|\n|t:|1781983169\n|move|p1a: Snorlax|Reflect|p1a: Snorlax\n|-start|p1a: Snorlax|Reflect\n|move|p2a: Snorlax|Body Slam|p1a: Snorlax\n|-crit|p1a: Snorlax\n|-damage|p1a: Snorlax|47/100 par\n|\n|upkeep\n|turn|33\n|\n|t:|1781983177\n|move|p2a: Snorlax|Reflect|p2a: Snorlax\n|-start|p2a: Snorlax|Reflect\n|move|p1a: Snorlax|Body Slam|p2a: Snorlax\n|-damage|p2a: Snorlax|59/100 par\n|\n|upkeep\n|turn|34\n|\n|t:|1781983180\n|cant|p1a: Snorlax|par\n|move|p2a: Snorlax|Rest|p2a: Snorlax\n|-status|p2a: Snorlax|slp|[from] move: Rest\n|-heal|p2a: Snorlax|100/100 slp|[silent]\n|\n|upkeep\n|turn|35\n|\n|t:|1781983184\n|move|p1a: Snorlax|Body Slam|p2a: Snorlax\n|-damage|p2a: Snorlax|87/100 slp\n|cant|p2a: Snorlax|slp\n|\n|upkeep\n|turn|36\n|\n|t:|1781983188\n|-curestatus|p2a: Snorlax|slp|[msg]\n|move|p1a: Snorlax|Body Slam|p2a: Snorlax\n|-crit|p2a: Snorlax\n|-damage|p2a: Snorlax|35/100\n|\n|upkeep\n|turn|37\n|\n|t:|1781983199\n|move|p2a: Snorlax|Body Slam|p1a: Snorlax\n|-damage|p1a: Snorlax|35/100 par\n|move|p1a: Snorlax|Rest|p1a: Snorlax\n|-status|p1a: Snorlax|slp|[from] move: Rest\n|-heal|p1a: Snorlax|100/100 slp|[silent]\n|\n|upkeep\n|turn|38\n|\n|t:|1781983203\n|move|p2a: Snorlax|Body Slam|p1a: Snorlax\n|-damage|p1a: Snorlax|88/100 slp\n|cant|p1a: Snorlax|slp\n|\n|upkeep\n|turn|39\n|\n|t:|1781983208\n|move|p2a: Snorlax|Body Slam|p1a: Snorlax\n|-damage|p1a: Snorlax|75/100 slp\n|-curestatus|p1a: Snorlax|slp|[msg]\n|\n|upkeep\n|turn|40\n|\n|t:|1781983213\n|switch|p1a: Rhydon|Rhydon|100/100\n|move|p2a: Snorlax|Rest|p2a: Snorlax\n|-status|p2a: Snorlax|slp|[from] move: Rest\n|-heal|p2a: Snorlax|100/100 slp|[silent]\n|\n|upkeep\n|turn|41\n|\n|t:|1781983230\n|move|p1a: Rhydon|Earthquake|p2a: Snorlax\n|-damage|p2a: Snorlax|84/100 slp\n|cant|p2a: Snorlax|slp\n|\n|upkeep\n|turn|42\n|\n|t:|1781983238\n|move|p1a: Rhydon|Substitute|p1a: Rhydon\n|-start|p1a: Rhydon|Substitute\n|-damage|p1a: Rhydon|76/100\n|-curestatus|p2a: Snorlax|slp|[msg]\n|\n|upkeep\n|turn|43\n|\n|t:|1781983244\n|move|p1a: Rhydon|Leer|p2a: Snorlax\n|-unboost|p2a: Snorlax|def|1\n|move|p2a: Snorlax|Body Slam|p1a: Rhydon\n|-resisted|p1a: Rhydon\n|-activate|p1a: Rhydon|Substitute|[damage]\n|\n|upkeep\n|turn|44\n|\n|t:|1781983252\n|move|p1a: Rhydon|Leer|p2a: Snorlax\n|-unboost|p2a: Snorlax|def|1\n|move|p2a: Snorlax|Body Slam|p1a: Rhydon\n|-resisted|p1a: Rhydon\n|-activate|p1a: Rhydon|Substitute|[damage]\n|\n|upkeep\n|turn|45\n|\n|t:|1781983274\n|switch|p2a: Tauros|Tauros|100/100\n|move|p1a: Rhydon|Earthquake|p2a: Tauros\n|-damage|p2a: Tauros|57/100\n|\n|upkeep\n|turn|46\n|\n|t:|1781983280\n|move|p2a: Tauros|Earthquake|p1a: Rhydon\n|-supereffective|p1a: Rhydon\n|-end|p1a: Rhydon|Substitute\n|move|p1a: Rhydon|Earthquake|p2a: Tauros\n|-crit|p2a: Tauros\n|-damage|p2a: Tauros|0 fnt\n|faint|p2a: Tauros\n|\n|t:|1781983285\n|switch|p2a: Rhydon|Rhydon|100/100\n|turn|47\n|c|☆zugubu royale|/log zugubu royale made the replay of this battle unlisted.\n|inactive|Mister Tim has 270 seconds left.\n|\n|t:|1781983318\n|move|p2a: Rhydon|Earthquake|p1a: Rhydon\n|-supereffective|p1a: Rhydon\n|-damage|p1a: Rhydon|17/100\n|move|p1a: Rhydon|Earthquake|p2a: Rhydon\n|-supereffective|p2a: Rhydon\n|-damage|p2a: Rhydon|42/100\n|\n|upkeep\n|turn|48\n|inactive|Mister Tim has 270 seconds left.\n|\n|t:|1781983343\n|switch|p1a: Jynx|Jynx|84/100 slp\n|move|p2a: Rhydon|Earthquake|p1a: Jynx\n|-damage|p1a: Jynx|12/100 slp\n|\n|upkeep\n|turn|49\n|\n|t:|1781983348\n|cant|p1a: Jynx|slp\n|move|p2a: Rhydon|Earthquake|p1a: Jynx\n|-damage|p1a: Jynx|0 fnt\n|faint|p1a: Jynx\n|inactive|Mister Tim has 270 seconds left.\n|\n|t:|1781983353\n|switch|p1a: Tauros|Tauros|100/100\n|turn|50\n|\n|t:|1781983364\n|switch|p2a: Starmie|Starmie|100/100 slp\n|move|p1a: Tauros|Blizzard|p2a: Starmie\n|-resisted|p2a: Starmie\n|-damage|p2a: Starmie|89/100 slp\n|\n|upkeep\n|turn|51\n|\n|t:|1781983368\n|cant|p2a: Starmie|slp\n|move|p1a: Tauros|Body Slam|p2a: Starmie\n|-crit|p2a: Starmie\n|-damage|p2a: Starmie|20/100 slp\n|\n|upkeep\n|turn|52\n|\n|t:|1781983376\n|cant|p2a: Starmie|slp\n|move|p1a: Tauros|Body Slam|p2a: Starmie\n|-damage|p2a: Starmie|0 fnt\n|faint|p2a: Starmie\n|\n|t:|1781983379\n|switch|p2a: Snorlax|Snorlax|84/100\n|turn|53\n|\n|t:|1781983388\n|move|p1a: Tauros|Body Slam|p2a: Snorlax\n|-damage|p2a: Snorlax|58/100\n|move|p2a: Snorlax|Reflect|p2a: Snorlax\n|-start|p2a: Snorlax|Reflect\n|\n|upkeep\n|turn|54\n|\n|t:|1781983392\n|move|p1a: Tauros|Blizzard|p2a: Snorlax\n|-damage|p2a: Snorlax|39/100\n|move|p2a: Snorlax|Body Slam|p1a: Tauros\n|-damage|p1a: Tauros|71/100\n|\n|upkeep\n|turn|55\n|\n|t:|1781983407\n|move|p1a: Tauros|Body Slam|p2a: Snorlax\n|-damage|p2a: Snorlax|27/100\n|move|p2a: Snorlax|Rest|p2a: Snorlax\n|-status|p2a: Snorlax|slp|[from] move: Rest\n|-heal|p2a: Snorlax|100/100 slp|[silent]\n|\n|upkeep\n|turn|56\n|\n|t:|1781983412\n|move|p1a: Tauros|Body Slam|p2a: Snorlax\n|-damage|p2a: Snorlax|87/100 slp\n|cant|p2a: Snorlax|slp\n|\n|upkeep\n|turn|57\n|\n|t:|1781983415\n|switch|p1a: Snorlax|Snorlax|75/100\n|-curestatus|p2a: Snorlax|slp|[msg]\n|\n|upkeep\n|turn|58\n|\n|t:|1781983420\n|move|p2a: Snorlax|Body Slam|p1a: Snorlax\n|-damage|p1a: Snorlax|50/100\n|move|p1a: Snorlax|Reflect|p1a: Snorlax\n|-start|p1a: Snorlax|Reflect\n|\n|upkeep\n|turn|59\n|\n|t:|1781983423\n|move|p2a: Snorlax|Body Slam|p1a: Snorlax\n|-damage|p1a: Snorlax|38/100\n|move|p1a: Snorlax|Body Slam|p2a: Snorlax\n|-damage|p2a: Snorlax|74/100\n|\n|upkeep\n|turn|60\n|\n|t:|1781983428\n|move|p2a: Snorlax|Body Slam|p1a: Snorlax\n|-crit|p1a: Snorlax\n|-damage|p1a: Snorlax|0 fnt\n|faint|p1a: Snorlax\n|\n|t:|1781983433\n|switch|p1a: Rhydon|Rhydon|17/100\n|turn|61\n|\n|t:|1781983444\n|move|p1a: Rhydon|Leer|p2a: Snorlax\n|-unboost|p2a: Snorlax|def|1\n|move|p2a: Snorlax|Hyper Beam|p1a: Rhydon\n|-resisted|p1a: Rhydon\n|-damage|p1a: Rhydon|0 fnt\n|faint|p1a: Rhydon\n|\n|t:|1781983447\n|switch|p1a: Tauros|Tauros|71/100\n|turn|62\n|\n|t:|1781983458\n|move|p1a: Tauros|Body Slam|p2a: Snorlax\n|-crit|p2a: Snorlax\n|-damage|p2a: Snorlax|27/100\n|move|p2a: Snorlax|Body Slam|p1a: Tauros\n|-damage|p1a: Tauros|42/100\n|\n|upkeep\n|turn|63\n|\n|t:|1781983480\n|switch|p2a: Rhydon|Rhydon|42/100\n|move|p1a: Tauros|Hyper Beam|p2a: Rhydon|[miss]\n|-miss|p1a: Tauros\n|\n|upkeep\n|turn|64\n|\n|t:|1781983506\n|switch|p2a: Alakazam|Alakazam|70/100 par\n|move|p1a: Tauros|Blizzard|p2a: Alakazam\n|-damage|p2a: Alakazam|52/100 par\n|\n|upkeep\n|turn|65\n|\n|t:|1781983519\n|move|p1a: Tauros|Hyper Beam|p2a: Alakazam\n|-damage|p2a: Alakazam|0 fnt\n|faint|p2a: Alakazam\n|\n|t:|1781983527\n|switch|p2a: Rhydon|Rhydon|42/100\n|turn|66\n|\n|t:|1781983530\n|move|p1a: Tauros|Blizzard|p2a: Rhydon\n|-supereffective|p2a: Rhydon\n|-damage|p2a: Rhydon|0 fnt\n|faint|p2a: Rhydon\n|\n|t:|1781983533\n|switch|p2a: Snorlax|Snorlax|27/100\n|turn|67\n|\n|t:|1781983538\n|move|p1a: Tauros|Hyper Beam|p2a: Snorlax\n|-damage|p2a: Snorlax|0 fnt\n|faint|p2a: Snorlax\n|\n|win|Mister Tim\n|c|☆Mister Tim|gg\n|c|☆zugubu royale|gg\n|player|p2|\n","uploadtime":1781983538,"views":"31","formatid":"gen1ou","rating":null,"private":2,"password":null}