{"id":"smogtours-gen1ou-953656","format":"[Gen 1] OU","players":["TheStupe","Abucketofchubs"],"log":"|inactive|Battle timer is ON: inactive players will automatically lose when time's up.\n|t:|1783281744\n|gametype|singles\n|player|p1|TheStupe|psychicf-gen4|\n|player|p2|Abucketofchubs|youngster-gen4dp|\n|gen|1\n|tier|[Gen 1] OU\n|rule|Desync Clause Mod: Desyncs changed to move failure.\n|rule|HP Percentage Mod: HP is shown in percentages\n|rule|Endless Battle Clause: Forcing endless battles is banned\n|rule|Sleep Clause Mod: Limit one foe put to sleep\n|rule|Freeze Clause Mod: Limit one foe frozen\n|rule|Species Clause: Limit one of each Pokémon\n|rule|OHKO Clause: OHKO moves are banned\n|rule|Evasion Moves Clause: Evasion moves are banned\n|\n|t:|1783281744\n|teamsize|p1|6\n|teamsize|p2|6\n|start\n|switch|p1a: Gengar|Gengar|100/100\n|switch|p2a: Alakazam|Alakazam|100/100\n|turn|1\n|c|☆TheStupe|glhf\n|inactive|TheStupe has 270 seconds left.\n|inactive|TheStupe has 240 seconds left.\n|\n|t:|1783281808\n|switch|p2a: Exeggutor|Exeggutor|100/100\n|switch|p1a: Jynx|Jynx|100/100\n|\n|upkeep\n|turn|2\n|\n|t:|1783281816\n|move|p1a: Jynx|Lovely Kiss|p2a: Exeggutor\n|-status|p2a: Exeggutor|slp|[from] move: Lovely Kiss\n|-curestatus|p2a: Exeggutor|slp|[msg]\n|\n|upkeep\n|turn|3\n|\n|t:|1783281822\n|move|p1a: Jynx|Lovely Kiss|p2a: Exeggutor\n|-status|p2a: Exeggutor|slp|[from] move: Lovely Kiss\n|cant|p2a: Exeggutor|slp\n|\n|upkeep\n|turn|4\n|\n|t:|1783281829\n|switch|p2a: Starmie|Starmie|100/100\n|move|p1a: Jynx|Blizzard|p2a: Starmie\n|-crit|p2a: Starmie\n|-resisted|p2a: Starmie\n|-damage|p2a: Starmie|62/100\n|\n|upkeep\n|turn|5\n|\n|t:|1783281835\n|move|p2a: Starmie|Surf|p1a: Jynx\n|-crit|p1a: Jynx\n|-damage|p1a: Jynx|32/100\n|move|p1a: Jynx|Blizzard|p2a: Starmie\n|-resisted|p2a: Starmie\n|-damage|p2a: Starmie|40/100\n|\n|upkeep\n|turn|6\n|\n|t:|1783281847\n|move|p2a: Starmie|Recover|p2a: Starmie\n|-heal|p2a: Starmie|90/100\n|move|p1a: Jynx|Rest|p1a: Jynx\n|-status|p1a: Jynx|slp|[from] move: Rest\n|-heal|p1a: Jynx|100/100 slp|[silent]\n|\n|upkeep\n|turn|7\n|\n|t:|1783281865\n|switch|p2a: Tauros|Tauros|100/100\n|switch|p1a: Exeggutor|Exeggutor|100/100\n|\n|upkeep\n|turn|8\n|\n|t:|1783281888\n|move|p2a: Tauros|Blizzard|p1a: Exeggutor\n|-supereffective|p1a: Exeggutor\n|-damage|p1a: Exeggutor|65/100\n|move|p1a: Exeggutor|Psychic|p2a: Tauros\n|-damage|p2a: Tauros|59/100\n|\n|upkeep\n|turn|9\n|\n|t:|1783281896\n|move|p2a: Tauros|Body Slam|p1a: Exeggutor\n|-crit|p1a: Exeggutor\n|-damage|p1a: Exeggutor|8/100\n|move|p1a: Exeggutor|Stun Spore|p2a: Tauros|[miss]\n|-miss|p1a: Exeggutor\n|\n|upkeep\n|turn|10\n|\n|t:|1783281902\n|switch|p1a: Snorlax|Snorlax|100/100\n|move|p2a: Tauros|Earthquake|p1a: Snorlax\n|-damage|p1a: Snorlax|82/100\n|\n|upkeep\n|turn|11\n|\n|t:|1783281909\n|switch|p2a: Chansey|Chansey|100/100\n|move|p1a: Snorlax|Body Slam|p2a: Chansey\n|-damage|p2a: Chansey|56/100\n|\n|upkeep\n|turn|12\n|\n|t:|1783281933\n|move|p2a: Chansey|Soft-Boiled|p2a: Chansey\n|-heal|p2a: Chansey|100/100\n|move|p1a: Snorlax|Body Slam|p2a: Chansey\n|-damage|p2a: Chansey|61/100\n|\n|upkeep\n|turn|13\n|\n|t:|1783281950\n|move|p2a: Chansey|Sing|p1a: Snorlax\n|-status|p1a: Snorlax|slp|[from] move: Sing\n|cant|p1a: Snorlax|slp\n|\n|upkeep\n|turn|14\n|\n|t:|1783281965\n|move|p2a: Chansey|Ice Beam|p1a: Snorlax\n|-damage|p1a: Snorlax|62/100 slp\n|cant|p1a: Snorlax|slp\n|\n|upkeep\n|turn|15\n|\n|t:|1783281971\n|switch|p1a: Jynx|Jynx|100/100 slp\n|move|p2a: Chansey|Soft-Boiled|p2a: Chansey\n|-heal|p2a: Chansey|100/100\n|\n|upkeep\n|turn|16\n|\n|t:|1783281981\n|switch|p1a: Starmie|Starmie|100/100\n|switch|p2a: Tauros|Tauros|59/100\n|\n|upkeep\n|turn|17\n|\n|t:|1783282007\n|switch|p2a: Chansey|Chansey|100/100\n|move|p1a: Starmie|Thunder Wave|p2a: Chansey\n|-status|p2a: Chansey|par\n|\n|upkeep\n|turn|18\n|inactive|Abucketofchubs has 270 seconds left.\n|inactive|TheStupe has 270 seconds left.\n|\n|t:|1783282048\n|switch|p1a: Jynx|Jynx|100/100 slp\n|move|p2a: Chansey|Ice Beam|p1a: Jynx\n|-crit|p1a: Jynx\n|-resisted|p1a: Jynx\n|-damage|p1a: Jynx|79/100 slp\n|\n|upkeep\n|turn|19\n|inactive|TheStupe has 270 seconds left.\n|\n|t:|1783282053\n|switch|p2a: Tauros|Tauros|59/100\n|cant|p1a: Jynx|slp\n|\n|upkeep\n|turn|20\n|\n|t:|1783282061\n|switch|p1a: Starmie|Starmie|100/100\n|move|p2a: Tauros|Body Slam|p1a: Starmie\n|-damage|p1a: Starmie|66/100\n|\n|upkeep\n|turn|21\n|\n|t:|1783282064\n|switch|p2a: Chansey|Chansey|100/100 par\n|move|p1a: Starmie|Recover|p1a: Starmie\n|-heal|p1a: Starmie|100/100\n|\n|upkeep\n|turn|22\n|inactive|Abucketofchubs has 270 seconds left.\n|\n|t:|1783282082\n|switch|p1a: Jynx|Jynx|79/100 slp\n|cant|p2a: Chansey|par\n|\n|upkeep\n|turn|23\n|\n|t:|1783282086\n|switch|p2a: Tauros|Tauros|59/100\n|-curestatus|p1a: Jynx|slp|[msg]\n|\n|upkeep\n|turn|24\n|\n|t:|1783282094\n|switch|p1a: Gengar|Gengar|100/100\n|move|p2a: Tauros|Body Slam|p1a: Gengar\n|-immune|p1a: Gengar\n|\n|upkeep\n|turn|25\n|\n|t:|1783282104\n|move|p2a: Tauros|Earthquake|p1a: Gengar\n|-supereffective|p1a: Gengar\n|-damage|p1a: Gengar|35/100\n|move|p1a: Gengar|Thunderbolt|p2a: Tauros\n|-damage|p2a: Tauros|29/100\n|\n|upkeep\n|turn|26\n|\n|t:|1783282123\n|switch|p1a: Starmie|Starmie|100/100\n|switch|p2a: Chansey|Chansey|100/100 par\n|\n|upkeep\n|turn|27\n|\n|t:|1783282142\n|switch|p1a: Jynx|Jynx|79/100\n|move|p2a: Chansey|Thunder Wave|p1a: Jynx\n|-status|p1a: Jynx|par\n|\n|upkeep\n|turn|28\n|\n|t:|1783282150\n|move|p1a: Jynx|Body Slam|p2a: Chansey\n|-damage|p2a: Chansey|83/100 par\n|move|p2a: Chansey|Ice Beam|p1a: Jynx\n|-resisted|p1a: Jynx\n|-damage|p1a: Jynx|67/100 par\n|\n|upkeep\n|turn|29\n|\n|t:|1783282154\n|cant|p1a: Jynx|par\n|move|p2a: Chansey|Soft-Boiled|p2a: Chansey\n|-heal|p2a: Chansey|100/100 par\n|\n|upkeep\n|turn|30\n|\n|t:|1783282164\n|move|p1a: Jynx|Blizzard|p2a: Chansey\n|-damage|p2a: Chansey|80/100 par\n|move|p2a: Chansey|Ice Beam|p1a: Jynx\n|-resisted|p1a: Jynx\n|-damage|p1a: Jynx|54/100 par\n|\n|upkeep\n|turn|31\n|\n|t:|1783282168\n|switch|p2a: Starmie|Starmie|90/100\n|move|p1a: Jynx|Body Slam|p2a: Starmie\n|-damage|p2a: Starmie|75/100\n|\n|upkeep\n|turn|32\n|\n|t:|1783282181\n|move|p2a: Starmie|Surf|p1a: Jynx\n|-damage|p1a: Jynx|19/100 par\n|move|p1a: Jynx|Body Slam|p2a: Starmie\n|-damage|p2a: Starmie|61/100\n|-status|p2a: Starmie|par\n|\n|upkeep\n|turn|33\n|\n|t:|1783282205\n|move|p2a: Starmie|Thunderbolt|p1a: Jynx\n|-damage|p1a: Jynx|0 fnt\n|faint|p1a: Jynx\n|\n|t:|1783282214\n|switch|p1a: Gengar|Gengar|35/100\n|turn|34\n|\n|t:|1783282218\n|switch|p2a: Exeggutor|Exeggutor|100/100 slp\n|move|p1a: Gengar|Thunderbolt|p2a: Exeggutor\n|-resisted|p2a: Exeggutor\n|-damage|p2a: Exeggutor|92/100 slp\n|\n|upkeep\n|turn|35\n|\n|t:|1783282233\n|switch|p1a: Tauros|Tauros|100/100\n|switch|p2a: Chansey|Chansey|80/100 par\n|\n|upkeep\n|turn|36\n|\n|t:|1783282255\n|switch|p1a: Gengar|Gengar|35/100\n|move|p2a: Chansey|Thunder Wave|p1a: Gengar\n|-status|p1a: Gengar|par\n|\n|upkeep\n|turn|37\n|\n|t:|1783282261\n|switch|p2a: Exeggutor|Exeggutor|92/100 slp\n|cant|p1a: Gengar|par\n|\n|upkeep\n|turn|38\n|\n|t:|1783282265\n|switch|p2a: Chansey|Chansey|80/100 par\n|cant|p1a: Gengar|par\n|\n|upkeep\n|turn|39\n|\n|t:|1783282272\n|move|p1a: Gengar|Explosion|p2a: Chansey\n|-crit|p2a: Chansey\n|-damage|p2a: Chansey|0 fnt\n|faint|p2a: Chansey\n|faint|p1a: Gengar\n|\n|t:|1783282288\n|switch|p1a: Starmie|Starmie|100/100\n|switch|p2a: Alakazam|Alakazam|100/100\n|turn|40\n|\n|t:|1783282293\n|move|p2a: Alakazam|Thunder Wave|p1a: Starmie\n|-status|p1a: Starmie|par\n|move|p1a: Starmie|Thunder Wave|p2a: Alakazam\n|-status|p2a: Alakazam|par\n|\n|upkeep\n|turn|41\n|\n|t:|1783282305\n|move|p2a: Alakazam|Psychic|p1a: Starmie\n|-resisted|p1a: Starmie\n|-damage|p1a: Starmie|82/100 par\n|-unboost|p1a: Starmie|spa|1\n|-unboost|p1a: Starmie|spd|1\n|move|p1a: Starmie|Surf|p2a: Alakazam\n|-damage|p2a: Alakazam|80/100 par\n|\n|upkeep\n|turn|42\n|\n|t:|1783282309\n|move|p2a: Alakazam|Recover|p2a: Alakazam\n|-heal|p2a: Alakazam|100/100 par\n|move|p1a: Starmie|Recover|p1a: Starmie\n|-heal|p1a: Starmie|100/100 par\n|\n|upkeep\n|turn|43\n|\n|t:|1783282327\n|switch|p1a: Snorlax|Snorlax|62/100 slp\n|move|p2a: Alakazam|Psychic|p1a: Snorlax\n|-damage|p1a: Snorlax|28/100 slp\n|-unboost|p1a: Snorlax|spa|1\n|-unboost|p1a: Snorlax|spd|1\n|\n|upkeep\n|turn|44\n|\n|t:|1783282356\n|cant|p1a: Snorlax|slp\n|move|p2a: Alakazam|Psychic|p1a: Snorlax\n|-damage|p1a: Snorlax|0 fnt\n|faint|p1a: Snorlax\n|\n|t:|1783282361\n|switch|p1a: Exeggutor|Exeggutor|8/100\n|turn|45\n|\n|t:|1783282365\n|switch|p2a: Exeggutor|Exeggutor|92/100 slp\n|move|p1a: Exeggutor|Psychic|p2a: Exeggutor\n|-resisted|p2a: Exeggutor\n|-damage|p2a: Exeggutor|79/100 slp\n|\n|upkeep\n|turn|46\n|\n|t:|1783282368\n|switch|p1a: Tauros|Tauros|100/100\n|cant|p2a: Exeggutor|slp\n|\n|upkeep\n|turn|47\n|\n|t:|1783282371\n|move|p1a: Tauros|Body Slam|p2a: Exeggutor\n|-damage|p2a: Exeggutor|49/100 slp\n|cant|p2a: Exeggutor|slp\n|\n|upkeep\n|turn|48\n|\n|t:|1783282373\n|move|p1a: Tauros|Body Slam|p2a: Exeggutor\n|-damage|p2a: Exeggutor|20/100 slp\n|cant|p2a: Exeggutor|slp\n|\n|upkeep\n|turn|49\n|\n|t:|1783282376\n|move|p1a: Tauros|Body Slam|p2a: Exeggutor\n|-damage|p2a: Exeggutor|0 fnt\n|faint|p2a: Exeggutor\n|\n|t:|1783282377\n|switch|p2a: Snorlax|Snorlax|100/100\n|turn|50\n|inactive|TheStupe has 270 seconds left.\n|\n|t:|1783282416\n|move|p1a: Tauros|Blizzard|p2a: Snorlax\n|-damage|p2a: Snorlax|82/100\n|move|p2a: Snorlax|Body Slam|p1a: Tauros\n|-damage|p1a: Tauros|71/100\n|\n|upkeep\n|turn|51\n|inactive|TheStupe has 270 seconds left.\n|inactive|TheStupe has 240 seconds left.\n|\n|t:|1783282459\n|switch|p1a: Exeggutor|Exeggutor|8/100\n|move|p2a: Snorlax|Body Slam|p1a: Exeggutor\n|-damage|p1a: Exeggutor|0 fnt\n|faint|p1a: Exeggutor\n|\n|t:|1783282461\n|switch|p1a: Starmie|Starmie|100/100 par\n|turn|52\n|\n|t:|1783282473\n|switch|p2a: Starmie|Starmie|61/100 par\n|move|p1a: Starmie|Thunder Wave|p2a: Starmie\n|-fail|p2a: Starmie|par\n|\n|upkeep\n|turn|53\n|\n|t:|1783282480\n|move|p1a: Starmie|Thunderbolt|p2a: Starmie\n|-supereffective|p2a: Starmie\n|-damage|p2a: Starmie|17/100 par\n|move|p2a: Starmie|Thunderbolt|p1a: Starmie\n|-supereffective|p1a: Starmie\n|-damage|p1a: Starmie|53/100 par\n|\n|upkeep\n|turn|54\n|\n|t:|1783282490\n|move|p1a: Starmie|Recover|p1a: Starmie\n|-heal|p1a: Starmie|100/100 par\n|move|p2a: Starmie|Thunderbolt|p1a: Starmie\n|-supereffective|p1a: Starmie\n|-damage|p1a: Starmie|58/100 par\n|\n|upkeep\n|turn|55\n|\n|t:|1783282494\n|move|p1a: Starmie|Thunderbolt|p2a: Starmie\n|-supereffective|p2a: Starmie\n|-damage|p2a: Starmie|0 fnt\n|faint|p2a: Starmie\n|\n|t:|1783282495\n|switch|p2a: Tauros|Tauros|29/100\n|turn|56\n|inactive|TheStupe has 270 seconds left.\n|inactive|TheStupe has 240 seconds left.\n|\n|t:|1783282558\n|move|p2a: Tauros|Hyper Beam|p1a: Starmie\n|-damage|p1a: Starmie|0 fnt\n|faint|p1a: Starmie\n|\n|t:|1783282560\n|switch|p1a: Tauros|Tauros|71/100\n|turn|57\n|\n|t:|1783282569\n|move|p2a: Tauros|Hyper Beam|p1a: Tauros\n|-damage|p1a: Tauros|23/100\n|-mustrecharge|p2a: Tauros\n|move|p1a: Tauros|Hyper Beam|p2a: Tauros|[miss]\n|-miss|p1a: Tauros\n|\n|upkeep\n|turn|58\n|\n|t:|1783282574\n|cant|p2a: Tauros|recharge\n|move|p1a: Tauros|Hyper Beam|p2a: Tauros\n|-damage|p2a: Tauros|0 fnt\n|faint|p2a: Tauros\n|\n|t:|1783282583\n|switch|p2a: Alakazam|Alakazam|100/100 par\n|turn|59\n|\n|t:|1783282586\n|move|p1a: Tauros|Body Slam|p2a: Alakazam\n|-damage|p2a: Alakazam|49/100 par\n|cant|p2a: Alakazam|par\n|\n|upkeep\n|turn|60\n|\n|t:|1783282590\n|move|p1a: Tauros|Body Slam|p2a: Alakazam\n|-damage|p2a: Alakazam|0 fnt\n|faint|p2a: Alakazam\n|\n|t:|1783282592\n|switch|p2a: Snorlax|Snorlax|82/100\n|turn|61\n|inactive|TheStupe has 270 seconds left.\n|\n|t:|1783282620\n|move|p1a: Tauros|Hyper Beam|p2a: Snorlax\n|-crit|p2a: Snorlax\n|-damage|p2a: Snorlax|0 fnt\n|faint|p2a: Snorlax\n|\n|win|TheStupe\n|c|☆TheStupe|mb gg\n|c|☆Abucketofchubs|k \n|c|☆Abucketofchubs|lmao \n|player|p2|\n|player|p1|\n|player|p1|TheStupe|psychicf-gen4|\n","uploadtime":1783282620,"views":"63","formatid":"gen1ou","rating":null,"private":0,"password":null}