{"id":"smogtours-gen1ou-965187","format":"[Gen 1] OU","players":["Amaranth","Laroxyl"],"log":"|inactive|Battle timer is ON: inactive players will automatically lose when time's up.\n|t:|1787322821\n|gametype|singles\n|player|p1|Amaranth|#amaranth|\n|player|p2|Laroxyl|#wcop2026italy2|\n|gen|1\n|tier|[Gen 1] OU\n|rule|Desync Clause Mod: Desyncs resolve to link battle behavior from the acting player's perspective.\n|rule|HP Percentage Mod: HP is shown in percentages\n|rule|Endless Battle Clause: Forcing endless battles is banned\n|rule|Sleep Clause Mod: Limit one foe put to sleep\n|rule|Freeze Clause Mod: Limit one foe frozen\n|rule|Species Clause: Limit one of each Pokémon\n|rule|OHKO Clause: OHKO moves are banned\n|rule|Evasion Moves Clause: Evasion moves are banned\n|\n|t:|1787322821\n|teamsize|p1|6\n|teamsize|p2|6\n|start\n|switch|p1a: Alakazam|Alakazam|100/100\n|switch|p2a: Jynx|Jynx|100/100\n|turn|1\n|c|☆Amaranth|glhf\n|c|☆Laroxyl|u2\n|\n|t:|1787322836\n|move|p1a: Alakazam|Thunder Wave|p2a: Jynx\n|-status|p2a: Jynx|par\n|cant|p2a: Jynx|par\n|\n|upkeep\n|turn|2\n|\n|t:|1787322838\n|move|p1a: Alakazam|Seismic Toss|p2a: Jynx\n|-damage|p2a: Jynx|70/100 par\n|cant|p2a: Jynx|par\n|\n|upkeep\n|turn|3\n|\n|t:|1787322843\n|move|p1a: Alakazam|Psychic|p2a: Jynx\n|-resisted|p2a: Jynx\n|-damage|p2a: Jynx|49/100 par\n|move|p2a: Jynx|Lovely Kiss|p1a: Alakazam\n|-status|p1a: Alakazam|slp|[from] move: Lovely Kiss\n|\n|upkeep\n|turn|4\n|\n|t:|1787322849\n|switch|p1a: Chansey|Chansey|100/100\n|cant|p2a: Jynx|par\n|\n|upkeep\n|turn|5\n|\n|t:|1787322852\n|move|p1a: Chansey|Seismic Toss|p2a: Jynx\n|-damage|p2a: Jynx|19/100 par\n|move|p2a: Jynx|Rest|p2a: Jynx\n|-status|p2a: Jynx|slp|[from] move: Rest\n|-heal|p2a: Jynx|100/100 slp|[silent]\n|\n|upkeep\n|turn|6\n|\n|t:|1787322855\n|move|p1a: Chansey|Seismic Toss|p2a: Jynx\n|-damage|p2a: Jynx|70/100 slp\n|cant|p2a: Jynx|slp\n|\n|upkeep\n|turn|7\n|\n|t:|1787322858\n|move|p1a: Chansey|Seismic Toss|p2a: Jynx\n|-damage|p2a: Jynx|40/100 slp\n|-curestatus|p2a: Jynx|slp|[msg]\n|\n|upkeep\n|turn|8\n|\n|t:|1787322866\n|move|p1a: Chansey|Seismic Toss|p2a: Jynx\n|-damage|p2a: Jynx|10/100\n|move|p2a: Jynx|Rest|p2a: Jynx\n|-status|p2a: Jynx|slp|[from] move: Rest\n|-heal|p2a: Jynx|100/100 slp|[silent]\n|\n|upkeep\n|turn|9\n|\n|t:|1787322870\n|move|p1a: Chansey|Seismic Toss|p2a: Jynx\n|-damage|p2a: Jynx|70/100 slp\n|cant|p2a: Jynx|slp\n|\n|upkeep\n|turn|10\n|\n|t:|1787322872\n|move|p1a: Chansey|Seismic Toss|p2a: Jynx\n|-damage|p2a: Jynx|40/100 slp\n|-curestatus|p2a: Jynx|slp|[msg]\n|\n|upkeep\n|turn|11\n|\n|t:|1787322878\n|move|p1a: Chansey|Seismic Toss|p2a: Jynx\n|-damage|p2a: Jynx|10/100\n|move|p2a: Jynx|Rest|p2a: Jynx\n|-status|p2a: Jynx|slp|[from] move: Rest\n|-heal|p2a: Jynx|100/100 slp|[silent]\n|\n|upkeep\n|turn|12\n|\n|t:|1787322880\n|move|p1a: Chansey|Seismic Toss|p2a: Jynx\n|-damage|p2a: Jynx|70/100 slp\n|cant|p2a: Jynx|slp\n|\n|upkeep\n|turn|13\n|\n|t:|1787322881\n|move|p1a: Chansey|Seismic Toss|p2a: Jynx\n|-damage|p2a: Jynx|40/100 slp\n|-curestatus|p2a: Jynx|slp|[msg]\n|\n|upkeep\n|turn|14\n|\n|t:|1787322887\n|switch|p1a: Tauros|Tauros|100/100\n|move|p2a: Jynx|Rest|p2a: Jynx\n|-status|p2a: Jynx|slp|[from] move: Rest\n|-heal|p2a: Jynx|100/100 slp|[silent]\n|\n|upkeep\n|turn|15\n|\n|t:|1787322891\n|switch|p2a: Snorlax|Snorlax|100/100\n|move|p1a: Tauros|Body Slam|p2a: Snorlax\n|-damage|p2a: Snorlax|75/100\n|\n|upkeep\n|turn|16\n|\n|t:|1787322905\n|switch|p1a: Snorlax|Snorlax|100/100\n|move|p2a: Snorlax|Counter|p1a: Snorlax\n|-damage|p1a: Snorlax|50/100\n|\n|upkeep\n|turn|17\n|inactive|Laroxyl has 270 seconds left.\n|\n|t:|1787322936\n|switch|p1a: Chansey|Chansey|100/100\n|switch|p2a: Exeggutor|Exeggutor|100/100\n|\n|upkeep\n|turn|18\n|inactive|Laroxyl has 270 seconds left.\n|\n|t:|1787322950\n|move|p2a: Exeggutor|Stun Spore|p1a: Chansey|[miss]\n|-miss|p2a: Exeggutor\n|move|p1a: Chansey|Thunder Wave|p2a: Exeggutor\n|-status|p2a: Exeggutor|par\n|\n|upkeep\n|turn|19\n|\n|t:|1787322957\n|move|p1a: Chansey|Seismic Toss|p2a: Exeggutor\n|-damage|p2a: Exeggutor|75/100 par\n|move|p2a: Exeggutor|Stun Spore|p1a: Chansey\n|-status|p1a: Chansey|par\n|\n|upkeep\n|turn|20\n|\n|t:|1787322970\n|switch|p1a: Alakazam|Alakazam|100/100 slp\n|cant|p2a: Exeggutor|par\n|\n|upkeep\n|turn|21\n|\n|t:|1787322986\n|cant|p1a: Alakazam|slp\n|move|p2a: Exeggutor|Psychic|p1a: Alakazam\n|-resisted|p1a: Alakazam\n|-damage|p1a: Alakazam|86/100 slp\n|\n|upkeep\n|turn|22\n|\n|t:|1787322994\n|switch|p1a: Snorlax|Snorlax|50/100\n|cant|p2a: Exeggutor|par\n|\n|upkeep\n|turn|23\n|\n|t:|1787322998\n|move|p1a: Snorlax|Body Slam|p2a: Exeggutor\n|-damage|p2a: Exeggutor|47/100 par\n|cant|p2a: Exeggutor|par\n|\n|upkeep\n|turn|24\n|\n|t:|1787323020\n|move|p1a: Snorlax|Body Slam|p2a: Exeggutor\n|-damage|p2a: Exeggutor|16/100 par\n|move|p2a: Exeggutor|Psychic|p1a: Snorlax\n|-damage|p1a: Snorlax|21/100\n|\n|upkeep\n|turn|25\n|\n|t:|1787323030\n|move|p1a: Snorlax|Rest|p1a: Snorlax\n|-status|p1a: Snorlax|slp|[from] move: Rest\n|-heal|p1a: Snorlax|100/100 slp|[silent]\n|move|p2a: Exeggutor|Psychic|p1a: Snorlax\n|-damage|p1a: Snorlax|70/100 slp\n|\n|upkeep\n|turn|26\n|\n|t:|1787323034\n|cant|p1a: Snorlax|slp\n|move|p2a: Exeggutor|Psychic|p1a: Snorlax\n|-damage|p1a: Snorlax|41/100 slp\n|\n|upkeep\n|turn|27\n|\n|t:|1787323039\n|-curestatus|p1a: Snorlax|slp|[msg]\n|move|p2a: Exeggutor|Explosion|p1a: Snorlax\n|-damage|p1a: Snorlax|0 fnt\n|faint|p1a: Snorlax\n|faint|p2a: Exeggutor\n|inactive|Laroxyl has 270 seconds left.\n|\n|t:|1787323074\n|switch|p1a: Exeggutor|Exeggutor|100/100\n|switch|p2a: Starmie|Starmie|100/100\n|turn|28\n|inactive|Laroxyl has 270 seconds left.\n|\n|t:|1787323098\n|switch|p2a: Jynx|Jynx|100/100 slp\n|move|p1a: Exeggutor|Sleep Powder|p2a: Jynx|[miss]\n|-miss|p1a: Exeggutor\n|\n|upkeep\n|turn|29\n|\n|t:|1787323118\n|cant|p2a: Jynx|slp\n|move|p1a: Exeggutor|Psychic|p2a: Jynx\n|-resisted|p2a: Jynx\n|-damage|p2a: Jynx|82/100 slp\n|-unboost|p2a: Jynx|spa|1\n|-unboost|p2a: Jynx|spd|1\n|\n|upkeep\n|turn|30\n|\n|t:|1787323132\n|-curestatus|p2a: Jynx|slp|[msg]\n|move|p1a: Exeggutor|Sleep Powder|p2a: Jynx|[miss]\n|-miss|p1a: Exeggutor\n|\n|upkeep\n|turn|31\n|inactive|Laroxyl has 240 seconds left.\n|\n|t:|1787323162\n|switch|p1a: Chansey|Chansey|100/100 par\n|move|p2a: Jynx|Blizzard|p1a: Chansey|[miss]\n|-miss|p2a: Jynx\n|\n|upkeep\n|turn|32\n|inactive|Laroxyl has 240 seconds left.\n|\n|t:|1787323188\n|switch|p2a: Chansey|Chansey|100/100\n|move|p1a: Chansey|Reflect|p1a: Chansey\n|-start|p1a: Chansey|Reflect\n|\n|upkeep\n|turn|33\n|\n|t:|1787323196\n|move|p2a: Chansey|Thunder Wave|p1a: Chansey\n|-fail|p1a: Chansey|par\n|move|p1a: Chansey|Seismic Toss|p2a: Chansey\n|-damage|p2a: Chansey|86/100\n|\n|upkeep\n|turn|34\n|\n|t:|1787323198\n|move|p2a: Chansey|Thunder Wave|p1a: Chansey\n|-fail|p1a: Chansey|par\n|move|p1a: Chansey|Seismic Toss|p2a: Chansey\n|-damage|p2a: Chansey|72/100\n|\n|upkeep\n|turn|35\n|\n|t:|1787323201\n|move|p2a: Chansey|Thunder Wave|p1a: Chansey\n|-fail|p1a: Chansey|par\n|move|p1a: Chansey|Seismic Toss|p2a: Chansey\n|-damage|p2a: Chansey|58/100\n|\n|upkeep\n|turn|36\n|\n|t:|1787323203\n|move|p2a: Chansey|Thunder Wave|p1a: Chansey\n|-fail|p1a: Chansey|par\n|move|p1a: Chansey|Seismic Toss|p2a: Chansey\n|-damage|p2a: Chansey|44/100\n|\n|upkeep\n|turn|37\n|\n|t:|1787323216\n|switch|p1a: Exeggutor|Exeggutor|100/100\n|move|p2a: Chansey|Thunder Wave|p1a: Exeggutor\n|-status|p1a: Exeggutor|par\n|\n|upkeep\n|turn|38\n|\n|t:|1787323223\n|switch|p2a: Jynx|Jynx|82/100\n|switch|p1a: Tauros|Tauros|100/100\n|\n|upkeep\n|turn|39\n|inactive|Laroxyl has 270 seconds left.\n|\n|t:|1787323247\n|switch|p1a: Exeggutor|Exeggutor|100/100 par\n|switch|p2a: Starmie|Starmie|100/100\n|\n|upkeep\n|turn|40\n|\n|t:|1787323259\n|switch|p2a: Jynx|Jynx|82/100\n|move|p1a: Exeggutor|Sleep Powder|p2a: Jynx\n|-status|p2a: Jynx|slp|[from] move: Sleep Powder\n|\n|upkeep\n|turn|41\n|\n|t:|1787323280\n|switch|p2a: Starmie|Starmie|100/100\n|switch|p1a: Tauros|Tauros|100/100\n|\n|upkeep\n|turn|42\n|inactive|Laroxyl has 240 seconds left.\n|inactive|Laroxyl has 210 seconds left.\n|\n|t:|1787323338\n|switch|p2a: Chansey|Chansey|44/100\n|switch|p1a: Chansey|Chansey|100/100 par\n|\n|upkeep\n|turn|43\n|\n|t:|1787323347\n|move|p2a: Chansey|Soft-Boiled|p2a: Chansey\n|-heal|p2a: Chansey|94/100\n|move|p1a: Chansey|Thunder Wave|p2a: Chansey\n|-status|p2a: Chansey|par\n|\n|upkeep\n|turn|44\n|inactive|Laroxyl has 210 seconds left.\n|\n|t:|1787323353\n|move|p2a: Chansey|Reflect|p2a: Chansey\n|-start|p2a: Chansey|Reflect\n|move|p1a: Chansey|Reflect|p1a: Chansey\n|-start|p1a: Chansey|Reflect\n|\n|upkeep\n|turn|45\n|\n|t:|1787323360\n|move|p1a: Chansey|Reflect|p1a: Chansey\n|-fail|p1a: Chansey\n|move|p2a: Chansey|Seismic Toss|p1a: Chansey\n|-damage|p1a: Chansey|86/100 par\n|\n|upkeep\n|turn|46\n|\n|t:|1787323363\n|cant|p2a: Chansey|par\n|move|p1a: Chansey|Reflect|p1a: Chansey\n|-fail|p1a: Chansey\n|\n|upkeep\n|turn|47\n|\n|t:|1787323365\n|move|p2a: Chansey|Seismic Toss|p1a: Chansey\n|-damage|p1a: Chansey|72/100 par\n|move|p1a: Chansey|Reflect|p1a: Chansey\n|-fail|p1a: Chansey\n|\n|upkeep\n|turn|48\n|inactive|Laroxyl has 240 seconds left.\n|\n|t:|1787323371\n|move|p2a: Chansey|Reflect|p2a: Chansey\n|-fail|p2a: Chansey\n|cant|p1a: Chansey|par\n|\n|upkeep\n|turn|49\n|\n|t:|1787323377\n|move|p2a: Chansey|Reflect|p2a: Chansey\n|-fail|p2a: Chansey\n|move|p1a: Chansey|Reflect|p1a: Chansey\n|-fail|p1a: Chansey\n|\n|upkeep\n|turn|50\n|\n|t:|1787323388\n|move|p1a: Chansey|Reflect|p1a: Chansey\n|-fail|p1a: Chansey\n|move|p2a: Chansey|Reflect|p2a: Chansey\n|-fail|p2a: Chansey\n|\n|upkeep\n|turn|51\n|\n|t:|1787323392\n|cant|p1a: Chansey|par\n|move|p2a: Chansey|Reflect|p2a: Chansey\n|-fail|p2a: Chansey\n|\n|upkeep\n|turn|52\n|\n|t:|1787323396\n|move|p2a: Chansey|Reflect|p2a: Chansey\n|-fail|p2a: Chansey\n|move|p1a: Chansey|Reflect|p1a: Chansey\n|-fail|p1a: Chansey\n|\n|upkeep\n|turn|53\n|\n|t:|1787323400\n|move|p1a: Chansey|Reflect|p1a: Chansey\n|-fail|p1a: Chansey\n|cant|p2a: Chansey|par\n|\n|upkeep\n|turn|54\n|\n|t:|1787323406\n|cant|p1a: Chansey|par\n|move|p2a: Chansey|Reflect|p2a: Chansey\n|-fail|p2a: Chansey\n|\n|upkeep\n|turn|55\n|\n|t:|1787323416\n|move|p1a: Chansey|Thunder Wave|p2a: Chansey\n|-fail|p2a: Chansey|par\n|cant|p2a: Chansey|par\n|\n|upkeep\n|turn|56\n|\n|t:|1787323422\n|move|p2a: Chansey|Reflect|p2a: Chansey\n|-fail|p2a: Chansey\n|move|p1a: Chansey|Reflect|p1a: Chansey\n|-fail|p1a: Chansey\n|\n|upkeep\n|turn|57\n|\n|t:|1787323428\n|cant|p1a: Chansey|par\n|move|p2a: Chansey|Reflect|p2a: Chansey\n|-fail|p2a: Chansey\n|\n|upkeep\n|turn|58\n|\n|t:|1787323432\n|switch|p2a: Jynx|Jynx|82/100 slp\n|move|p1a: Chansey|Reflect|p1a: Chansey\n|-fail|p1a: Chansey\n|\n|upkeep\n|turn|59\n|\n|t:|1787323445\n|switch|p2a: Chansey|Chansey|94/100 par\n|switch|p1a: Tauros|Tauros|100/100\n|\n|upkeep\n|turn|60\n|\n|t:|1787323461\n|switch|p1a: Exeggutor|Exeggutor|100/100 par\n|cant|p2a: Chansey|par\n|\n|upkeep\n|turn|61\n|inactive|Laroxyl has 270 seconds left.\n|\n|t:|1787323492\n|cant|p1a: Exeggutor|par\n|move|p2a: Chansey|Reflect|p2a: Chansey\n|-start|p2a: Chansey|Reflect\n|\n|upkeep\n|turn|62\n|inactive|Laroxyl has 270 seconds left.\n|\n|t:|1787323500\n|switch|p1a: Chansey|Chansey|72/100 par\n|move|p2a: Chansey|Seismic Toss|p1a: Chansey\n|-damage|p1a: Chansey|58/100 par\n|\n|upkeep\n|turn|63\n|\n|t:|1787323508\n|move|p2a: Chansey|Seismic Toss|p1a: Chansey\n|-damage|p1a: Chansey|44/100 par\n|cant|p1a: Chansey|par\n|\n|upkeep\n|turn|64\n|\n|t:|1787323515\n|switch|p2a: Snorlax|Snorlax|75/100\n|move|p1a: Chansey|Thunder Wave|p2a: Snorlax\n|-status|p2a: Snorlax|par\n|\n|upkeep\n|turn|65\n|\n|t:|1787323526\n|cant|p1a: Chansey|par\n|move|p2a: Snorlax|Body Slam|p1a: Chansey\n|-crit|p1a: Chansey\n|-damage|p1a: Chansey|0 fnt\n|faint|p1a: Chansey\n|\n|t:|1787323533\n|switch|p1a: Exeggutor|Exeggutor|100/100 par\n|turn|66\n|\n|t:|1787323557\n|move|p1a: Exeggutor|Psychic|p2a: Snorlax\n|-damage|p2a: Snorlax|43/100 par\n|-unboost|p2a: Snorlax|spa|1\n|-unboost|p2a: Snorlax|spd|1\n|move|p2a: Snorlax|Self-Destruct|p1a: Exeggutor\n|-damage|p1a: Exeggutor|12/100 par\n|faint|p2a: Snorlax\n|inactive|Laroxyl has 270 seconds left.\n|\n|t:|1787323576\n|switch|p2a: Tauros|Tauros|100/100\n|turn|67\n|\n|t:|1787323583\n|move|p2a: Tauros|Body Slam|p1a: Exeggutor\n|-damage|p1a: Exeggutor|0 fnt\n|faint|p1a: Exeggutor\n|\n|t:|1787323584\n|switch|p1a: Tauros|Tauros|100/100\n|turn|68\n|\n|t:|1787323598\n|move|p1a: Tauros|Body Slam|p2a: Tauros\n|-crit|p2a: Tauros\n|-damage|p2a: Tauros|43/100\n|move|p2a: Tauros|Body Slam|p1a: Tauros\n|-damage|p1a: Tauros|73/100\n|\n|upkeep\n|turn|69\n|inactive|Laroxyl has 270 seconds left.\n|inactive|Amaranth has 270 seconds left.\n|inactive|Laroxyl has 240 seconds left.\n|inactive|Amaranth has 240 seconds left.\n|inactive|Laroxyl has 210 seconds left.\n|inactive|Laroxyl has 180 seconds left.\n|\n|t:|1787323718\n|move|p1a: Tauros|Hyper Beam|p2a: Tauros\n|-damage|p2a: Tauros|0 fnt\n|faint|p2a: Tauros\n|\n|t:|1787323724\n|switch|p2a: Starmie|Starmie|100/100\n|turn|70\n|inactive|Laroxyl has 180 seconds left.\n|\n|t:|1787323735\n|switch|p1a: Alakazam|Alakazam|86/100 slp\n|move|p2a: Starmie|Thunder Wave|p1a: Alakazam\n|-fail|p1a: Alakazam\n|\n|upkeep\n|turn|71\n|inactive|Laroxyl has 180 seconds left.\n|\n|t:|1787323746\n|cant|p1a: Alakazam|slp\n|move|p2a: Starmie|Thunderbolt|p1a: Alakazam\n|-damage|p1a: Alakazam|66/100 slp\n|\n|upkeep\n|turn|72\n|\n|t:|1787323750\n|cant|p1a: Alakazam|slp\n|move|p2a: Starmie|Thunderbolt|p1a: Alakazam\n|-damage|p1a: Alakazam|47/100 slp\n|\n|upkeep\n|turn|73\n|\n|t:|1787323752\n|cant|p1a: Alakazam|slp\n|move|p2a: Starmie|Blizzard|p1a: Alakazam\n|-damage|p1a: Alakazam|24/100 slp\n|\n|upkeep\n|turn|74\n|\n|t:|1787323758\n|cant|p1a: Alakazam|slp\n|move|p2a: Starmie|Blizzard|p1a: Alakazam\n|-damage|p1a: Alakazam|0 fnt\n|faint|p1a: Alakazam\n|\n|t:|1787323760\n|switch|p1a: Zapdos|Zapdos|100/100\n|turn|75\n|inactive|Laroxyl has 210 seconds left.\n|\n|t:|1787323768\n|switch|p2a: Jynx|Jynx|82/100 slp\n|move|p1a: Zapdos|Thunderbolt|p2a: Jynx\n|-damage|p2a: Jynx|41/100 slp\n|\n|upkeep\n|turn|76\n|\n|t:|1787323777\n|move|p1a: Zapdos|Drill Peck|p2a: Jynx\n|-damage|p2a: Jynx|0 fnt\n|faint|p2a: Jynx\n|\n|t:|1787323779\n|switch|p2a: Chansey|Chansey|94/100 par\n|turn|77\n|inactive|Laroxyl has 210 seconds left.\n|inactive|Amaranth has 270 seconds left.\n|\n|t:|1787323823\n|move|p1a: Zapdos|Drill Peck|p2a: Chansey\n|-damage|p2a: Chansey|60/100 par\n|cant|p2a: Chansey|par\n|\n|upkeep\n|turn|78\n|\n|t:|1787323830\n|move|p1a: Zapdos|Drill Peck|p2a: Chansey\n|-damage|p2a: Chansey|25/100 par\n|cant|p2a: Chansey|par\n|\n|upkeep\n|turn|79\n|\n|t:|1787323840\n|move|p1a: Zapdos|Drill Peck|p2a: Chansey\n|-damage|p2a: Chansey|0 fnt\n|faint|p2a: Chansey\n|\n|t:|1787323842\n|switch|p2a: Starmie|Starmie|100/100\n|turn|80\n|inactive|Laroxyl has 210 seconds left.\n|\n|t:|1787323866\n|move|p2a: Starmie|Blizzard|p1a: Zapdos\n|-supereffective|p1a: Zapdos\n|-damage|p1a: Zapdos|58/100\n|move|p1a: Zapdos|Thunderbolt|p2a: Starmie\n|-supereffective|p2a: Starmie\n|-damage|p2a: Starmie|18/100\n|-status|p2a: Starmie|par\n|\n|upkeep\n|turn|81\n|inactive|Laroxyl has 210 seconds left.\n|c|☆Amaranth|gg sry\n|c|☆Laroxyl|gg\n|\n|t:|1787323877\n|move|p1a: Zapdos|Thunderbolt|p2a: Starmie\n|-crit|p2a: Starmie\n|-supereffective|p2a: Starmie\n|-damage|p2a: Starmie|0 fnt\n|faint|p2a: Starmie\n|\n|win|Amaranth\n","uploadtime":1787323877,"views":"110","formatid":"gen1ou","rating":null,"private":0,"password":null}