{"id":"smogtours-gen1ou-824918","format":"[Gen 1] OU","players":["Serpi n_n","chuva de perereca"],"log":"|inactive|Battle timer is ON: inactive players will automatically lose when time's up.\n|t:|1742056581\n|gametype|singles\n|player|p1|Serpi n_n|#splxviraiders|\n|player|p2|chuva de perereca|lyra|\n|teamsize|p1|6\n|teamsize|p2|6\n|gen|1\n|tier|[Gen 1] OU\n|rule|Desync Clause Mod: Desyncs changed to move failure.\n|rule|Sleep Clause Mod: Limit one foe put to sleep\n|rule|Freeze Clause Mod: Limit one foe frozen\n|rule|Species Clause: Limit one of each Pokémon\n|rule|OHKO Clause: OHKO moves are banned\n|rule|Evasion Moves Clause: Evasion moves are banned\n|rule|Endless Battle Clause: Forcing endless battles is banned\n|rule|HP Percentage Mod: HP is shown in percentages\n|\n|t:|1742056581\n|start\n|switch|p1a: Alakazam|Alakazam|100/100\n|switch|p2a: Starmie|Starmie|100/100\n|turn|1\n|c|☆chuva de perereca|hf\n|c|☆Serpi n_n|u2\n|inactive|Serpi n_n has 270 seconds left.\n|\n|t:|1742056635\n|switch|p1a: Jynx|Jynx|100/100\n|switch|p2a: Chansey|Chansey|100/100\n|\n|upkeep\n|turn|2\n|\n|t:|1742056641\n|switch|p2a: Exeggutor|Exeggutor|100/100\n|move|p1a: Jynx|Lovely Kiss|p2a: Exeggutor\n|-status|p2a: Exeggutor|slp|[from] move: Lovely Kiss\n|\n|upkeep\n|turn|3\n|\n|t:|1742056670\n|switch|p2a: Starmie|Starmie|100/100\n|move|p1a: Jynx|Blizzard|p2a: Starmie\n|-resisted|p2a: Starmie\n|-damage|p2a: Starmie|80/100\n|\n|upkeep\n|turn|4\n|inactive|Serpi n_n has 270 seconds left.\n|rated|Smogon Premier League\n|inactive|Serpi n_n has 240 seconds left.\n|\n|t:|1742056723\n|move|p2a: Starmie|Psychic|p1a: Jynx\n|-resisted|p1a: Jynx\n|-damage|p1a: Jynx|85/100\n|move|p1a: Jynx|Blizzard|p2a: Starmie\n|-crit|p2a: Starmie\n|-resisted|p2a: Starmie\n|-damage|p2a: Starmie|36/100\n|\n|upkeep\n|turn|5\n|inactive|Serpi n_n has 240 seconds left.\n|\n|t:|1742056733\n|move|p2a: Starmie|Recover|p2a: Starmie\n|-heal|p2a: Starmie|86/100\n|move|p1a: Jynx|Blizzard|p2a: Starmie\n|-crit|p2a: Starmie\n|-resisted|p2a: Starmie\n|-damage|p2a: Starmie|46/100\n|\n|upkeep\n|turn|6\n|\n|t:|1742056739\n|move|p2a: Starmie|Psychic|p1a: Jynx\n|-resisted|p1a: Jynx\n|-damage|p1a: Jynx|69/100\n|move|p1a: Jynx|Blizzard|p2a: Starmie\n|-crit|p2a: Starmie\n|-resisted|p2a: Starmie\n|-damage|p2a: Starmie|2/100\n|\n|upkeep\n|turn|7\n|\n|t:|1742056748\n|move|p2a: Starmie|Recover|p2a: Starmie\n|-heal|p2a: Starmie|52/100\n|move|p1a: Jynx|Blizzard|p2a: Starmie|[miss]\n|-miss|p1a: Jynx\n|\n|upkeep\n|turn|8\n|\n|t:|1742056754\n|move|p2a: Starmie|Psychic|p1a: Jynx\n|-resisted|p1a: Jynx\n|-damage|p1a: Jynx|54/100\n|move|p1a: Jynx|Blizzard|p2a: Starmie\n|-crit|p2a: Starmie\n|-resisted|p2a: Starmie\n|-damage|p2a: Starmie|11/100\n|\n|upkeep\n|turn|9\n|inactive|Serpi n_n has 270 seconds left.\n|\n|t:|1742056766\n|move|p2a: Starmie|Recover|p2a: Starmie\n|-heal|p2a: Starmie|61/100\n|move|p1a: Jynx|Blizzard|p2a: Starmie|[miss]\n|-miss|p1a: Jynx\n|\n|upkeep\n|turn|10\n|inactive|Serpi n_n has 270 seconds left.\n|\n|t:|1742056773\n|switch|p1a: Starmie|Starmie|100/100\n|move|p2a: Starmie|Recover|p2a: Starmie\n|-heal|p2a: Starmie|100/100\n|\n|upkeep\n|turn|11\n|\n|t:|1742056786\n|switch|p2a: Exeggutor|Exeggutor|100/100 slp\n|move|p1a: Starmie|Thunder Wave|p2a: Exeggutor\n|-fail|p2a: Exeggutor\n|\n|upkeep\n|turn|12\n|\n|t:|1742056794\n|move|p1a: Starmie|Thunder Wave|p2a: Exeggutor\n|-fail|p2a: Exeggutor\n|cant|p2a: Exeggutor|slp\n|\n|upkeep\n|turn|13\n|\n|t:|1742056798\n|switch|p2a: Chansey|Chansey|100/100\n|move|p1a: Starmie|Blizzard|p2a: Chansey\n|-damage|p2a: Chansey|88/100\n|\n|upkeep\n|turn|14\n|\n|t:|1742056804\n|switch|p1a: Jynx|Jynx|54/100\n|move|p2a: Chansey|Seismic Toss|p1a: Jynx\n|-damage|p1a: Jynx|24/100\n|\n|upkeep\n|turn|15\n|\n|t:|1742056815\n|move|p1a: Jynx|Rest|p1a: Jynx\n|-status|p1a: Jynx|slp|[from] move: Rest\n|-heal|p1a: Jynx|100/100 slp|[silent]\n|move|p2a: Chansey|Seismic Toss|p1a: Jynx\n|-damage|p1a: Jynx|70/100 slp\n|\n|upkeep\n|turn|16\n|\n|t:|1742056817\n|switch|p2a: Tauros|Tauros|100/100\n|cant|p1a: Jynx|slp\n|\n|upkeep\n|turn|17\n|\n|t:|1742056824\n|switch|p1a: Starmie|Starmie|100/100\n|move|p2a: Tauros|Body Slam|p1a: Starmie\n|-damage|p1a: Starmie|66/100\n|\n|upkeep\n|turn|18\n|\n|t:|1742056830\n|switch|p2a: Chansey|Chansey|88/100\n|move|p1a: Starmie|Thunder Wave|p2a: Chansey\n|-status|p2a: Chansey|par\n|\n|upkeep\n|turn|19\n|\n|t:|1742056845\n|switch|p1a: Jynx|Jynx|70/100 slp\n|move|p2a: Chansey|Sing|p1a: Jynx|[miss]\n|-miss|p2a: Chansey\n|\n|upkeep\n|turn|20\n|\n|t:|1742056849\n|-curestatus|p1a: Jynx|slp|[msg]\n|move|p2a: Chansey|Seismic Toss|p1a: Jynx\n|-damage|p1a: Jynx|40/100\n|\n|upkeep\n|turn|21\n|\n|t:|1742056855\n|move|p1a: Jynx|Psychic|p2a: Chansey\n|-damage|p2a: Chansey|73/100 par\n|move|p2a: Chansey|Seismic Toss|p1a: Jynx\n|-damage|p1a: Jynx|10/100\n|\n|upkeep\n|turn|22\n|\n|t:|1742056871\n|move|p1a: Jynx|Rest|p1a: Jynx\n|-status|p1a: Jynx|slp|[from] move: Rest\n|-heal|p1a: Jynx|100/100 slp|[silent]\n|move|p2a: Chansey|Soft-Boiled|p2a: Chansey\n|-heal|p2a: Chansey|100/100 par\n|\n|upkeep\n|turn|23\n|\n|t:|1742056879\n|cant|p1a: Jynx|slp\n|move|p2a: Chansey|Seismic Toss|p1a: Jynx\n|-damage|p1a: Jynx|70/100 slp\n|\n|upkeep\n|turn|24\n|\n|t:|1742056889\n|-curestatus|p1a: Jynx|slp|[msg]\n|cant|p2a: Chansey|par\n|\n|upkeep\n|turn|25\n|\n|t:|1742056894\n|move|p1a: Jynx|Psychic|p2a: Chansey\n|-damage|p2a: Chansey|87/100 par\n|cant|p2a: Chansey|par\n|\n|upkeep\n|turn|26\n|\n|t:|1742056897\n|move|p1a: Jynx|Psychic|p2a: Chansey\n|-damage|p2a: Chansey|73/100 par\n|move|p2a: Chansey|Seismic Toss|p1a: Jynx\n|-damage|p1a: Jynx|40/100\n|\n|upkeep\n|turn|27\n|\n|t:|1742056915\n|move|p1a: Jynx|Psychic|p2a: Chansey\n|-damage|p2a: Chansey|59/100 par\n|move|p2a: Chansey|Soft-Boiled|p2a: Chansey\n|-heal|p2a: Chansey|100/100 par\n|\n|upkeep\n|turn|28\n|\n|t:|1742056919\n|move|p1a: Jynx|Psychic|p2a: Chansey\n|-damage|p2a: Chansey|86/100 par\n|-unboost|p2a: Chansey|spa|1\n|-unboost|p2a: Chansey|spd|1\n|move|p2a: Chansey|Seismic Toss|p1a: Jynx\n|-damage|p1a: Jynx|10/100\n|\n|upkeep\n|turn|29\n|\n|t:|1742056932\n|move|p1a: Jynx|Rest|p1a: Jynx\n|-status|p1a: Jynx|slp|[from] move: Rest\n|-heal|p1a: Jynx|100/100 slp|[silent]\n|cant|p2a: Chansey|par\n|\n|upkeep\n|turn|30\n|\n|t:|1742056939\n|switch|p2a: Tauros|Tauros|100/100\n|cant|p1a: Jynx|slp\n|\n|upkeep\n|turn|31\n|inactive|Serpi n_n has 270 seconds left.\n|\n|t:|1742056975\n|switch|p1a: Exeggutor|Exeggutor|100/100\n|move|p2a: Tauros|Body Slam|p1a: Exeggutor\n|-crit|p1a: Exeggutor\n|-damage|p1a: Exeggutor|46/100\n|\n|upkeep\n|turn|32\n|inactive|Serpi n_n has 270 seconds left.\n|\n|t:|1742056988\n|move|p2a: Tauros|Hyper Beam|p1a: Exeggutor\n|-damage|p1a: Exeggutor|0 fnt\n|faint|p1a: Exeggutor\n|\n|t:|1742057010\n|switch|p1a: Tauros|Tauros|100/100\n|turn|33\n|\n|t:|1742057015\n|move|p1a: Tauros|Body Slam|p2a: Tauros\n|-damage|p2a: Tauros|69/100\n|move|p2a: Tauros|Body Slam|p1a: Tauros\n|-crit|p1a: Tauros\n|-damage|p1a: Tauros|44/100\n|\n|upkeep\n|turn|34\n|\n|t:|1742057025\n|move|p2a: Tauros|Body Slam|p1a: Tauros\n|-damage|p1a: Tauros|15/100\n|move|p1a: Tauros|Blizzard|p2a: Tauros\n|-damage|p2a: Tauros|45/100\n|\n|upkeep\n|turn|35\n|inactive|Serpi n_n has 270 seconds left.\n|\n|t:|1742057033\n|switch|p2a: Rhydon|Rhydon|100/100\n|move|p1a: Tauros|Hyper Beam|p2a: Rhydon\n|-crit|p2a: Rhydon\n|-resisted|p2a: Rhydon\n|-damage|p2a: Rhydon|65/100\n|-mustrecharge|p1a: Tauros\n|\n|upkeep\n|turn|36\n|\n|t:|1742057036\n|cant|p1a: Tauros|recharge\n|move|p2a: Rhydon|Earthquake|p1a: Tauros\n|-damage|p1a: Tauros|0 fnt\n|faint|p1a: Tauros\n|\n|t:|1742057043\n|switch|p1a: Alakazam|Alakazam|100/100\n|turn|37\n|\n|t:|1742057046\n|switch|p2a: Starmie|Starmie|100/100\n|move|p1a: Alakazam|Psychic|p2a: Starmie\n|-crit|p2a: Starmie\n|-resisted|p2a: Starmie\n|-damage|p2a: Starmie|60/100\n|-unboost|p2a: Starmie|spa|1\n|-unboost|p2a: Starmie|spd|1\n|\n|upkeep\n|turn|38\n|\n|t:|1742057056\n|switch|p2a: Chansey|Chansey|86/100 par\n|move|p1a: Alakazam|Psychic|p2a: Chansey\n|-damage|p2a: Chansey|69/100 par\n|\n|upkeep\n|turn|39\n|inactive|Serpi n_n has 270 seconds left.\n|\n|t:|1742057088\n|switch|p1a: Jynx|Jynx|100/100 slp\n|move|p2a: Chansey|Soft-Boiled|p2a: Chansey\n|-heal|p2a: Chansey|100/100 par\n|\n|upkeep\n|turn|40\n|\n|t:|1742057092\n|-curestatus|p1a: Jynx|slp|[msg]\n|move|p2a: Chansey|Seismic Toss|p1a: Jynx\n|-damage|p1a: Jynx|70/100\n|\n|upkeep\n|turn|41\n|\n|t:|1742057097\n|move|p1a: Jynx|Psychic|p2a: Chansey\n|-crit|p2a: Chansey\n|-damage|p2a: Chansey|72/100 par\n|move|p2a: Chansey|Seismic Toss|p1a: Jynx\n|-damage|p1a: Jynx|40/100\n|\n|upkeep\n|turn|42\n|\n|t:|1742057100\n|move|p1a: Jynx|Psychic|p2a: Chansey\n|-damage|p2a: Chansey|60/100 par\n|cant|p2a: Chansey|par\n|\n|upkeep\n|turn|43\n|\n|t:|1742057107\n|switch|p1a: Snorlax|Snorlax|100/100\n|move|p2a: Chansey|Soft-Boiled|p2a: Chansey\n|-heal|p2a: Chansey|100/100 par\n|\n|upkeep\n|turn|44\n|\n|t:|1742057116\n|move|p1a: Snorlax|Body Slam|p2a: Chansey\n|-damage|p2a: Chansey|56/100 par\n|move|p2a: Chansey|Thunder Wave|p1a: Snorlax\n|-status|p1a: Snorlax|par\n|\n|upkeep\n|turn|45\n|\n|t:|1742057123\n|switch|p2a: Rhydon|Rhydon|65/100\n|cant|p1a: Snorlax|par\n|\n|upkeep\n|turn|46\n|\n|t:|1742057126\n|move|p2a: Rhydon|Earthquake|p1a: Snorlax\n|-damage|p1a: Snorlax|67/100 par\n|cant|p1a: Snorlax|par\n|\n|upkeep\n|turn|47\n|\n|t:|1742057133\n|switch|p1a: Starmie|Starmie|66/100\n|move|p2a: Rhydon|Earthquake|p1a: Starmie\n|-damage|p1a: Starmie|18/100\n|\n|upkeep\n|turn|48\n|\n|t:|1742057143\n|switch|p2a: Chansey|Chansey|56/100 par\n|move|p1a: Starmie|Recover|p1a: Starmie\n|-heal|p1a: Starmie|68/100\n|\n|upkeep\n|turn|49\n|\n|t:|1742057155\n|switch|p1a: Snorlax|Snorlax|67/100 par\n|move|p2a: Chansey|Soft-Boiled|p2a: Chansey\n|-heal|p2a: Chansey|100/100 par\n|\n|upkeep\n|turn|50\n|\n|t:|1742057159\n|switch|p2a: Rhydon|Rhydon|65/100\n|cant|p1a: Snorlax|par\n|\n|upkeep\n|turn|51\n|\n|t:|1742057163\n|switch|p1a: Starmie|Starmie|68/100\n|move|p2a: Rhydon|Earthquake|p1a: Starmie\n|-damage|p1a: Starmie|17/100\n|\n|upkeep\n|turn|52\n|\n|t:|1742057171\n|switch|p2a: Chansey|Chansey|100/100 par\n|move|p1a: Starmie|Recover|p1a: Starmie\n|-heal|p1a: Starmie|67/100\n|\n|upkeep\n|turn|53\n|\n|t:|1742057179\n|move|p1a: Starmie|Recover|p1a: Starmie\n|-heal|p1a: Starmie|100/100\n|move|p2a: Chansey|Seismic Toss|p1a: Starmie\n|-damage|p1a: Starmie|70/100\n|\n|upkeep\n|turn|54\n|\n|t:|1742057187\n|switch|p1a: Snorlax|Snorlax|67/100 par\n|move|p2a: Chansey|Seismic Toss|p1a: Snorlax\n|-damage|p1a: Snorlax|48/100 par\n|\n|upkeep\n|turn|55\n|\n|t:|1742057190\n|switch|p2a: Rhydon|Rhydon|65/100\n|move|p1a: Snorlax|Reflect|p1a: Snorlax\n|-start|p1a: Snorlax|Reflect\n|\n|upkeep\n|turn|56\n|\n|t:|1742057200\n|move|p2a: Rhydon|Earthquake|p1a: Snorlax\n|-damage|p1a: Snorlax|29/100 par\n|move|p1a: Snorlax|Earthquake|p2a: Rhydon\n|-supereffective|p2a: Rhydon\n|-damage|p2a: Rhydon|31/100\n|\n|upkeep\n|turn|57\n|\n|t:|1742057213\n|switch|p2a: Starmie|Starmie|60/100\n|move|p1a: Snorlax|Self-Destruct|p2a: Starmie\n|-damage|p2a: Starmie|0 fnt\n|faint|p2a: Starmie\n|faint|p1a: Snorlax\n|\n|t:|1742057227\n|switch|p2a: Chansey|Chansey|100/100 par\n|switch|p1a: Alakazam|Alakazam|100/100\n|turn|58\n|\n|t:|1742057230\n|switch|p1a: Jynx|Jynx|40/100\n|cant|p2a: Chansey|par\n|\n|upkeep\n|turn|59\n|inactive|Serpi n_n has 270 seconds left.\n|\n|t:|1742057264\n|switch|p1a: Alakazam|Alakazam|100/100\n|move|p2a: Chansey|Seismic Toss|p1a: Alakazam\n|-damage|p1a: Alakazam|69/100\n|\n|upkeep\n|turn|60\n|\n|t:|1742057267\n|move|p1a: Alakazam|Psychic|p2a: Chansey\n|-damage|p2a: Chansey|81/100 par\n|-unboost|p2a: Chansey|spa|1\n|-unboost|p2a: Chansey|spd|1\n|move|p2a: Chansey|Seismic Toss|p1a: Alakazam\n|-damage|p1a: Alakazam|37/100\n|\n|upkeep\n|turn|61\n|\n|t:|1742057275\n|move|p1a: Alakazam|Psychic|p2a: Chansey\n|-damage|p2a: Chansey|52/100 par\n|move|p2a: Chansey|Soft-Boiled|p2a: Chansey\n|-heal|p2a: Chansey|100/100 par\n|\n|upkeep\n|turn|62\n|\n|t:|1742057281\n|move|p1a: Alakazam|Psychic|p2a: Chansey\n|-damage|p2a: Chansey|74/100 par\n|move|p2a: Chansey|Sing|p1a: Alakazam\n|-status|p1a: Alakazam|slp|[from] move: Sing\n|\n|upkeep\n|turn|63\n|\n|t:|1742057291\n|cant|p1a: Alakazam|slp\n|move|p2a: Chansey|Seismic Toss|p1a: Alakazam\n|-damage|p1a: Alakazam|5/100 slp\n|\n|upkeep\n|turn|64\n|\n|t:|1742057303\n|cant|p1a: Alakazam|slp\n|cant|p2a: Chansey|par\n|\n|upkeep\n|turn|65\n|\n|t:|1742057306\n|cant|p1a: Alakazam|slp\n|move|p2a: Chansey|Seismic Toss|p1a: Alakazam\n|-damage|p1a: Alakazam|0 fnt\n|faint|p1a: Alakazam\n|\n|t:|1742057313\n|switch|p1a: Jynx|Jynx|40/100\n|turn|66\n|\n|t:|1742057316\n|move|p1a: Jynx|Psychic|p2a: Chansey\n|-damage|p2a: Chansey|53/100 par\n|move|p2a: Chansey|Soft-Boiled|p2a: Chansey\n|-heal|p2a: Chansey|100/100 par\n|\n|upkeep\n|turn|67\n|\n|t:|1742057322\n|move|p1a: Jynx|Psychic|p2a: Chansey\n|-damage|p2a: Chansey|78/100 par\n|move|p2a: Chansey|Thunder Wave|p1a: Jynx\n|-status|p1a: Jynx|par\n|\n|upkeep\n|turn|68\n|\n|t:|1742057326\n|move|p1a: Jynx|Psychic|p2a: Chansey\n|-damage|p2a: Chansey|56/100 par\n|-unboost|p2a: Chansey|spa|1\n|-unboost|p2a: Chansey|spd|1\n|move|p2a: Chansey|Seismic Toss|p1a: Jynx\n|-damage|p1a: Jynx|10/100 par\n|\n|upkeep\n|turn|69\n|\n|t:|1742057344\n|cant|p1a: Jynx|par\n|move|p2a: Chansey|Soft-Boiled|p2a: Chansey\n|-heal|p2a: Chansey|100/100 par\n|\n|upkeep\n|turn|70\n|\n|t:|1742057352\n|switch|p2a: Exeggutor|Exeggutor|100/100 slp\n|move|p1a: Jynx|Blizzard|p2a: Exeggutor\n|-supereffective|p2a: Exeggutor\n|-damage|p2a: Exeggutor|44/100 slp\n|\n|upkeep\n|turn|71\n|\n|t:|1742057371\n|cant|p2a: Exeggutor|slp\n|cant|p1a: Jynx|par\n|\n|upkeep\n|turn|72\n|\n|t:|1742057373\n|-curestatus|p2a: Exeggutor|slp|[msg]\n|move|p1a: Jynx|Rest|p1a: Jynx\n|-status|p1a: Jynx|slp|[from] move: Rest\n|-heal|p1a: Jynx|100/100 slp|[silent]\n|\n|upkeep\n|turn|73\n|\n|t:|1742057378\n|switch|p2a: Tauros|Tauros|45/100\n|cant|p1a: Jynx|slp\n|\n|upkeep\n|turn|74\n|\n|t:|1742057380\n|switch|p1a: Starmie|Starmie|70/100\n|move|p2a: Tauros|Body Slam|p1a: Starmie\n|-crit|p1a: Starmie\n|-damage|p1a: Starmie|5/100\n|-status|p1a: Starmie|par\n|\n|upkeep\n|turn|75\n|\n|t:|1742057387\n|move|p2a: Tauros|Body Slam|p1a: Starmie\n|-damage|p1a: Starmie|0 fnt\n|faint|p1a: Starmie\n|c|☆Serpi n_n|gg\n|c|☆chuva de perereca|gg\n|-message|Serpi n_n forfeited.\n|\n|win|chuva de perereca\n","uploadtime":1742057392,"views":"1942","formatid":"gen1ou","rating":null,"private":0,"password":null}