{"id":"smogtours-gen1ou-947347","format":"[Gen 1] OU","players":["Sotina","TheStupe"],"log":"|inactive|Battle timer is ON: inactive players will automatically lose when time's up.\n|t:|1781483130\n|gametype|singles\n|player|p1|Sotina|skierf|\n|player|p2|TheStupe|psychicf-gen4|\n|gen|1\n|tier|[Gen 1] OU\n|rule|Desync Clause Mod: Desyncs changed to move failure.\n|rule|HP Percentage Mod: HP is shown in percentages\n|rule|Endless Battle Clause: Forcing endless battles is banned\n|rule|Sleep Clause Mod: Limit one foe put to sleep\n|rule|Freeze Clause Mod: Limit one foe frozen\n|rule|Species Clause: Limit one of each Pokémon\n|rule|OHKO Clause: OHKO moves are banned\n|rule|Evasion Moves Clause: Evasion moves are banned\n|\n|t:|1781483130\n|teamsize|p1|6\n|teamsize|p2|6\n|start\n|switch|p1a: Gengar|Gengar|100/100\n|switch|p2a: Tauros|Tauros|100/100\n|turn|1\n|c|☆TheStupe|hf\n|c|☆Sotina|glhf\n|inactive|Sotina has 270 seconds left.\n|\n|t:|1781483169\n|move|p2a: Tauros|Earthquake|p1a: Gengar\n|-crit|p1a: Gengar\n|-supereffective|p1a: Gengar\n|-damage|p1a: Gengar|0 fnt\n|faint|p1a: Gengar\n|\n|t:|1781483183\n|switch|p1a: Zapdos|Zapdos|100/100\n|turn|2\n|\n|t:|1781483192\n|switch|p2a: Golem|Golem|100/100\n|move|p1a: Zapdos|Thunder Wave|p2a: Golem\n|-immune|p2a: Golem\n|\n|upkeep\n|turn|3\n|\n|t:|1781483208\n|switch|p1a: Cloyster|Cloyster|100/100\n|move|p2a: Golem|Body Slam|p1a: Cloyster\n|-damage|p1a: Cloyster|86/100\n|\n|upkeep\n|turn|4\n|\n|t:|1781483215\n|switch|p2a: Lapras|Lapras|100/100\n|move|p1a: Cloyster|Blizzard|p2a: Lapras\n|-resisted|p2a: Lapras\n|-damage|p2a: Lapras|93/100\n|\n|upkeep\n|turn|5\n|\n|t:|1781483225\n|move|p1a: Cloyster|Clamp|p2a: Lapras\n|-resisted|p2a: Lapras\n|-damage|p2a: Lapras|89/100\n|cant|p2a: Lapras|partiallytrapped\n|\n|upkeep\n|turn|6\n|\n|t:|1781483244\n|switch|p2a: Chansey|Chansey|100/100\n|move|p1a: Cloyster|Clamp|p2a: Chansey\n|-damage|p2a: Chansey|95/100\n|\n|upkeep\n|turn|7\n|\n|t:|1781483252\n|switch|p1a: Chansey|Chansey|100/100\n|switch|p2a: Lapras|Lapras|89/100\n|\n|upkeep\n|turn|8\n|\n|t:|1781483261\n|move|p2a: Lapras|Confuse Ray|p1a: Chansey\n|-start|p1a: Chansey|confusion\n|-activate|p1a: Chansey|confusion\n|-damage|p1a: Chansey|96/100|[from] confusion\n|\n|upkeep\n|turn|9\n|\n|t:|1781483268\n|move|p2a: Lapras|Blizzard|p1a: Chansey\n|-crit|p1a: Chansey\n|-damage|p1a: Chansey|61/100\n|-end|p1a: Chansey|confusion\n|move|p1a: Chansey|Sing|p2a: Lapras|[miss]\n|-miss|p1a: Chansey\n|\n|upkeep\n|turn|10\n|\n|t:|1781483275\n|move|p2a: Lapras|Confuse Ray|p1a: Chansey\n|-start|p1a: Chansey|confusion\n|-activate|p1a: Chansey|confusion\n|move|p1a: Chansey|Soft-Boiled|p1a: Chansey\n|-heal|p1a: Chansey|100/100\n|\n|upkeep\n|turn|11\n|\n|t:|1781483286\n|move|p2a: Lapras|Blizzard|p1a: Chansey\n|-damage|p1a: Chansey|82/100\n|-end|p1a: Chansey|confusion\n|move|p1a: Chansey|Sing|p2a: Lapras|[miss]\n|-miss|p1a: Chansey\n|\n|upkeep\n|turn|12\n|\n|t:|1781483294\n|move|p2a: Lapras|Confuse Ray|p1a: Chansey\n|-start|p1a: Chansey|confusion\n|-activate|p1a: Chansey|confusion\n|move|p1a: Chansey|Sing|p2a: Lapras\n|-status|p2a: Lapras|slp|[from] move: Sing\n|\n|upkeep\n|turn|13\n|\n|t:|1781483304\n|switch|p2a: Chansey|Chansey|95/100\n|switch|p1a: Snorlax|Snorlax|100/100\n|\n|upkeep\n|turn|14\n|\n|t:|1781483319\n|switch|p1a: Chansey|Chansey|82/100\n|move|p2a: Chansey|Sing|p1a: Chansey|[miss]\n|-miss|p2a: Chansey\n|\n|upkeep\n|turn|15\n|\n|t:|1781483324\n|move|p2a: Chansey|Sing|p1a: Chansey|[miss]\n|-miss|p2a: Chansey\n|move|p1a: Chansey|Thunder Wave|p2a: Chansey\n|-status|p2a: Chansey|par\n|\n|upkeep\n|turn|16\n|\n|t:|1781483330\n|move|p1a: Chansey|Ice Beam|p2a: Chansey\n|-damage|p2a: Chansey|85/100 par\n|move|p2a: Chansey|Sing|p1a: Chansey|[miss]\n|-miss|p2a: Chansey\n|\n|upkeep\n|turn|17\n|\n|t:|1781483336\n|move|p1a: Chansey|Ice Beam|p2a: Chansey\n|-damage|p2a: Chansey|75/100 par\n|move|p2a: Chansey|Sing|p1a: Chansey\n|-status|p1a: Chansey|slp|[from] move: Sing\n|\n|upkeep\n|turn|18\n|\n|t:|1781483345\n|switch|p2a: Tauros|Tauros|100/100\n|cant|p1a: Chansey|slp\n|\n|upkeep\n|turn|19\n|\n|t:|1781483347\n|switch|p1a: Cloyster|Cloyster|86/100\n|move|p2a: Tauros|Body Slam|p1a: Cloyster\n|-damage|p1a: Cloyster|64/100\n|-status|p1a: Cloyster|par\n|\n|upkeep\n|turn|20\n|\n|t:|1781483356\n|switch|p2a: Lapras|Lapras|89/100 slp\n|move|p1a: Cloyster|Rest|p1a: Cloyster\n|-status|p1a: Cloyster|slp|[from] move: Rest\n|-heal|p1a: Cloyster|100/100 slp|[silent]\n|\n|upkeep\n|turn|21\n|\n|t:|1781483366\n|switch|p2a: Starmie|Starmie|100/100\n|switch|p1a: Snorlax|Snorlax|100/100\n|\n|upkeep\n|turn|22\n|\n|t:|1781483372\n|switch|p2a: Snorlax|Snorlax|100/100\n|move|p1a: Snorlax|Body Slam|p2a: Snorlax\n|-damage|p2a: Snorlax|74/100\n|\n|upkeep\n|turn|23\n|\n|t:|1781483381\n|move|p1a: Snorlax|Body Slam|p2a: Snorlax\n|-damage|p2a: Snorlax|46/100\n|move|p2a: Snorlax|Counter|p1a: Snorlax\n|-damage|p1a: Snorlax|46/100\n|\n|upkeep\n|turn|24\n|\n|t:|1781483389\n|move|p2a: Snorlax|Self-Destruct|p1a: Snorlax\n|-damage|p1a: Snorlax|0 fnt\n|faint|p1a: Snorlax\n|faint|p2a: Snorlax\n|\n|t:|1781483399\n|switch|p2a: Tauros|Tauros|100/100\n|switch|p1a: Zapdos|Zapdos|100/100\n|turn|25\n|\n|t:|1781483407\n|switch|p2a: Golem|Golem|100/100\n|switch|p1a: Tauros|Tauros|100/100\n|\n|upkeep\n|turn|26\n|\n|t:|1781483415\n|switch|p2a: Lapras|Lapras|89/100 slp\n|move|p1a: Tauros|Blizzard|p2a: Lapras\n|-resisted|p2a: Lapras\n|-damage|p2a: Lapras|85/100 slp\n|\n|upkeep\n|turn|27\n|\n|t:|1781483419\n|move|p1a: Tauros|Body Slam|p2a: Lapras\n|-crit|p2a: Lapras\n|-damage|p2a: Lapras|35/100 slp\n|cant|p2a: Lapras|slp\n|\n|upkeep\n|turn|28\n|\n|t:|1781483427\n|move|p1a: Tauros|Body Slam|p2a: Lapras\n|-damage|p2a: Lapras|10/100 slp\n|cant|p2a: Lapras|slp\n|\n|upkeep\n|turn|29\n|\n|t:|1781483432\n|move|p1a: Tauros|Body Slam|p2a: Lapras\n|-damage|p2a: Lapras|0 fnt\n|faint|p2a: Lapras\n|\n|t:|1781483434\n|switch|p2a: Starmie|Starmie|100/100\n|turn|30\n|\n|t:|1781483440\n|switch|p1a: Chansey|Chansey|82/100 slp\n|move|p2a: Starmie|Surf|p1a: Chansey\n|-damage|p1a: Chansey|66/100 slp\n|\n|upkeep\n|turn|31\n|\n|t:|1781483443\n|switch|p2a: Tauros|Tauros|100/100\n|cant|p1a: Chansey|slp\n|\n|upkeep\n|turn|32\n|\n|t:|1781483450\n|switch|p1a: Cloyster|Cloyster|100/100 slp\n|move|p2a: Tauros|Body Slam|p1a: Cloyster\n|-damage|p1a: Cloyster|78/100 slp\n|\n|upkeep\n|turn|33\n|\n|t:|1781483457\n|switch|p2a: Starmie|Starmie|100/100\n|cant|p1a: Cloyster|slp\n|\n|upkeep\n|turn|34\n|\n|t:|1781483463\n|move|p2a: Starmie|Thunderbolt|p1a: Cloyster\n|-supereffective|p1a: Cloyster\n|-damage|p1a: Cloyster|19/100 slp\n|-curestatus|p1a: Cloyster|slp|[msg]\n|\n|upkeep\n|turn|35\n|\n|t:|1781483469\n|switch|p1a: Chansey|Chansey|66/100 slp\n|move|p2a: Starmie|Thunderbolt|p1a: Chansey\n|-damage|p1a: Chansey|56/100 slp\n|\n|upkeep\n|turn|36\n|\n|t:|1781483480\n|switch|p2a: Tauros|Tauros|100/100\n|switch|p1a: Tauros|Tauros|100/100\n|\n|upkeep\n|turn|37\n|\n|t:|1781483483\n|move|p2a: Tauros|Body Slam|p1a: Tauros\n|-damage|p1a: Tauros|72/100\n|move|p1a: Tauros|Body Slam|p2a: Tauros\n|-damage|p2a: Tauros|73/100\n|\n|upkeep\n|turn|38\n|\n|t:|1781483488\n|move|p1a: Tauros|Body Slam|p2a: Tauros\n|-damage|p2a: Tauros|46/100\n|move|p2a: Tauros|Body Slam|p1a: Tauros\n|-damage|p1a: Tauros|43/100\n|\n|upkeep\n|turn|39\n|\n|t:|1781483501\n|switch|p2a: Chansey|Chansey|75/100 par\n|move|p1a: Tauros|Blizzard|p2a: Chansey\n|-crit|p2a: Chansey\n|-damage|p2a: Chansey|56/100 par\n|\n|upkeep\n|turn|40\n|\n|t:|1781483523\n|move|p1a: Tauros|Blizzard|p2a: Chansey|[miss]\n|-miss|p1a: Tauros\n|move|p2a: Chansey|Thunder Wave|p1a: Tauros\n|-status|p1a: Tauros|par\n|\n|upkeep\n|turn|41\n|\n|t:|1781483538\n|cant|p1a: Tauros|par\n|move|p2a: Chansey|Seismic Toss|p1a: Tauros\n|-damage|p1a: Tauros|15/100 par\n|\n|upkeep\n|turn|42\n|\n|t:|1781483543\n|move|p1a: Tauros|Hyper Beam|p2a: Chansey\n|-damage|p2a: Chansey|0 fnt\n|faint|p2a: Chansey\n|\n|t:|1781483547\n|switch|p2a: Tauros|Tauros|46/100\n|turn|43\n|\n|t:|1781483551\n|move|p2a: Tauros|Body Slam|p1a: Tauros\n|-damage|p1a: Tauros|0 fnt\n|faint|p1a: Tauros\n|\n|t:|1781483552\n|switch|p1a: Zapdos|Zapdos|100/100\n|turn|44\n|\n|t:|1781483565\n|switch|p2a: Golem|Golem|100/100\n|move|p1a: Zapdos|Thunderbolt|p2a: Golem\n|-immune|p2a: Golem\n|\n|upkeep\n|turn|45\n|\n|t:|1781483581\n|switch|p1a: Chansey|Chansey|56/100 slp\n|move|p2a: Golem|Rock Slide|p1a: Chansey\n|-damage|p1a: Chansey|22/100 slp\n|\n|upkeep\n|turn|46\n|\n|t:|1781483587\n|switch|p2a: Tauros|Tauros|46/100\n|cant|p1a: Chansey|slp\n|\n|upkeep\n|turn|47\n|\n|t:|1781483591\n|move|p2a: Tauros|Body Slam|p1a: Chansey\n|-damage|p1a: Chansey|0 fnt\n|faint|p1a: Chansey\n|\n|t:|1781483593\n|switch|p1a: Zapdos|Zapdos|100/100\n|turn|48\n|\n|t:|1781483605\n|switch|p1a: Cloyster|Cloyster|19/100\n|move|p2a: Tauros|Hyper Beam|p1a: Cloyster\n|-damage|p1a: Cloyster|0 fnt\n|faint|p1a: Cloyster\n|\n|t:|1781483608\n|switch|p1a: Zapdos|Zapdos|100/100\n|turn|49\n|c|☆Sotina|gg\n|\n|t:|1781483613\n|move|p2a: Tauros|Hyper Beam|p1a: Zapdos\n|-crit|p1a: Zapdos\n|-damage|p1a: Zapdos|0 fnt\n|faint|p1a: Zapdos\n|\n|win|TheStupe\n|c|☆TheStupe|ggs!\n","uploadtime":1781483613,"views":"98","formatid":"gen1ou","rating":null,"private":0,"password":null}