{"id":"smogtours-gen1ou-967379","format":"[Gen 1] OU","players":["Laroxyl","Serpi"],"log":"|inactive|Battle timer is ON: inactive players will automatically lose when time's up.\n|t:|1788102144\n|gametype|singles\n|player|p1|Laroxyl|#wcop2026italy2|\n|player|p2|Serpi|#rbywc2023|\n|gen|1\n|tier|[Gen 1] OU\n|rule|Desync Clause Mod: Desyncs resolve to link battle behavior from the acting player's perspective.\n|rule|HP Percentage Mod: HP is shown in percentages\n|rule|Endless Battle Clause: Forcing endless battles is banned\n|rule|Sleep Clause Mod: Limit one foe put to sleep\n|rule|Freeze Clause Mod: Limit one foe frozen\n|rule|Species Clause: Limit one of each Pokémon\n|rule|OHKO Clause: OHKO moves are banned\n|rule|Evasion Moves Clause: Evasion moves are banned\n|\n|t:|1788102144\n|teamsize|p1|6\n|teamsize|p2|6\n|start\n|switch|p1a: Alakazam|Alakazam|100/100\n|switch|p2a: Starmie|Starmie|100/100\n|turn|1\n|c|☆Serpi|hf\n|c|☆Laroxyl|hf\n|inactive|Serpi has 270 seconds left.\n|inactive|Serpi has 240 seconds left.\n|\n|t:|1788102223\n|move|p1a: Alakazam|Thunder Wave|p2a: Starmie\n|-status|p2a: Starmie|par\n|cant|p2a: Starmie|par\n|\n|upkeep\n|turn|2\n|inactive|Serpi has 270 seconds left.\n|\n|t:|1788102252\n|switch|p2a: Exeggutor|Exeggutor|100/100\n|move|p1a: Alakazam|Seismic Toss|p2a: Exeggutor\n|-damage|p2a: Exeggutor|75/100\n|\n|upkeep\n|turn|3\n|\n|t:|1788102256\n|move|p1a: Alakazam|Thunder Wave|p2a: Exeggutor\n|-status|p2a: Exeggutor|par\n|move|p2a: Exeggutor|Sleep Powder|p1a: Alakazam\n|-status|p1a: Alakazam|slp|[from] move: Sleep Powder\n|\n|upkeep\n|turn|4\n|\n|t:|1788102278\n|switch|p2a: Tauros|Tauros|100/100\n|cant|p1a: Alakazam|slp\n|\n|upkeep\n|turn|5\n|inactive|Serpi has 270 seconds left.\n|\n|t:|1788102294\n|switch|p1a: Snorlax|Snorlax|100/100\n|move|p2a: Tauros|Body Slam|p1a: Snorlax\n|-damage|p1a: Snorlax|74/100\n|\n|upkeep\n|turn|6\n|inactive|Serpi has 270 seconds left.\n|\n|t:|1788102334\n|move|p2a: Tauros|Body Slam|p1a: Snorlax\n|-damage|p1a: Snorlax|50/100\n|move|p1a: Snorlax|Body Slam|p2a: Tauros\n|-damage|p2a: Tauros|69/100\n|\n|upkeep\n|turn|7\n|inactive|Laroxyl has 270 seconds left.\n|\n|t:|1788102375\n|move|p2a: Tauros|Body Slam|p1a: Snorlax\n|-damage|p1a: Snorlax|26/100\n|move|p1a: Snorlax|Body Slam|p2a: Tauros\n|-damage|p2a: Tauros|38/100\n|\n|upkeep\n|turn|8\n|inactive|Laroxyl has 240 seconds left.\n|\n|t:|1788102426\n|move|p2a: Tauros|Hyper Beam|p1a: Snorlax\n|-damage|p1a: Snorlax|0 fnt\n|faint|p1a: Snorlax\n|inactive|Laroxyl has 210 seconds left.\n|inactive|Laroxyl has 180 seconds left.\n|inactive|Laroxyl has 150 seconds left.\n|\n|t:|1788102509\n|switch|p1a: Tauros|Tauros|100/100\n|turn|9\n|inactive|Laroxyl has 150 seconds left.\n|inactive|Serpi has 240 seconds left.\n|inactive|Laroxyl has 120 seconds left.\n|inactive|Serpi has 210 seconds left.\n|\n|t:|1788102589\n|switch|p2a: Starmie|Starmie|100/100 par\n|move|p1a: Tauros|Hyper Beam|p2a: Starmie|[miss]\n|-miss|p1a: Tauros\n|\n|upkeep\n|turn|10\n|inactive|Laroxyl has 90 seconds left.\n|inactive|Serpi has 180 seconds left.\n|\n|t:|1788102616\n|switch|p1a: Alakazam|Alakazam|100/100 slp\n|move|p2a: Starmie|Thunder Wave|p1a: Alakazam\n|-fail|p1a: Alakazam\n|\n|upkeep\n|turn|11\n|inactive|Serpi has 180 seconds left.\n|\n|t:|1788102629\n|switch|p2a: Tauros|Tauros|38/100\n|cant|p1a: Alakazam|slp\n|\n|upkeep\n|turn|12\n|inactive|Laroxyl has 90 seconds left.\n|\n|t:|1788102638\n|switch|p1a: Exeggutor|Exeggutor|100/100\n|move|p2a: Tauros|Body Slam|p1a: Exeggutor\n|-damage|p1a: Exeggutor|73/100\n|\n|upkeep\n|turn|13\n|inactive|Serpi has 180 seconds left.\n|inactive|Serpi has 150 seconds left.\n|inactive|Serpi has 120 seconds left.\n|\n|t:|1788102735\n|switch|p2a: Exeggutor|Exeggutor|75/100 par\n|move|p1a: Exeggutor|Psychic|p2a: Exeggutor\n|-resisted|p2a: Exeggutor\n|-damage|p2a: Exeggutor|62/100 par\n|-unboost|p2a: Exeggutor|spa|1\n|-unboost|p2a: Exeggutor|spd|1\n|\n|upkeep\n|turn|14\n|\n|t:|1788102759\n|move|p1a: Exeggutor|Psychic|p2a: Exeggutor\n|-resisted|p2a: Exeggutor\n|-damage|p2a: Exeggutor|42/100 par\n|-unboost|p2a: Exeggutor|spa|1\n|-unboost|p2a: Exeggutor|spd|1\n|move|p2a: Exeggutor|Explosion|p1a: Exeggutor\n|-damage|p1a: Exeggutor|0 fnt\n|faint|p1a: Exeggutor\n|faint|p2a: Exeggutor\n|inactive|Serpi has 90 seconds left.\n|inactive|Laroxyl has 90 seconds left.\n|\n|t:|1788102788\n|switch|p1a: Chansey|Chansey|100/100\n|switch|p2a: Alakazam|Alakazam|100/100\n|turn|15\n|inactive|Laroxyl has 90 seconds left.\n|\n|t:|1788102803\n|move|p2a: Alakazam|Thunder Wave|p1a: Chansey\n|-status|p1a: Chansey|par\n|cant|p1a: Chansey|par\n|\n|upkeep\n|turn|16\n|inactive|Serpi has 60 seconds left.\n|\n|t:|1788102858\n|move|p2a: Alakazam|Psychic|p1a: Chansey\n|-damage|p1a: Chansey|81/100 par\n|-unboost|p1a: Chansey|spa|1\n|-unboost|p1a: Chansey|spd|1\n|cant|p1a: Chansey|par\n|\n|upkeep\n|turn|17\n|\n|t:|1788102875\n|move|p2a: Alakazam|Seismic Toss|p1a: Chansey\n|-damage|p1a: Chansey|67/100 par\n|move|p1a: Chansey|Soft-Boiled|p1a: Chansey\n|-heal|p1a: Chansey|100/100 par\n|\n|upkeep\n|turn|18\n|\n|t:|1788102881\n|move|p2a: Alakazam|Psychic|p1a: Chansey\n|-damage|p1a: Chansey|72/100 par\n|move|p1a: Chansey|Thunder Wave|p2a: Alakazam\n|-status|p2a: Alakazam|par\n|\n|upkeep\n|turn|19\n|\n|t:|1788102889\n|move|p2a: Alakazam|Psychic|p1a: Chansey\n|-damage|p1a: Chansey|43/100 par\n|cant|p1a: Chansey|par\n|\n|upkeep\n|turn|20\n|\n|t:|1788102892\n|cant|p2a: Alakazam|par\n|move|p1a: Chansey|Soft-Boiled|p1a: Chansey\n|-heal|p1a: Chansey|93/100 par\n|\n|upkeep\n|turn|21\n|\n|t:|1788102894\n|switch|p1a: Alakazam|Alakazam|100/100 slp\n|move|p2a: Alakazam|Psychic|p1a: Alakazam\n|-resisted|p1a: Alakazam\n|-damage|p1a: Alakazam|82/100 slp\n|\n|upkeep\n|turn|22\n|inactive|Serpi has 60 seconds left.\n|\n|t:|1788102914\n|switch|p1a: Starmie|Starmie|100/100\n|switch|p2a: Snorlax|Snorlax|100/100\n|\n|upkeep\n|turn|23\n|inactive|Serpi has 60 seconds left.\n|inactive|Serpi has 30 seconds left.\n|\n|t:|1788102956\n|switch|p2a: Starmie|Starmie|100/100 par\n|move|p1a: Starmie|Thunder Wave|p2a: Starmie\n|-fail|p2a: Starmie|par\n|\n|upkeep\n|turn|24\n|inactive|Serpi has 30 seconds left.\n|\n|t:|1788102966\n|switch|p1a: Chansey|Chansey|93/100 par\n|switch|p2a: Alakazam|Alakazam|100/100 par\n|\n|upkeep\n|turn|25\n|\n|t:|1788102981\n|cant|p2a: Alakazam|par\n|cant|p1a: Chansey|par\n|\n|upkeep\n|turn|26\n|\n|t:|1788102983\n|move|p2a: Alakazam|Psychic|p1a: Chansey\n|-crit|p1a: Chansey\n|-damage|p1a: Chansey|56/100 par\n|-unboost|p1a: Chansey|spa|1\n|-unboost|p1a: Chansey|spd|1\n|move|p1a: Chansey|Thunderbolt|p2a: Alakazam\n|-damage|p2a: Alakazam|88/100 par\n|\n|upkeep\n|turn|27\n|inactive|Laroxyl has 150 seconds left.\n|\n|t:|1788102991\n|move|p2a: Alakazam|Psychic|p1a: Chansey\n|-damage|p1a: Chansey|30/100 par\n|-unboost|p1a: Chansey|spa|1\n|-unboost|p1a: Chansey|spd|1\n|move|p1a: Chansey|Soft-Boiled|p1a: Chansey\n|-heal|p1a: Chansey|79/100 par\n|\n|upkeep\n|turn|28\n|\n|t:|1788103000\n|move|p2a: Alakazam|Seismic Toss|p1a: Chansey\n|-damage|p1a: Chansey|65/100 par\n|move|p1a: Chansey|Soft-Boiled|p1a: Chansey\n|-heal|p1a: Chansey|100/100 par\n|\n|upkeep\n|turn|29\n|\n|t:|1788103010\n|switch|p1a: Alakazam|Alakazam|82/100 slp\n|move|p2a: Alakazam|Seismic Toss|p1a: Alakazam\n|-damage|p1a: Alakazam|50/100 slp\n|\n|upkeep\n|turn|30\n|inactive|Laroxyl has 150 seconds left.\n|\n|t:|1788103035\n|switch|p1a: Starmie|Starmie|100/100\n|switch|p2a: Snorlax|Snorlax|100/100\n|\n|upkeep\n|turn|31\n|inactive|Laroxyl has 150 seconds left.\n|\n|t:|1788103062\n|switch|p2a: Alakazam|Alakazam|88/100 par\n|move|p1a: Starmie|Surf|p2a: Alakazam\n|-damage|p2a: Alakazam|61/100 par\n|\n|upkeep\n|turn|32\n|\n|t:|1788103070\n|move|p1a: Starmie|Surf|p2a: Alakazam\n|-crit|p2a: Alakazam\n|-damage|p2a: Alakazam|1/100 par\n|move|p2a: Alakazam|Thunder Wave|p1a: Starmie\n|-status|p1a: Starmie|par\n|\n|upkeep\n|turn|33\n|\n|t:|1788103083\n|move|p2a: Alakazam|Recover|p2a: Alakazam\n|-heal|p2a: Alakazam|51/100 par\n|move|p1a: Starmie|Surf|p2a: Alakazam\n|-damage|p2a: Alakazam|23/100 par\n|\n|upkeep\n|turn|34\n|\n|t:|1788103086\n|move|p2a: Alakazam|Recover|p2a: Alakazam\n|-heal|p2a: Alakazam|72/100 par\n|move|p1a: Starmie|Surf|p2a: Alakazam\n|-crit|p2a: Alakazam\n|-damage|p2a: Alakazam|12/100 par\n|\n|upkeep\n|turn|35\n|inactive|Serpi has 90 seconds left.\n|\n|t:|1788103095\n|move|p2a: Alakazam|Recover|p2a: Alakazam\n|-heal|p2a: Alakazam|62/100 par\n|cant|p1a: Starmie|par\n|\n|upkeep\n|turn|36\n|inactive|Serpi has 90 seconds left.\n|\n|t:|1788103108\n|move|p2a: Alakazam|Seismic Toss|p1a: Starmie\n|-damage|p1a: Starmie|70/100 par\n|move|p1a: Starmie|Surf|p2a: Alakazam\n|-damage|p2a: Alakazam|34/100 par\n|\n|upkeep\n|turn|37\n|\n|t:|1788103112\n|cant|p2a: Alakazam|par\n|move|p1a: Starmie|Surf|p2a: Alakazam\n|-damage|p2a: Alakazam|7/100 par\n|\n|upkeep\n|turn|38\n|inactive|Laroxyl has 180 seconds left.\n|\n|t:|1788103118\n|cant|p2a: Alakazam|par\n|move|p1a: Starmie|Surf|p2a: Alakazam\n|-damage|p2a: Alakazam|0 fnt\n|faint|p2a: Alakazam\n|\n|t:|1788103120\n|switch|p2a: Zapdos|Zapdos|100/100\n|turn|39\n|inactive|Serpi has 120 seconds left.\n|inactive|Laroxyl has 180 seconds left.\n|\n|t:|1788103136\n|switch|p1a: Alakazam|Alakazam|50/100 slp\n|move|p2a: Zapdos|Drill Peck|p1a: Alakazam\n|-damage|p1a: Alakazam|6/100 slp\n|\n|upkeep\n|turn|40\n|\n|t:|1788103145\n|cant|p1a: Alakazam|slp\n|move|p2a: Zapdos|Drill Peck|p1a: Alakazam\n|-damage|p1a: Alakazam|0 fnt\n|faint|p1a: Alakazam\n|\n|t:|1788103147\n|switch|p1a: Chansey|Chansey|100/100 par\n|turn|41\n|inactive|Serpi has 120 seconds left.\n|\n|t:|1788103183\n|switch|p2a: Starmie|Starmie|100/100 par\n|move|p1a: Chansey|Thunder Wave|p2a: Starmie\n|-fail|p2a: Starmie|par\n|\n|upkeep\n|turn|42\n|inactive|Laroxyl has 210 seconds left.\n|inactive|Laroxyl has 180 seconds left.\n|inactive|Serpi has 90 seconds left.\n|\n|t:|1788103246\n|switch|p2a: Snorlax|Snorlax|100/100\n|move|p1a: Chansey|Thunder Wave|p2a: Snorlax\n|-status|p2a: Snorlax|par\n|\n|upkeep\n|turn|43\n|\n|t:|1788103258\n|switch|p1a: Starmie|Starmie|70/100 par\n|cant|p2a: Snorlax|par\n|\n|upkeep\n|turn|44\n|inactive|Laroxyl has 150 seconds left.\n|inactive|Serpi has 60 seconds left.\n|\n|t:|1788103309\n|move|p1a: Starmie|Surf|p2a: Snorlax\n|-damage|p2a: Snorlax|72/100 par\n|move|p2a: Snorlax|Body Slam|p1a: Starmie\n|-damage|p1a: Starmie|31/100 par\n|\n|upkeep\n|turn|45\n|\n|t:|1788103319\n|switch|p2a: Zapdos|Zapdos|100/100\n|move|p1a: Starmie|Recover|p1a: Starmie\n|-heal|p1a: Starmie|81/100 par\n|\n|upkeep\n|turn|46\n|inactive|Laroxyl has 120 seconds left.\n|inactive|Serpi has 30 seconds left.\n|inactive|Serpi has 20 seconds left.\n|\n|t:|1788103369\n|switch|p1a: Chansey|Chansey|100/100 par\n|move|p2a: Zapdos|Drill Peck|p1a: Chansey\n|-damage|p1a: Chansey|65/100 par\n|\n|upkeep\n|turn|47\n|inactive|Serpi has 30 seconds left this turn.\n|inactive|Laroxyl has 90 seconds left.\n|\n|t:|1788103395\n|move|p2a: Zapdos|Drill Peck|p1a: Chansey\n|-damage|p1a: Chansey|33/100 par\n|move|p1a: Chansey|Soft-Boiled|p1a: Chansey\n|-heal|p1a: Chansey|82/100 par\n|\n|upkeep\n|turn|48\n|inactive|Laroxyl has 90 seconds left.\n|inactive|Serpi has 30 seconds left.\n|inactive|Serpi has 20 seconds left.\n|inactive|Serpi has 15 seconds left.\n|\n|t:|1788103416\n|switch|p2a: Snorlax|Snorlax|72/100 par\n|cant|p1a: Chansey|par\n|\n|upkeep\n|turn|49\n|inactive|Serpi has 25 seconds left this turn.\n|inactive|Laroxyl has 90 seconds left.\n|inactive|Serpi has 20 seconds left.\n|inactive|Serpi has 15 seconds left.\n|\n|t:|1788103432\n|switch|p1a: Starmie|Starmie|81/100 par\n|switch|p2a: Zapdos|Zapdos|100/100\n|\n|upkeep\n|turn|50\n|inactive|Serpi has 25 seconds left this turn.\n|inactive|Serpi has 20 seconds left.\n|inactive|Laroxyl has 60 seconds left.\n|\n|t:|1788103463\n|switch|p1a: Chansey|Chansey|82/100 par\n|move|p2a: Zapdos|Thunderbolt|p1a: Chansey\n|-damage|p1a: Chansey|64/100 par\n|\n|upkeep\n|turn|51\n|inactive|Serpi has 30 seconds left this turn.\n|\n|t:|1788103470\n|move|p2a: Zapdos|Drill Peck|p1a: Chansey\n|-damage|p1a: Chansey|32/100 par\n|move|p1a: Chansey|Soft-Boiled|p1a: Chansey\n|-heal|p1a: Chansey|82/100 par\n|\n|upkeep\n|turn|52\n|inactive|Serpi has 30 seconds left.\n|\n|t:|1788103481\n|switch|p2a: Snorlax|Snorlax|72/100 par\n|move|p1a: Chansey|Soft-Boiled|p1a: Chansey\n|-heal|p1a: Chansey|100/100 par\n|\n|upkeep\n|turn|53\n|inactive|Laroxyl has 60 seconds left.\n|\n|t:|1788103505\n|switch|p1a: Starmie|Starmie|81/100 par\n|move|p2a: Snorlax|Body Slam|p1a: Starmie\n|-damage|p1a: Starmie|45/100 par\n|\n|upkeep\n|turn|54\n|inactive|Laroxyl has 60 seconds left.\n|\n|t:|1788103521\n|switch|p2a: Zapdos|Zapdos|100/100\n|cant|p1a: Starmie|par\n|\n|upkeep\n|turn|55\n|inactive|Laroxyl has 60 seconds left.\n|\n|t:|1788103540\n|switch|p1a: Chansey|Chansey|100/100 par\n|move|p2a: Zapdos|Drill Peck|p1a: Chansey\n|-damage|p1a: Chansey|68/100 par\n|\n|upkeep\n|turn|56\n|\n|t:|1788103549\n|move|p2a: Zapdos|Drill Peck|p1a: Chansey\n|-damage|p1a: Chansey|36/100 par\n|move|p1a: Chansey|Soft-Boiled|p1a: Chansey\n|-heal|p1a: Chansey|86/100 par\n|\n|upkeep\n|turn|57\n|inactive|Laroxyl has 60 seconds left.\n|inactive|Serpi has 60 seconds left.\n|\n|t:|1788103563\n|switch|p2a: Snorlax|Snorlax|72/100 par\n|switch|p1a: Starmie|Starmie|45/100 par\n|\n|upkeep\n|turn|58\n|inactive|Laroxyl has 60 seconds left.\n|inactive|Serpi has 60 seconds left.\n|\n|t:|1788103587\n|move|p1a: Starmie|Thunder Wave|p2a: Snorlax\n|-fail|p2a: Snorlax|par\n|move|p2a: Snorlax|Body Slam|p1a: Starmie\n|-damage|p1a: Starmie|6/100 par\n|\n|upkeep\n|turn|59\n|inactive|Serpi has 60 seconds left.\n|\n|t:|1788103600\n|move|p1a: Starmie|Surf|p2a: Snorlax\n|-damage|p2a: Snorlax|45/100 par\n|move|p2a: Snorlax|Body Slam|p1a: Starmie\n|-damage|p1a: Starmie|0 fnt\n|faint|p1a: Starmie\n|\n|t:|1788103607\n|switch|p1a: Tauros|Tauros|100/100\n|turn|60\n|inactive|Serpi has 60 seconds left.\n|inactive|Laroxyl has 30 seconds left.\n|\n|t:|1788103643\n|move|p1a: Tauros|Body Slam|p2a: Snorlax\n|-crit|p2a: Snorlax\n|-damage|p2a: Snorlax|0 fnt\n|faint|p2a: Snorlax\n|inactive|Serpi has 30 seconds left.\n|inactive|Serpi has 20 seconds left.\n|inactive|Serpi has 15 seconds left.\n|inactive|Serpi has 10 seconds left.\n|\n|t:|1788103692\n|switch|p2a: Starmie|Starmie|100/100 par\n|turn|61\n|inactive|Serpi has 20 seconds left this turn.\n|inactive|Serpi has 15 seconds left.\n|inactive|Laroxyl has 30 seconds left.\n|inactive|Serpi has 10 seconds left.\n|inactive|Serpi has 5 seconds left.\n|inactive|Laroxyl has 20 seconds left.\n|inactive|Laroxyl has 15 seconds left.\n|\n|t:|1788103718\n|switch|p1a: Chansey|Chansey|86/100 par\n|switch|p2a: Tauros|Tauros|38/100\n|\n|upkeep\n|turn|62\n|inactive|Laroxyl has 25 seconds left this turn.\n|inactive|Serpi has 15 seconds left this turn.\n|inactive|Laroxyl has 20 seconds left.\n|\n|t:|1788103728\n|switch|p1a: Tauros|Tauros|100/100\n|move|p2a: Tauros|Body Slam|p1a: Tauros\n|-damage|p1a: Tauros|69/100\n|\n|upkeep\n|turn|63\n|inactive|Laroxyl has 30 seconds left this turn.\n|inactive|Serpi has 25 seconds left this turn.\n|inactive|Serpi has 20 seconds left.\n|inactive|Laroxyl has 20 seconds left.\n|inactive|Serpi has 15 seconds left.\n|inactive|Laroxyl has 15 seconds left.\n|\n|t:|1788103746\n|switch|p2a: Starmie|Starmie|100/100 par\n|move|p1a: Tauros|Body Slam|p2a: Starmie\n|-damage|p2a: Starmie|65/100 par\n|\n|upkeep\n|turn|64\n|inactive|Laroxyl has 25 seconds left this turn.\n|inactive|Serpi has 25 seconds left this turn.\n|inactive|Laroxyl has 20 seconds left.\n|inactive|Serpi has 20 seconds left.\n|inactive|Laroxyl has 15 seconds left.\n|inactive|Serpi has 15 seconds left.\n|\n|t:|1788103761\n|move|p1a: Tauros|Body Slam|p2a: Starmie\n|-damage|p2a: Starmie|33/100 par\n|move|p2a: Starmie|Thunder Wave|p1a: Tauros\n|-status|p1a: Tauros|par\n|\n|upkeep\n|turn|65\n|inactive|Laroxyl has 25 seconds left this turn.\n|inactive|Serpi has 25 seconds left this turn.\n|inactive|Laroxyl has 20 seconds left.\n|inactive|Serpi has 20 seconds left.\n|inactive|Laroxyl has 15 seconds left.\n|inactive|Serpi has 15 seconds left.\n|inactive|Laroxyl has 10 seconds left.\n|\n|t:|1788103778\n|move|p2a: Starmie|Blizzard|p1a: Tauros\n|-damage|p1a: Tauros|35/100 par\n|move|p1a: Tauros|Body Slam|p2a: Starmie\n|-damage|p2a: Starmie|0 fnt\n|faint|p2a: Starmie\n|inactive|Serpi has 20 seconds left this turn.\n|\n|t:|1788103783\n|switch|p2a: Zapdos|Zapdos|100/100\n|turn|66\n|inactive|Laroxyl has 25 seconds left this turn.\n|inactive|Serpi has 30 seconds left this turn.\n|inactive|Laroxyl has 20 seconds left.\n|inactive|Laroxyl has 15 seconds left.\n|inactive|Laroxyl has 10 seconds left.\n|\n|t:|1788103801\n|move|p2a: Zapdos|Thunderbolt|p1a: Tauros\n|-damage|p1a: Tauros|0 fnt\n|faint|p1a: Tauros\n|inactive|Laroxyl has 15 seconds left this turn.\n|\n|t:|1788103803\n|switch|p1a: Chansey|Chansey|86/100 par\n|turn|67\n|inactive|Laroxyl has 25 seconds left this turn.\n|inactive|Laroxyl has 20 seconds left.\n|\n|t:|1788103809\n|move|p2a: Zapdos|Drill Peck|p1a: Chansey\n|-damage|p1a: Chansey|50/100 par\n|move|p1a: Chansey|Thunder Wave|p2a: Zapdos\n|-status|p2a: Zapdos|par\n|\n|upkeep\n|turn|68\n|inactive|Laroxyl has 30 seconds left this turn.\n|\n|t:|1788103812\n|move|p2a: Zapdos|Drill Peck|p1a: Chansey\n|-damage|p1a: Chansey|15/100 par\n|move|p1a: Chansey|Soft-Boiled|p1a: Chansey\n|-heal|p1a: Chansey|65/100 par\n|\n|upkeep\n|turn|69\n|\n|t:|1788103815\n|cant|p2a: Zapdos|par\n|cant|p1a: Chansey|par\n|\n|upkeep\n|turn|70\n|\n|t:|1788103816\n|cant|p2a: Zapdos|par\n|move|p1a: Chansey|Soft-Boiled|p1a: Chansey\n|-heal|p1a: Chansey|100/100 par\n|\n|upkeep\n|turn|71\n|\n|t:|1788103818\n|move|p2a: Zapdos|Drill Peck|p1a: Chansey\n|-crit|p1a: Chansey\n|-damage|p1a: Chansey|37/100 par\n|move|p1a: Chansey|Ice Beam|p2a: Zapdos\n|-supereffective|p2a: Zapdos\n|-damage|p2a: Zapdos|67/100 par\n|\n|upkeep\n|turn|72\n|\n|t:|1788103821\n|move|p2a: Zapdos|Drill Peck|p1a: Chansey\n|-crit|p1a: Chansey\n|-damage|p1a: Chansey|0 fnt\n|faint|p1a: Chansey\n|\n|win|Serpi\n","uploadtime":1788103821,"views":"75","formatid":"gen1ou","rating":null,"private":0,"password":null}