{"id":"smogtours-gen1ou-967603","format":"[Gen 1] OU","players":["LNumbers","oligen1"],"log":"|inactive|Battle timer is ON: inactive players will automatically lose when time's up.\n|t:|1788116958\n|gametype|singles\n|player|p1|LNumbers|#rbywc2026|\n|player|p2|oligen1|blue-gen1rbtwo|\n|gen|1\n|tier|[Gen 1] OU\n|rule|Desync Clause Mod: Desyncs resolve to link battle behavior from the acting player's perspective.\n|rule|HP Percentage Mod: HP is shown in percentages\n|rule|Endless Battle Clause: Forcing endless battles is banned\n|rule|Sleep Clause Mod: Limit one foe put to sleep\n|rule|Freeze Clause Mod: Limit one foe frozen\n|rule|Species Clause: Limit one of each Pokémon\n|rule|OHKO Clause: OHKO moves are banned\n|rule|Evasion Moves Clause: Evasion moves are banned\n|\n|t:|1788116958\n|teamsize|p1|6\n|teamsize|p2|6\n|start\n|switch|p1a: Zapdos|Zapdos|100/100\n|switch|p2a: Starmie|Starmie|100/100\n|turn|1\n|inactive|oligen1 also wants the timer to be on.\n|c|☆oligen1|Enjoy :-)\n|c|☆LNumbers|u2 mate\n|inactive|LNumbers has 270 seconds left.\n|inactive|oligen1 has 270 seconds left.\n|\n|t:|1788117003\n|switch|p2a: Chansey|Chansey|100/100\n|move|p1a: Zapdos|Thunderbolt|p2a: Chansey\n|-crit|p2a: Chansey\n|-damage|p2a: Chansey|68/100\n|\n|upkeep\n|turn|2\n|\n|t:|1788117017\n|move|p1a: Zapdos|Thunder Wave|p2a: Chansey\n|-status|p2a: Chansey|par\n|move|p2a: Chansey|Soft-Boiled|p2a: Chansey\n|-heal|p2a: Chansey|100/100 par\n|\n|upkeep\n|turn|3\n|\n|t:|1788117023\n|switch|p2a: Rhydon|Rhydon|100/100\n|move|p1a: Zapdos|Drill Peck|p2a: Rhydon\n|-resisted|p2a: Rhydon\n|-damage|p2a: Rhydon|91/100\n|\n|upkeep\n|turn|4\n|\n|t:|1788117047\n|move|p1a: Zapdos|Drill Peck|p2a: Rhydon\n|-resisted|p2a: Rhydon\n|-damage|p2a: Rhydon|82/100\n|move|p2a: Rhydon|Body Slam|p1a: Zapdos\n|-crit|p1a: Zapdos\n|-damage|p1a: Zapdos|54/100\n|\n|upkeep\n|turn|5\n|\n|t:|1788117060\n|switch|p1a: Gengar|Gengar|100/100\n|move|p2a: Rhydon|Body Slam|p1a: Gengar\n|-immune|p1a: Gengar\n|\n|upkeep\n|turn|6\n|\n|t:|1788117076\n|switch|p1a: Exeggutor|Exeggutor|100/100\n|switch|p2a: Chansey|Chansey|100/100 par\n|\n|upkeep\n|turn|7\n|inactive|LNumbers has 270 seconds left.\n|\n|t:|1788117100\n|switch|p1a: Zapdos|Zapdos|54/100\n|cant|p2a: Chansey|par\n|\n|upkeep\n|turn|8\n|\n|t:|1788117107\n|switch|p2a: Rhydon|Rhydon|82/100\n|move|p1a: Zapdos|Drill Peck|p2a: Rhydon\n|-resisted|p2a: Rhydon\n|-damage|p2a: Rhydon|74/100\n|\n|upkeep\n|turn|9\n|\n|t:|1788117115\n|switch|p1a: Exeggutor|Exeggutor|100/100\n|move|p2a: Rhydon|Body Slam|p1a: Exeggutor\n|-damage|p1a: Exeggutor|79/100\n|\n|upkeep\n|turn|10\n|\n|t:|1788117121\n|switch|p1a: Snorlax|Snorlax|100/100\n|switch|p2a: Chansey|Chansey|100/100 par\n|\n|upkeep\n|turn|11\n|inactive|LNumbers has 270 seconds left.\n|\n|t:|1788117165\n|switch|p2a: Snorlax|Snorlax|100/100\n|move|p1a: Snorlax|Earthquake|p2a: Snorlax\n|-damage|p2a: Snorlax|78/100\n|\n|upkeep\n|turn|12\n|\n|t:|1788117171\n|move|p1a: Snorlax|Body Slam|p2a: Snorlax\n|-damage|p2a: Snorlax|53/100\n|move|p2a: Snorlax|Reflect|p2a: Snorlax\n|-start|p2a: Snorlax|Reflect\n|\n|upkeep\n|turn|13\n|inactive|LNumbers has 270 seconds left.\n|\n|t:|1788117178\n|switch|p1a: Gengar|Gengar|100/100\n|move|p2a: Snorlax|Earthquake|p1a: Gengar\n|-supereffective|p1a: Gengar\n|-damage|p1a: Gengar|25/100\n|\n|upkeep\n|turn|14\n|inactive|LNumbers has 270 seconds left.\n|inactive|oligen1 has 270 seconds left.\n|\n|t:|1788117212\n|switch|p1a: Exeggutor|Exeggutor|79/100\n|switch|p2a: Chansey|Chansey|100/100 par\n|\n|upkeep\n|turn|15\n|\n|t:|1788117220\n|switch|p1a: Snorlax|Snorlax|100/100\n|move|p2a: Chansey|Thunder Wave|p1a: Snorlax\n|-status|p1a: Snorlax|par\n|\n|upkeep\n|turn|16\n|inactive|LNumbers has 270 seconds left.\n|\n|t:|1788117235\n|switch|p2a: Snorlax|Snorlax|53/100\n|cant|p1a: Snorlax|par\n|\n|upkeep\n|turn|17\n|\n|t:|1788117241\n|move|p2a: Snorlax|Reflect|p2a: Snorlax\n|-start|p2a: Snorlax|Reflect\n|cant|p1a: Snorlax|par\n|\n|upkeep\n|turn|18\n|\n|t:|1788117246\n|move|p2a: Snorlax|Earthquake|p1a: Snorlax\n|-damage|p1a: Snorlax|79/100 par\n|move|p1a: Snorlax|Body Slam|p2a: Snorlax\n|-damage|p2a: Snorlax|41/100\n|\n|upkeep\n|turn|19\n|\n|t:|1788117258\n|move|p2a: Snorlax|Body Slam|p1a: Snorlax\n|-damage|p1a: Snorlax|54/100 par\n|move|p1a: Snorlax|Rest|p1a: Snorlax\n|-status|p1a: Snorlax|slp|[from] move: Rest\n|-heal|p1a: Snorlax|100/100 slp|[silent]\n|\n|upkeep\n|turn|20\n|\n|t:|1788117265\n|move|p2a: Snorlax|Rest|p2a: Snorlax\n|-status|p2a: Snorlax|slp|[from] move: Rest\n|-heal|p2a: Snorlax|100/100 slp|[silent]\n|cant|p1a: Snorlax|slp\n|\n|upkeep\n|turn|21\n|\n|t:|1788117272\n|switch|p1a: Exeggutor|Exeggutor|79/100\n|cant|p2a: Snorlax|slp\n|\n|upkeep\n|turn|22\n|\n|t:|1788117280\n|move|p1a: Exeggutor|Psychic|p2a: Snorlax\n|-damage|p2a: Snorlax|70/100 slp\n|-curestatus|p2a: Snorlax|slp|[msg]\n|\n|upkeep\n|turn|23\n|\n|t:|1788117285\n|switch|p2a: Chansey|Chansey|100/100 par\n|move|p1a: Exeggutor|Psychic|p2a: Chansey\n|-damage|p2a: Chansey|83/100 par\n|\n|upkeep\n|turn|24\n|\n|t:|1788117297\n|switch|p1a: Snorlax|Snorlax|100/100 slp\n|move|p2a: Chansey|Ice Beam|p1a: Snorlax\n|-damage|p1a: Snorlax|81/100 slp\n|\n|upkeep\n|turn|25\n|\n|t:|1788117302\n|-curestatus|p1a: Snorlax|slp|[msg]\n|move|p2a: Chansey|Thunder Wave|p1a: Snorlax\n|-status|p1a: Snorlax|par\n|\n|upkeep\n|turn|26\n|\n|t:|1788117307\n|switch|p2a: Snorlax|Snorlax|70/100\n|switch|p1a: Exeggutor|Exeggutor|79/100\n|\n|upkeep\n|turn|27\n|\n|t:|1788117321\n|switch|p2a: Chansey|Chansey|83/100 par\n|move|p1a: Exeggutor|Psychic|p2a: Chansey\n|-damage|p2a: Chansey|65/100 par\n|-unboost|p2a: Chansey|spa|1\n|-unboost|p2a: Chansey|spd|1\n|\n|upkeep\n|turn|28\n|inactive|LNumbers has 270 seconds left.\n|\n|t:|1788117379\n|switch|p1a: Snorlax|Snorlax|81/100 par\n|cant|p2a: Chansey|par\n|\n|upkeep\n|turn|29\n|\n|t:|1788117385\n|switch|p2a: Snorlax|Snorlax|70/100\n|move|p1a: Snorlax|Body Slam|p2a: Snorlax\n|-damage|p2a: Snorlax|44/100\n|\n|upkeep\n|turn|30\n|\n|t:|1788117392\n|switch|p1a: Exeggutor|Exeggutor|79/100\n|move|p2a: Snorlax|Reflect|p2a: Snorlax\n|-start|p2a: Snorlax|Reflect\n|\n|upkeep\n|turn|31\n|\n|t:|1788117402\n|switch|p2a: Chansey|Chansey|65/100 par\n|move|p1a: Exeggutor|Sleep Powder|p2a: Chansey|[miss]\n|-miss|p1a: Exeggutor\n|\n|upkeep\n|turn|32\n|\n|t:|1788117417\n|switch|p1a: Snorlax|Snorlax|81/100 par\n|move|p2a: Chansey|Soft-Boiled|p2a: Chansey\n|-heal|p2a: Chansey|100/100 par\n|\n|upkeep\n|turn|33\n|inactive|LNumbers has 270 seconds left.\n|\n|t:|1788117436\n|switch|p2a: Starmie|Starmie|100/100\n|cant|p1a: Snorlax|par\n|\n|upkeep\n|turn|34\n|inactive|LNumbers has 240 seconds left.\n|\n|t:|1788117466\n|switch|p1a: Starmie|Starmie|100/100\n|move|p2a: Starmie|Psychic|p1a: Starmie\n|-resisted|p1a: Starmie\n|-damage|p1a: Starmie|85/100\n|\n|upkeep\n|turn|35\n|\n|t:|1788117476\n|switch|p2a: Chansey|Chansey|100/100 par\n|move|p1a: Starmie|Thunder Wave|p2a: Chansey\n|-fail|p2a: Chansey|par\n|\n|upkeep\n|turn|36\n|\n|t:|1788117485\n|switch|p1a: Snorlax|Snorlax|81/100 par\n|switch|p2a: Snorlax|Snorlax|44/100\n|\n|upkeep\n|turn|37\n|inactive|LNumbers has 240 seconds left.\n|\n|t:|1788117505\n|switch|p1a: Tauros|Tauros|100/100\n|move|p2a: Snorlax|Reflect|p2a: Snorlax\n|-start|p2a: Snorlax|Reflect\n|\n|upkeep\n|turn|38\n|inactive|LNumbers has 240 seconds left.\n|\n|t:|1788117540\n|move|p1a: Tauros|Body Slam|p2a: Snorlax\n|-damage|p2a: Snorlax|30/100\n|move|p2a: Snorlax|Body Slam|p1a: Tauros|[miss]\n|-miss|p2a: Snorlax\n|-hint|In Gen 1, moves with 100% accuracy can still miss 1/256 of the time.\n|\n|upkeep\n|turn|39\n|\n|t:|1788117549\n|move|p1a: Tauros|Blizzard|p2a: Snorlax\n|-damage|p2a: Snorlax|10/100\n|-status|p2a: Snorlax|frz\n|cant|p2a: Snorlax|frz\n|\n|upkeep\n|turn|40\n|inactive|LNumbers has 210 seconds left.\n|\n|t:|1788117588\n|move|p1a: Tauros|Body Slam|p2a: Snorlax\n|-crit|p2a: Snorlax\n|-damage|p2a: Snorlax|0 fnt\n|faint|p2a: Snorlax\n|\n|t:|1788117592\n|switch|p2a: Exeggutor|Exeggutor|100/100\n|turn|41\n|inactive|LNumbers has 210 seconds left.\n|inactive|LNumbers has 180 seconds left.\n|\n|t:|1788117635\n|switch|p1a: Zapdos|Zapdos|54/100\n|move|p2a: Exeggutor|Sleep Powder|p1a: Zapdos\n|-status|p1a: Zapdos|slp|[from] move: Sleep Powder\n|\n|upkeep\n|turn|42\n|inactive|LNumbers has 180 seconds left.\n|\n|t:|1788117645\n|cant|p1a: Zapdos|slp\n|move|p2a: Exeggutor|Stun Spore|p1a: Zapdos\n|-fail|p1a: Zapdos\n|\n|upkeep\n|turn|43\n|inactive|LNumbers has 180 seconds left.\n|\n|t:|1788117658\n|cant|p1a: Zapdos|slp\n|move|p2a: Exeggutor|Stun Spore|p1a: Zapdos\n|-fail|p1a: Zapdos\n|\n|upkeep\n|turn|44\n|inactive|LNumbers has 180 seconds left.\n|\n|t:|1788117686\n|switch|p1a: Snorlax|Snorlax|81/100 par\n|move|p2a: Exeggutor|Psychic|p1a: Snorlax\n|-damage|p1a: Snorlax|47/100 par\n|\n|upkeep\n|turn|45\n|\n|t:|1788117695\n|switch|p2a: Rhydon|Rhydon|74/100\n|switch|p1a: Starmie|Starmie|85/100\n|\n|upkeep\n|turn|46\n|inactive|LNumbers has 180 seconds left.\n|\n|t:|1788117721\n|switch|p2a: Chansey|Chansey|100/100 par\n|move|p1a: Starmie|Psychic|p2a: Chansey\n|-damage|p2a: Chansey|85/100 par\n|-unboost|p2a: Chansey|spa|1\n|-unboost|p2a: Chansey|spd|1\n|\n|upkeep\n|turn|47\n|inactive|LNumbers has 150 seconds left.\n|\n|t:|1788117770\n|switch|p1a: Snorlax|Snorlax|47/100 par\n|switch|p2a: Exeggutor|Exeggutor|100/100\n|\n|upkeep\n|turn|48\n|\n|t:|1788117784\n|switch|p2a: Rhydon|Rhydon|74/100\n|switch|p1a: Starmie|Starmie|85/100\n|\n|upkeep\n|turn|49\n|\n|t:|1788117798\n|switch|p1a: Snorlax|Snorlax|47/100 par\n|move|p2a: Rhydon|Earthquake|p1a: Snorlax\n|-damage|p1a: Snorlax|10/100 par\n|\n|upkeep\n|turn|50\n|\n|t:|1788117815\n|switch|p1a: Exeggutor|Exeggutor|79/100\n|move|p2a: Rhydon|Body Slam|p1a: Exeggutor\n|-damage|p1a: Exeggutor|58/100\n|\n|upkeep\n|turn|51\n|\n|t:|1788117832\n|switch|p2a: Chansey|Chansey|85/100 par\n|move|p1a: Exeggutor|Psychic|p2a: Chansey\n|-damage|p2a: Chansey|67/100 par\n|\n|upkeep\n|turn|52\n|inactive|LNumbers has 120 seconds left.\n|\n|t:|1788117860\n|switch|p1a: Gengar|Gengar|25/100\n|move|p2a: Chansey|Thunder Wave|p1a: Gengar\n|-status|p1a: Gengar|par\n|\n|upkeep\n|turn|53\n|inactive|LNumbers has 90 seconds left.\n|inactive|LNumbers has 60 seconds left.\n|inactive|LNumbers has 30 seconds left.\n|\n|t:|1788117959\n|switch|p2a: Starmie|Starmie|100/100\n|move|p1a: Gengar|Explosion|p2a: Starmie\n|-crit|p2a: Starmie\n|-damage|p2a: Starmie|0 fnt\n|faint|p2a: Starmie\n|faint|p1a: Gengar\n|inactive|LNumbers has 30 seconds left this turn.\n|inactive|LNumbers has 20 seconds left.\n|inactive|LNumbers has 15 seconds left.\n|inactive|LNumbers has 10 seconds left.\n|inactive|oligen1 has 270 seconds left.\n|inactive|LNumbers has 5 seconds left.\n|\n|t:|1788117990\n|switch|p2a: Chansey|Chansey|67/100 par\n|switch|p1a: Exeggutor|Exeggutor|58/100\n|turn|54\n|inactive|LNumbers has 15 seconds left this turn.\n|inactive|LNumbers has 10 seconds left.\n|inactive|LNumbers has 5 seconds left.\n|\n|t:|1788118001\n|move|p1a: Exeggutor|Psychic|p2a: Chansey\n|-damage|p2a: Chansey|50/100 par\n|move|p2a: Chansey|Soft-Boiled|p2a: Chansey\n|-heal|p2a: Chansey|99/100 par\n|\n|upkeep\n|turn|55\n|inactive|LNumbers has 15 seconds left this turn.\n|\n|t:|1788118008\n|move|p1a: Exeggutor|Explosion|p2a: Chansey\n|-damage|p2a: Chansey|0 fnt\n|faint|p2a: Chansey\n|faint|p1a: Exeggutor\n|inactive|LNumbers has 20 seconds left this turn.\n|\n|t:|1788118016\n|switch|p1a: Starmie|Starmie|85/100\n|switch|p2a: Exeggutor|Exeggutor|100/100\n|turn|56\n|inactive|LNumbers has 30 seconds left this turn.\n|inactive|LNumbers has 20 seconds left.\n|inactive|LNumbers has 15 seconds left.\n|inactive|LNumbers has 10 seconds left.\n|\n|t:|1788118041\n|switch|p1a: Snorlax|Snorlax|10/100 par\n|move|p2a: Exeggutor|Stun Spore|p1a: Snorlax\n|-fail|p1a: Snorlax|par\n|\n|upkeep\n|turn|57\n|inactive|LNumbers has 20 seconds left this turn.\n|inactive|LNumbers has 15 seconds left.\n|\n|t:|1788118049\n|switch|p1a: Starmie|Starmie|85/100\n|move|p2a: Exeggutor|Psychic|p1a: Starmie\n|-resisted|p1a: Starmie\n|-damage|p1a: Starmie|67/100\n|\n|upkeep\n|turn|58\n|inactive|LNumbers has 25 seconds left this turn.\n|inactive|LNumbers has 20 seconds left.\n|inactive|LNumbers has 15 seconds left.\n|inactive|LNumbers has 10 seconds left.\n|\n|t:|1788118065\n|move|p1a: Starmie|Thunder Wave|p2a: Exeggutor\n|-status|p2a: Exeggutor|par\n|move|p2a: Exeggutor|Stun Spore|p1a: Starmie\n|-status|p1a: Starmie|par\n|\n|upkeep\n|turn|59\n|inactive|LNumbers has 20 seconds left this turn.\n|inactive|LNumbers has 15 seconds left.\n|inactive|LNumbers has 10 seconds left.\n|inactive|LNumbers has 5 seconds left.\n|inactive|oligen1 has 270 seconds left.\n|\n|t:|1788118109\n|move|p1a: Starmie|Blizzard|p2a: Exeggutor\n|-supereffective|p2a: Exeggutor\n|-damage|p2a: Exeggutor|57/100 par\n|cant|p2a: Exeggutor|par\n|\n|upkeep\n|turn|60\n|inactive|LNumbers has 15 seconds left this turn.\n|inactive|LNumbers has 10 seconds left.\n|inactive|LNumbers has 5 seconds left.\n|\n|t:|1788118134\n|move|p1a: Starmie|Blizzard|p2a: Exeggutor\n|-supereffective|p2a: Exeggutor\n|-damage|p2a: Exeggutor|19/100 par\n|move|p2a: Exeggutor|Psychic|p1a: Starmie\n|-resisted|p1a: Starmie\n|-damage|p1a: Starmie|49/100 par\n|\n|upkeep\n|turn|61\n|inactive|LNumbers has 15 seconds left this turn.\n|inactive|LNumbers has 10 seconds left.\n|inactive|LNumbers has 5 seconds left.\n|\n|t:|1788118148\n|move|p1a: Starmie|Recover|p1a: Starmie\n|-heal|p1a: Starmie|99/100 par\n|cant|p2a: Exeggutor|par\n|\n|upkeep\n|turn|62\n|inactive|LNumbers has 15 seconds left this turn.\n|\n|t:|1788118153\n|switch|p1a: Snorlax|Snorlax|10/100 par\n|move|p2a: Exeggutor|Explosion|p1a: Snorlax\n|-damage|p1a: Snorlax|0 fnt\n|faint|p1a: Snorlax\n|faint|p2a: Exeggutor\n|inactive|LNumbers has 20 seconds left this turn.\n|inactive|LNumbers has 15 seconds left.\n|\n|t:|1788118161\n|switch|p2a: Rhydon|Rhydon|74/100\n|switch|p1a: Tauros|Tauros|100/100\n|turn|63\n|inactive|LNumbers has 25 seconds left this turn.\n|inactive|oligen1 has 270 seconds left.\n|\n|t:|1788118166\n|move|p1a: Tauros|Blizzard|p2a: Rhydon\n|-supereffective|p2a: Rhydon\n|-damage|p2a: Rhydon|12/100\n|move|p2a: Rhydon|Earthquake|p1a: Tauros\n|-damage|p1a: Tauros|62/100\n|\n|upkeep\n|turn|64\n|inactive|LNumbers has 30 seconds left.\n|\n|t:|1788118180\n|move|p1a: Tauros|Blizzard|p2a: Rhydon\n|-crit|p2a: Rhydon\n|-supereffective|p2a: Rhydon\n|-damage|p2a: Rhydon|0 fnt\n|faint|p2a: Rhydon\n|\n|t:|1788118184\n|switch|p2a: Tauros|Tauros|100/100\n|turn|65\n|inactive|LNumbers has 30 seconds left.\n|inactive|LNumbers has 20 seconds left.\n|inactive|LNumbers has 15 seconds left.\n|inactive|LNumbers has 10 seconds left.\n|\n|t:|1788118215\n|switch|p1a: Zapdos|Zapdos|54/100 slp\n|move|p2a: Tauros|Body Slam|p1a: Zapdos\n|-damage|p1a: Zapdos|25/100 slp\n|\n|upkeep\n|turn|66\n|inactive|LNumbers has 20 seconds left this turn.\n|\n|t:|1788118220\n|move|p2a: Tauros|Body Slam|p1a: Zapdos\n|-damage|p1a: Zapdos|0 fnt\n|faint|p1a: Zapdos\n|inactive|LNumbers has 25 seconds left this turn.\n|\n|t:|1788118222\n|switch|p1a: Starmie|Starmie|99/100 par\n|turn|67\n|\n|t:|1788118226\n|move|p2a: Tauros|Body Slam|p1a: Starmie\n|-damage|p1a: Starmie|64/100 par\n|cant|p1a: Starmie|par\n|\n|upkeep\n|turn|68\n|inactive|LNumbers has 30 seconds left.\n|\n|t:|1788118242\n|move|p2a: Tauros|Body Slam|p1a: Starmie\n|-damage|p1a: Starmie|30/100 par\n|move|p1a: Starmie|Thunder Wave|p2a: Tauros\n|-status|p2a: Tauros|par\n|\n|upkeep\n|turn|69\n|inactive|LNumbers has 30 seconds left.\n|inactive|LNumbers has 20 seconds left.\n|\n|t:|1788118266\n|move|p1a: Starmie|Recover|p1a: Starmie\n|-heal|p1a: Starmie|80/100 par\n|move|p2a: Tauros|Body Slam|p1a: Starmie\n|-damage|p1a: Starmie|44/100 par\n|\n|upkeep\n|turn|70\n|inactive|LNumbers has 30 seconds left this turn.\n|\n|t:|1788118272\n|cant|p1a: Starmie|par\n|move|p2a: Tauros|Body Slam|p1a: Starmie\n|-crit|p1a: Starmie\n|-damage|p1a: Starmie|0 fnt\n|faint|p1a: Starmie\n|inactive|LNumbers has 30 seconds left this turn.\n|\n|t:|1788118276\n|switch|p1a: Tauros|Tauros|62/100\n|turn|71\n|\n|t:|1788118279\n|move|p1a: Tauros|Body Slam|p2a: Tauros\n|-damage|p2a: Tauros|70/100 par\n|cant|p2a: Tauros|par\n|\n|upkeep\n|turn|72\n|\n|t:|1788118286\n|move|p1a: Tauros|Body Slam|p2a: Tauros\n|-damage|p2a: Tauros|40/100 par\n|move|p2a: Tauros|Hyper Beam|p1a: Tauros\n|-damage|p1a: Tauros|8/100\n|-mustrecharge|p2a: Tauros\n|\n|upkeep\n|turn|73\n|\n|t:|1788118293\n|move|p1a: Tauros|Body Slam|p2a: Tauros\n|-crit|p2a: Tauros\n|-damage|p2a: Tauros|0 fnt\n|faint|p2a: Tauros\n|\n|win|LNumbers\n|c|☆LNumbers|gg\n|c|☆oligen1|g gwp\n","uploadtime":1788118293,"views":"80","formatid":"gen1ou","rating":null,"private":2,"password":null}