{"id":"smogtours-gen1ou-824064","format":"[Gen 1] OU","players":["shiloh","WarumFelix"],"log":"|inactive|Battle timer is ON: inactive players will automatically lose when time's up.\n|t:|1741533369\n|gametype|singles\n|player|p1|shiloh|#splxvitigers2|\n|player|p2|WarumFelix|lucas|\n|teamsize|p1|6\n|teamsize|p2|6\n|gen|1\n|tier|[Gen 1] OU\n|rule|Desync Clause Mod: Desyncs changed to move failure.\n|rule|Sleep Clause Mod: Limit one foe put to sleep\n|rule|Freeze Clause Mod: Limit one foe frozen\n|rule|Species Clause: Limit one of each Pokémon\n|rule|OHKO Clause: OHKO moves are banned\n|rule|Evasion Moves Clause: Evasion moves are banned\n|rule|Endless Battle Clause: Forcing endless battles is banned\n|rule|HP Percentage Mod: HP is shown in percentages\n|\n|t:|1741533369\n|start\n|switch|p1a: INVENTION|Jynx|100/100\n|switch|p2a: Gengar|Gengar|100/100\n|turn|1\n|c|☆WarumFelix|glhf\n|rated|Smogon Premier League\n|\n|t:|1741533396\n|move|p2a: Gengar|Hypnosis|p1a: INVENTION|[miss]\n|-miss|p2a: Gengar\n|move|p1a: INVENTION|Lovely Kiss|p2a: Gengar\n|-status|p2a: Gengar|slp|[from] move: Lovely Kiss\n|\n|upkeep\n|turn|2\n|\n|t:|1741533402\n|switch|p2a: Starmie|Starmie|100/100\n|move|p1a: INVENTION|Ice Beam|p2a: Starmie\n|-crit|p2a: Starmie\n|-resisted|p2a: Starmie\n|-damage|p2a: Starmie|70/100\n|\n|upkeep\n|turn|3\n|\n|t:|1741533407\n|move|p2a: Starmie|Surf|p1a: INVENTION\n|-damage|p1a: INVENTION|63/100\n|move|p1a: INVENTION|Ice Beam|p2a: Starmie\n|-resisted|p2a: Starmie\n|-damage|p2a: Starmie|54/100\n|\n|upkeep\n|turn|4\n|\n|t:|1741533415\n|switch|p1a: REASON|Alakazam|100/100\n|move|p2a: Starmie|Recover|p2a: Starmie\n|-heal|p2a: Starmie|100/100\n|\n|upkeep\n|turn|5\n|\n|t:|1741533421\n|switch|p2a: Chansey|Chansey|100/100\n|move|p1a: REASON|Thunder Wave|p2a: Chansey\n|-status|p2a: Chansey|par\n|\n|upkeep\n|turn|6\n|\n|t:|1741533423\n|switch|p1a: INVENTION|Jynx|63/100\n|move|p2a: Chansey|Sing|p1a: INVENTION|[miss]\n|-miss|p2a: Chansey\n|\n|upkeep\n|turn|7\n|\n|t:|1741533426\n|move|p1a: INVENTION|Psychic|p2a: Chansey\n|-damage|p2a: Chansey|87/100 par\n|move|p2a: Chansey|Thunder Wave|p1a: INVENTION\n|-status|p1a: INVENTION|par\n|\n|upkeep\n|turn|8\n|\n|t:|1741533428\n|move|p1a: INVENTION|Psychic|p2a: Chansey\n|-damage|p2a: Chansey|72/100 par\n|move|p2a: Chansey|Seismic Toss|p1a: INVENTION\n|-damage|p1a: INVENTION|33/100 par\n|\n|upkeep\n|turn|9\n|\n|t:|1741533431\n|cant|p1a: INVENTION|par\n|move|p2a: Chansey|Soft-Boiled|p2a: Chansey\n|-heal|p2a: Chansey|100/100 par\n|\n|upkeep\n|turn|10\n|\n|t:|1741533434\n|switch|p2a: Tauros|Tauros|100/100\n|move|p1a: INVENTION|Rest|p1a: INVENTION\n|-status|p1a: INVENTION|slp|[from] move: Rest\n|-heal|p1a: INVENTION|100/100 slp|[silent]\n|\n|upkeep\n|turn|11\n|\n|t:|1741533438\n|switch|p1a: RETRIBUTION|Snorlax|100/100\n|move|p2a: Tauros|Body Slam|p1a: RETRIBUTION\n|-damage|p1a: RETRIBUTION|75/100\n|\n|upkeep\n|turn|12\n|\n|t:|1741533467\n|move|p2a: Tauros|Body Slam|p1a: RETRIBUTION\n|-damage|p1a: RETRIBUTION|51/100\n|move|p1a: RETRIBUTION|Body Slam|p2a: Tauros\n|-damage|p2a: Tauros|69/100\n|\n|upkeep\n|turn|13\n|inactive|WarumFelix has 270 seconds left.\n|\n|t:|1741533504\n|move|p2a: Tauros|Body Slam|p1a: RETRIBUTION\n|-damage|p1a: RETRIBUTION|25/100\n|move|p1a: RETRIBUTION|Earthquake|p2a: Tauros\n|-damage|p2a: Tauros|46/100\n|\n|upkeep\n|turn|14\n|inactive|WarumFelix has 240 seconds left.\n|\n|t:|1741533532\n|switch|p1a: KORAVELLIUM AVAST|Exeggutor|100/100\n|move|p2a: Tauros|Body Slam|p1a: KORAVELLIUM AVAST\n|-damage|p1a: KORAVELLIUM AVAST|75/100\n|\n|upkeep\n|turn|15\n|inactive|WarumFelix has 240 seconds left.\n|\n|t:|1741533547\n|switch|p2a: Exeggutor|Exeggutor|100/100\n|move|p1a: KORAVELLIUM AVAST|Stun Spore|p2a: Exeggutor\n|-status|p2a: Exeggutor|par\n|\n|upkeep\n|turn|16\n|inactive|WarumFelix has 240 seconds left.\n|\n|t:|1741533558\n|move|p1a: KORAVELLIUM AVAST|Psychic|p2a: Exeggutor\n|-resisted|p2a: Exeggutor\n|-damage|p2a: Exeggutor|87/100 par\n|move|p2a: Exeggutor|Stun Spore|p1a: KORAVELLIUM AVAST\n|-status|p1a: KORAVELLIUM AVAST|par\n|\n|upkeep\n|turn|17\n|inactive|WarumFelix has 240 seconds left.\n|\n|t:|1741533575\n|move|p1a: KORAVELLIUM AVAST|Psychic|p2a: Exeggutor\n|-resisted|p2a: Exeggutor\n|-damage|p2a: Exeggutor|74/100 par\n|-unboost|p2a: Exeggutor|spa|1\n|-unboost|p2a: Exeggutor|spd|1\n|move|p2a: Exeggutor|Psychic|p1a: KORAVELLIUM AVAST\n|-resisted|p1a: KORAVELLIUM AVAST\n|-damage|p1a: KORAVELLIUM AVAST|66/100 par\n|\n|upkeep\n|turn|18\n|inactive|WarumFelix has 240 seconds left.\n|\n|t:|1741533589\n|move|p1a: KORAVELLIUM AVAST|Psychic|p2a: Exeggutor\n|-resisted|p2a: Exeggutor\n|-damage|p2a: Exeggutor|53/100 par\n|-unboost|p2a: Exeggutor|spa|1\n|-unboost|p2a: Exeggutor|spd|1\n|move|p2a: Exeggutor|Psychic|p1a: KORAVELLIUM AVAST\n|-resisted|p1a: KORAVELLIUM AVAST\n|-damage|p1a: KORAVELLIUM AVAST|59/100 par\n|\n|upkeep\n|turn|19\n|inactive|WarumFelix has 240 seconds left.\n|\n|t:|1741533601\n|switch|p2a: Starmie|Starmie|100/100\n|cant|p1a: KORAVELLIUM AVAST|par\n|\n|upkeep\n|turn|20\n|\n|t:|1741533604\n|switch|p2a: Exeggutor|Exeggutor|53/100 par\n|move|p1a: KORAVELLIUM AVAST|Stun Spore|p2a: Exeggutor\n|-fail|p2a: Exeggutor|par\n|\n|upkeep\n|turn|21\n|\n|t:|1741533615\n|move|p1a: KORAVELLIUM AVAST|Explosion|p2a: Exeggutor\n|-damage|p2a: Exeggutor|0 fnt\n|faint|p2a: Exeggutor\n|faint|p1a: KORAVELLIUM AVAST\n|\n|t:|1741533629\n|switch|p2a: Starmie|Starmie|100/100\n|switch|p1a: RETRIBUTION|Snorlax|25/100\n|turn|22\n|\n|t:|1741533640\n|switch|p1a: REASON|Alakazam|100/100\n|move|p2a: Starmie|Thunder Wave|p1a: REASON\n|-status|p1a: REASON|par\n|\n|upkeep\n|turn|23\n|\n|t:|1741533645\n|switch|p2a: Chansey|Chansey|100/100 par\n|move|p1a: REASON|Thunder Wave|p2a: Chansey\n|-fail|p2a: Chansey|par\n|\n|upkeep\n|turn|24\n|\n|t:|1741533652\n|move|p1a: REASON|Psychic|p2a: Chansey\n|-damage|p2a: Chansey|82/100 par\n|cant|p2a: Chansey|par\n|\n|upkeep\n|turn|25\n|\n|t:|1741533654\n|move|p1a: REASON|Psychic|p2a: Chansey\n|-damage|p2a: Chansey|64/100 par\n|move|p2a: Chansey|Seismic Toss|p1a: REASON\n|-damage|p1a: REASON|69/100 par\n|\n|upkeep\n|turn|26\n|\n|t:|1741533657\n|move|p1a: REASON|Recover|p1a: REASON\n|-heal|p1a: REASON|100/100 par\n|move|p2a: Chansey|Soft-Boiled|p2a: Chansey\n|-heal|p2a: Chansey|100/100 par\n|\n|upkeep\n|turn|27\n|\n|t:|1741533658\n|move|p1a: REASON|Psychic|p2a: Chansey\n|-damage|p2a: Chansey|82/100 par\n|move|p2a: Chansey|Seismic Toss|p1a: REASON\n|-damage|p1a: REASON|69/100 par\n|\n|upkeep\n|turn|28\n|\n|t:|1741533660\n|move|p1a: REASON|Recover|p1a: REASON\n|-heal|p1a: REASON|100/100 par\n|cant|p2a: Chansey|par\n|\n|upkeep\n|turn|29\n|\n|t:|1741533662\n|move|p1a: REASON|Psychic|p2a: Chansey\n|-damage|p2a: Chansey|64/100 par\n|cant|p2a: Chansey|par\n|\n|upkeep\n|turn|30\n|\n|t:|1741533671\n|switch|p1a: RETRIBUTION|Snorlax|25/100\n|move|p2a: Chansey|Seismic Toss|p1a: RETRIBUTION\n|-damage|p1a: RETRIBUTION|6/100\n|\n|upkeep\n|turn|31\n|\n|t:|1741533678\n|switch|p2a: Gengar|Gengar|100/100 slp\n|move|p1a: RETRIBUTION|Body Slam|p2a: Gengar\n|-immune|p2a: Gengar\n|\n|upkeep\n|turn|32\n|\n|t:|1741533683\n|-curestatus|p2a: Gengar|slp|[msg]\n|move|p1a: RETRIBUTION|Body Slam|p2a: Gengar\n|-immune|p2a: Gengar\n|\n|upkeep\n|turn|33\n|\n|t:|1741533688\n|switch|p2a: Snorlax|Snorlax|100/100\n|switch|p1a: REASON|Alakazam|100/100 par\n|\n|upkeep\n|turn|34\n|\n|t:|1741533695\n|move|p2a: Snorlax|Body Slam|p1a: REASON\n|-damage|p1a: REASON|49/100 par\n|move|p1a: REASON|Thunder Wave|p2a: Snorlax\n|-status|p2a: Snorlax|par\n|\n|upkeep\n|turn|35\n|\n|t:|1741533703\n|move|p1a: REASON|Recover|p1a: REASON\n|-heal|p1a: REASON|99/100 par\n|move|p2a: Snorlax|Body Slam|p1a: REASON\n|-damage|p1a: REASON|46/100 par\n|\n|upkeep\n|turn|36\n|\n|t:|1741533717\n|switch|p1a: INVENTION|Jynx|100/100 slp\n|move|p2a: Snorlax|Body Slam|p1a: INVENTION\n|-damage|p1a: INVENTION|42/100 slp\n|\n|upkeep\n|turn|37\n|\n|t:|1741533719\n|cant|p1a: INVENTION|slp\n|move|p2a: Snorlax|Body Slam|p1a: INVENTION\n|-damage|p1a: INVENTION|0 fnt\n|faint|p1a: INVENTION\n|\n|t:|1741533722\n|switch|p1a: RETRIBUTION|Snorlax|6/100\n|turn|38\n|inactive|WarumFelix has 270 seconds left.\n|\n|t:|1741533782\n|switch|p2a: Gengar|Gengar|100/100\n|move|p1a: RETRIBUTION|Earthquake|p2a: Gengar\n|-supereffective|p2a: Gengar\n|-damage|p2a: Gengar|25/100\n|\n|upkeep\n|turn|39\n|\n|t:|1741533790\n|switch|p1a: STORMBLESSED|Tauros|100/100\n|move|p2a: Gengar|Thunderbolt|p1a: STORMBLESSED\n|-damage|p1a: STORMBLESSED|69/100\n|\n|upkeep\n|turn|40\n|inactive|WarumFelix has 240 seconds left.\n|\n|t:|1741533828\n|move|p1a: STORMBLESSED|Earthquake|p2a: Gengar\n|-supereffective|p2a: Gengar\n|-damage|p2a: Gengar|0 fnt\n|faint|p2a: Gengar\n|\n|t:|1741533829\n|switch|p2a: Starmie|Starmie|100/100\n|turn|41\n|\n|t:|1741533837\n|move|p2a: Starmie|Surf|p1a: STORMBLESSED\n|-damage|p1a: STORMBLESSED|33/100\n|move|p1a: STORMBLESSED|Body Slam|p2a: Starmie\n|-damage|p2a: Starmie|66/100\n|\n|upkeep\n|turn|42\n|\n|t:|1741533846\n|switch|p1a: RETRIBUTION|Snorlax|6/100\n|move|p2a: Starmie|Surf|p1a: RETRIBUTION\n|-damage|p1a: RETRIBUTION|0 fnt\n|faint|p1a: RETRIBUTION\n|\n|t:|1741533847\n|switch|p1a: REASON|Alakazam|46/100 par\n|turn|43\n|\n|t:|1741533855\n|switch|p2a: Snorlax|Snorlax|100/100 par\n|move|p1a: REASON|Recover|p1a: REASON\n|-heal|p1a: REASON|95/100 par\n|\n|upkeep\n|turn|44\n|\n|t:|1741533870\n|switch|p2a: Chansey|Chansey|64/100 par\n|cant|p1a: REASON|par\n|\n|upkeep\n|turn|45\n|\n|t:|1741533873\n|move|p1a: REASON|Psychic|p2a: Chansey\n|-crit|p2a: Chansey\n|-damage|p2a: Chansey|31/100 par\n|-unboost|p2a: Chansey|spa|1\n|-unboost|p2a: Chansey|spd|1\n|move|p2a: Chansey|Seismic Toss|p1a: REASON\n|-damage|p1a: REASON|63/100 par\n|\n|upkeep\n|turn|46\n|\n|t:|1741533876\n|move|p1a: REASON|Recover|p1a: REASON\n|-heal|p1a: REASON|100/100 par\n|move|p2a: Chansey|Soft-Boiled|p2a: Chansey\n|-heal|p2a: Chansey|81/100 par\n|\n|upkeep\n|turn|47\n|\n|t:|1741533878\n|move|p1a: REASON|Psychic|p2a: Chansey\n|-crit|p2a: Chansey\n|-damage|p2a: Chansey|44/100 par\n|move|p2a: Chansey|Seismic Toss|p1a: REASON\n|-damage|p1a: REASON|69/100 par\n|\n|upkeep\n|turn|48\n|\n|t:|1741533882\n|cant|p1a: REASON|par\n|cant|p2a: Chansey|par\n|\n|upkeep\n|turn|49\n|\n|t:|1741533884\n|move|p1a: REASON|Recover|p1a: REASON\n|-heal|p1a: REASON|100/100 par\n|move|p2a: Chansey|Soft-Boiled|p2a: Chansey\n|-heal|p2a: Chansey|94/100 par\n|\n|upkeep\n|turn|50\n|\n|t:|1741533885\n|cant|p1a: REASON|par\n|move|p2a: Chansey|Seismic Toss|p1a: REASON\n|-damage|p1a: REASON|69/100 par\n|\n|upkeep\n|turn|51\n|\n|t:|1741533892\n|move|p1a: REASON|Thunder Wave|p2a: Chansey\n|-fail|p2a: Chansey|par\n|move|p2a: Chansey|Seismic Toss|p1a: REASON|[miss]\n|-miss|p2a: Chansey\n|-hint|In Gen 1, moves with 100% accuracy can still miss 1/256 of the time.\n|\n|upkeep\n|turn|52\n|\n|t:|1741533896\n|move|p1a: REASON|Recover|p1a: REASON\n|-heal|p1a: REASON|100/100 par\n|cant|p2a: Chansey|par\n|\n|upkeep\n|turn|53\n|\n|t:|1741533898\n|move|p1a: REASON|Psychic|p2a: Chansey\n|-damage|p2a: Chansey|67/100 par\n|cant|p2a: Chansey|par\n|\n|upkeep\n|turn|54\n|\n|t:|1741533900\n|move|p1a: REASON|Psychic|p2a: Chansey\n|-damage|p2a: Chansey|41/100 par\n|cant|p2a: Chansey|par\n|\n|upkeep\n|turn|55\n|\n|t:|1741533910\n|move|p1a: REASON|Psychic|p2a: Chansey\n|-crit|p2a: Chansey\n|-damage|p2a: Chansey|6/100 par\n|move|p2a: Chansey|Seismic Toss|p1a: REASON\n|-damage|p1a: REASON|69/100 par\n|\n|upkeep\n|turn|56\n|\n|t:|1741533922\n|move|p1a: REASON|Recover|p1a: REASON\n|-heal|p1a: REASON|100/100 par\n|move|p2a: Chansey|Soft-Boiled|p2a: Chansey\n|-heal|p2a: Chansey|56/100 par\n|\n|upkeep\n|turn|57\n|\n|t:|1741533928\n|move|p1a: REASON|Psychic|p2a: Chansey\n|-damage|p2a: Chansey|30/100 par\n|-unboost|p2a: Chansey|spa|1\n|-unboost|p2a: Chansey|spd|1\n|move|p2a: Chansey|Soft-Boiled|p2a: Chansey\n|-heal|p2a: Chansey|80/100 par\n|\n|upkeep\n|turn|58\n|\n|t:|1741533933\n|move|p1a: REASON|Seismic Toss|p2a: Chansey\n|-damage|p2a: Chansey|66/100 par\n|move|p2a: Chansey|Seismic Toss|p1a: REASON\n|-damage|p1a: REASON|69/100 par\n|\n|upkeep\n|turn|59\n|\n|t:|1741533937\n|move|p1a: REASON|Recover|p1a: REASON\n|-heal|p1a: REASON|100/100 par\n|move|p2a: Chansey|Soft-Boiled|p2a: Chansey\n|-heal|p2a: Chansey|100/100 par\n|\n|upkeep\n|turn|60\n|\n|t:|1741533938\n|move|p1a: REASON|Psychic|p2a: Chansey\n|-crit|p2a: Chansey\n|-damage|p2a: Chansey|67/100 par\n|-unboost|p2a: Chansey|spa|1\n|-unboost|p2a: Chansey|spd|1\n|move|p2a: Chansey|Seismic Toss|p1a: REASON\n|-damage|p1a: REASON|69/100 par\n|\n|upkeep\n|turn|61\n|\n|t:|1741533944\n|move|p1a: REASON|Seismic Toss|p2a: Chansey\n|-damage|p2a: Chansey|53/100 par\n|move|p2a: Chansey|Soft-Boiled|p2a: Chansey\n|-heal|p2a: Chansey|100/100 par\n|\n|upkeep\n|turn|62\n|\n|t:|1741533946\n|switch|p2a: Snorlax|Snorlax|100/100 par\n|cant|p1a: REASON|par\n|\n|upkeep\n|turn|63\n|\n|t:|1741533952\n|move|p1a: REASON|Psychic|p2a: Snorlax\n|-damage|p2a: Snorlax|68/100 par\n|move|p2a: Snorlax|Hyper Beam|p1a: REASON\n|-damage|p1a: REASON|0 fnt\n|faint|p1a: REASON\n|\n|t:|1741533972\n|switch|p1a: STORMBLESSED|Tauros|33/100\n|turn|64\n|\n|t:|1741533994\n|move|p1a: STORMBLESSED|Body Slam|p2a: Snorlax\n|-damage|p2a: Snorlax|42/100 par\n|move|p2a: Snorlax|Hyper Beam|p1a: STORMBLESSED\n|-damage|p1a: STORMBLESSED|0 fnt\n|faint|p1a: STORMBLESSED\n|\n|t:|1741533997\n|switch|p1a: MERCY|Zapdos|100/100\n|turn|65\n|\n|t:|1741534010\n|move|p1a: MERCY|Thunderbolt|p2a: Snorlax\n|-damage|p2a: Snorlax|9/100 par\n|cant|p2a: Snorlax|par\n|\n|upkeep\n|turn|66\n|\n|t:|1741534019\n|move|p1a: MERCY|Thunderbolt|p2a: Snorlax\n|-damage|p2a: Snorlax|0 fnt\n|faint|p2a: Snorlax\n|inactive|WarumFelix has 270 seconds left.\n|inactive|WarumFelix has 240 seconds left.\n|\n|t:|1741534100\n|switch|p2a: Tauros|Tauros|46/100\n|turn|67\n|\n|t:|1741534110\n|move|p2a: Tauros|Hyper Beam|p1a: MERCY\n|-crit|p1a: MERCY\n|-damage|p1a: MERCY|1/100\n|-mustrecharge|p2a: Tauros\n|move|p1a: MERCY|Agility|p1a: MERCY\n|-boost|p1a: MERCY|spe|2\n|\n|upkeep\n|turn|68\n|\n|t:|1741534114\n|move|p1a: MERCY|Thunderbolt|p2a: Tauros\n|-damage|p2a: Tauros|0 fnt\n|faint|p2a: Tauros\n|\n|t:|1741534116\n|switch|p2a: Chansey|Chansey|100/100 par\n|turn|69\n|\n|t:|1741534117\n|move|p1a: MERCY|Drill Peck|p2a: Chansey\n|-damage|p2a: Chansey|64/100 par\n|cant|p2a: Chansey|par\n|\n|upkeep\n|turn|70\n|\n|t:|1741534119\n|move|p1a: MERCY|Drill Peck|p2a: Chansey\n|-crit|p2a: Chansey\n|-damage|p2a: Chansey|0 fnt\n|faint|p2a: Chansey\n|\n|t:|1741534121\n|switch|p2a: Starmie|Starmie|66/100\n|turn|71\n|\n|t:|1741534123\n|move|p1a: MERCY|Thunderbolt|p2a: Starmie\n|-supereffective|p2a: Starmie\n|-damage|p2a: Starmie|0 fnt\n|faint|p2a: Starmie\n|\n|win|shiloh\n","uploadtime":1741534123,"views":"1557","formatid":"gen1ou","rating":null,"private":0,"password":null}