{"id":"smogtours-gen1ou-815958","format":"[Gen 1] OU","players":["Serpi n_n","spies (psychic)"],"log":"|inactive|Battle timer is ON: inactive players will automatically lose when time's up.\n|t:|1737835377\n|gametype|singles\n|player|p1|Serpi n_n|#splxviraiders|\n|player|p2|spies (psychic)|psychic-gen1rb|\n|teamsize|p1|6\n|teamsize|p2|6\n|gen|1\n|tier|[Gen 1] OU\n|rule|Desync Clause Mod: Desyncs changed to move failure.\n|rule|Sleep Clause Mod: Limit one foe put to sleep\n|rule|Freeze Clause Mod: Limit one foe frozen\n|rule|Species Clause: Limit one of each Pokémon\n|rule|OHKO Clause: OHKO moves are banned\n|rule|Evasion Moves Clause: Evasion moves are banned\n|rule|Endless Battle Clause: Forcing endless battles is banned\n|rule|HP Percentage Mod: HP is shown in percentages\n|\n|t:|1737835377\n|start\n|switch|p1a: Starmie|Starmie|100/100\n|switch|p2a: Alakazam|Alakazam|100/100\n|turn|1\n|c|☆Serpi n_n|hf\n|c|☆spies (psychic)|hf\n|rated|Smogon Premier League\n|inactive|Serpi n_n has 270 seconds left.\n|inactive|Serpi n_n has 240 seconds left.\n|\n|t:|1737835454\n|move|p2a: Alakazam|Thunder Wave|p1a: Starmie\n|-status|p1a: Starmie|par\n|move|p1a: Starmie|Blizzard|p2a: Alakazam\n|-damage|p2a: Alakazam|76/100\n|\n|upkeep\n|turn|2\n|\n|t:|1737835463\n|switch|p1a: Exeggutor|Exeggutor|100/100\n|move|p2a: Alakazam|Psychic|p1a: Exeggutor\n|-resisted|p1a: Exeggutor\n|-damage|p1a: Exeggutor|87/100\n|\n|upkeep\n|turn|3\n|\n|t:|1737835471\n|move|p2a: Alakazam|Thunder Wave|p1a: Exeggutor\n|-status|p1a: Exeggutor|par\n|move|p1a: Exeggutor|Sleep Powder|p2a: Alakazam\n|-status|p2a: Alakazam|slp|[from] move: Sleep Powder\n|\n|upkeep\n|turn|4\n|inactive|Serpi n_n has 270 seconds left.\n|\n|t:|1737835504\n|switch|p2a: Chansey|Chansey|100/100\n|switch|p1a: Tauros|Tauros|100/100\n|\n|upkeep\n|turn|5\n|\n|t:|1737835522\n|switch|p1a: Starmie|Starmie|100/100 par\n|move|p2a: Chansey|Seismic Toss|p1a: Starmie\n|-damage|p1a: Starmie|70/100 par\n|\n|upkeep\n|turn|6\n|\n|t:|1737835530\n|move|p2a: Chansey|Seismic Toss|p1a: Starmie\n|-damage|p1a: Starmie|39/100 par\n|move|p1a: Starmie|Thunder Wave|p2a: Chansey\n|-status|p2a: Chansey|par\n|\n|upkeep\n|turn|7\n|\n|t:|1737835537\n|cant|p1a: Starmie|par\n|move|p2a: Chansey|Seismic Toss|p1a: Starmie\n|-damage|p1a: Starmie|8/100 par\n|\n|upkeep\n|turn|8\n|\n|t:|1737835544\n|move|p1a: Starmie|Recover|p1a: Starmie\n|-heal|p1a: Starmie|57/100 par\n|move|p2a: Chansey|Seismic Toss|p1a: Starmie\n|-damage|p1a: Starmie|27/100 par\n|\n|upkeep\n|turn|9\n|\n|t:|1737835551\n|move|p1a: Starmie|Recover|p1a: Starmie\n|-heal|p1a: Starmie|76/100 par\n|move|p2a: Chansey|Seismic Toss|p1a: Starmie\n|-damage|p1a: Starmie|45/100 par\n|\n|upkeep\n|turn|10\n|\n|t:|1737835559\n|move|p1a: Starmie|Recover|p1a: Starmie\n|-heal|p1a: Starmie|95/100 par\n|move|p2a: Chansey|Seismic Toss|p1a: Starmie\n|-damage|p1a: Starmie|64/100 par\n|\n|upkeep\n|turn|11\n|\n|t:|1737835567\n|move|p1a: Starmie|Recover|p1a: Starmie\n|-heal|p1a: Starmie|100/100 par\n|move|p2a: Chansey|Seismic Toss|p1a: Starmie\n|-damage|p1a: Starmie|70/100 par\n|\n|upkeep\n|turn|12\n|\n|t:|1737835574\n|move|p1a: Starmie|Recover|p1a: Starmie\n|-heal|p1a: Starmie|100/100 par\n|cant|p2a: Chansey|par\n|\n|upkeep\n|turn|13\n|\n|t:|1737835581\n|move|p1a: Starmie|Psychic|p2a: Chansey\n|-damage|p2a: Chansey|85/100 par\n|cant|p2a: Chansey|par\n|\n|upkeep\n|turn|14\n|raw|<div class=\"broadcast-red\"><strong>Moderated chat was set to ☆!</strong><br />Only users of rank ☆ and higher can talk.</div>\n|\n|t:|1737835589\n|move|p1a: Starmie|Psychic|p2a: Chansey\n|-damage|p2a: Chansey|70/100 par\n|cant|p2a: Chansey|par\n|\n|upkeep\n|turn|15\n|\n|t:|1737835597\n|move|p1a: Starmie|Psychic|p2a: Chansey\n|-damage|p2a: Chansey|57/100 par\n|move|p2a: Chansey|Soft-Boiled|p2a: Chansey\n|-heal|p2a: Chansey|100/100 par\n|\n|upkeep\n|turn|16\n|\n|t:|1737835617\n|cant|p1a: Starmie|par\n|move|p2a: Chansey|Seismic Toss|p1a: Starmie\n|-damage|p1a: Starmie|70/100 par\n|\n|upkeep\n|turn|17\n|\n|t:|1737835624\n|move|p1a: Starmie|Recover|p1a: Starmie\n|-heal|p1a: Starmie|100/100 par\n|move|p2a: Chansey|Seismic Toss|p1a: Starmie\n|-damage|p1a: Starmie|70/100 par\n|\n|upkeep\n|turn|18\n|\n|t:|1737835632\n|cant|p1a: Starmie|par\n|move|p2a: Chansey|Seismic Toss|p1a: Starmie\n|-damage|p1a: Starmie|39/100 par\n|\n|upkeep\n|turn|19\n|\n|t:|1737835641\n|move|p1a: Starmie|Recover|p1a: Starmie\n|-heal|p1a: Starmie|88/100 par\n|move|p2a: Chansey|Seismic Toss|p1a: Starmie\n|-damage|p1a: Starmie|57/100 par\n|\n|upkeep\n|turn|20\n|\n|t:|1737835648\n|move|p1a: Starmie|Recover|p1a: Starmie\n|-heal|p1a: Starmie|100/100 par\n|move|p2a: Chansey|Seismic Toss|p1a: Starmie\n|-damage|p1a: Starmie|70/100 par\n|\n|upkeep\n|turn|21\n|\n|t:|1737835655\n|cant|p1a: Starmie|par\n|cant|p2a: Chansey|par\n|\n|upkeep\n|turn|22\n|\n|t:|1737835660\n|cant|p1a: Starmie|par\n|move|p2a: Chansey|Seismic Toss|p1a: Starmie\n|-damage|p1a: Starmie|39/100 par\n|\n|upkeep\n|turn|23\n|\n|t:|1737835667\n|cant|p1a: Starmie|par\n|move|p2a: Chansey|Seismic Toss|p1a: Starmie\n|-damage|p1a: Starmie|8/100 par\n|\n|upkeep\n|turn|24\n|\n|t:|1737835682\n|move|p1a: Starmie|Recover|p1a: Starmie\n|-heal|p1a: Starmie|57/100 par\n|cant|p2a: Chansey|par\n|\n|upkeep\n|turn|25\n|\n|t:|1737835688\n|move|p1a: Starmie|Recover|p1a: Starmie\n|-heal|p1a: Starmie|100/100 par\n|move|p2a: Chansey|Seismic Toss|p1a: Starmie\n|-damage|p1a: Starmie|70/100 par\n|\n|upkeep\n|turn|26\n|\n|t:|1737835695\n|move|p1a: Starmie|Recover|p1a: Starmie\n|-heal|p1a: Starmie|100/100 par\n|cant|p2a: Chansey|par\n|\n|upkeep\n|turn|27\n|\n|t:|1737835704\n|move|p1a: Starmie|Psychic|p2a: Chansey\n|-damage|p2a: Chansey|85/100 par\n|-unboost|p2a: Chansey|spa|1\n|-unboost|p2a: Chansey|spd|1\n|move|p2a: Chansey|Seismic Toss|p1a: Starmie\n|-damage|p1a: Starmie|70/100 par\n|\n|upkeep\n|turn|28\n|\n|t:|1737835712\n|move|p1a: Starmie|Recover|p1a: Starmie\n|-heal|p1a: Starmie|100/100 par\n|move|p2a: Chansey|Soft-Boiled|p2a: Chansey\n|-heal|p2a: Chansey|100/100 par\n|\n|upkeep\n|turn|29\n|inactive|Serpi n_n has 270 seconds left.\n|\n|t:|1737835748\n|move|p1a: Starmie|Blizzard|p2a: Chansey\n|-crit|p2a: Chansey\n|-damage|p2a: Chansey|77/100 par\n|move|p2a: Chansey|Seismic Toss|p1a: Starmie\n|-damage|p1a: Starmie|70/100 par\n|\n|upkeep\n|turn|30\n|\n|t:|1737835755\n|switch|p2a: Alakazam|Alakazam|76/100 slp\n|move|p1a: Starmie|Recover|p1a: Starmie\n|-heal|p1a: Starmie|100/100 par\n|\n|upkeep\n|turn|31\n|inactive|Serpi n_n has 270 seconds left.\n|\n|t:|1737835776\n|switch|p2a: Chansey|Chansey|77/100 par\n|switch|p1a: Snorlax|Snorlax|100/100\n|\n|upkeep\n|turn|32\n|inactive|Serpi n_n has 270 seconds left.\n|\n|t:|1737835809\n|switch|p1a: Starmie|Starmie|100/100 par\n|switch|p2a: Snorlax|Snorlax|100/100\n|\n|upkeep\n|turn|33\n|\n|t:|1737835814\n|switch|p2a: Chansey|Chansey|77/100 par\n|move|p1a: Starmie|Thunder Wave|p2a: Chansey\n|-fail|p2a: Chansey|par\n|\n|upkeep\n|turn|34\n|\n|t:|1737835822\n|move|p1a: Starmie|Thunder Wave|p2a: Chansey\n|-fail|p2a: Chansey|par\n|move|p2a: Chansey|Seismic Toss|p1a: Starmie\n|-damage|p1a: Starmie|70/100 par\n|\n|upkeep\n|turn|35\n|\n|t:|1737835846\n|cant|p1a: Starmie|par\n|move|p2a: Chansey|Soft-Boiled|p2a: Chansey\n|-heal|p2a: Chansey|100/100 par\n|\n|upkeep\n|turn|36\n|inactive|spies (psychic) has 270 seconds left.\n|\n|t:|1737835862\n|switch|p2a: Exeggutor|Exeggutor|100/100\n|move|p1a: Starmie|Recover|p1a: Starmie\n|-heal|p1a: Starmie|100/100 par\n|\n|upkeep\n|turn|37\n|\n|t:|1737835867\n|switch|p2a: Chansey|Chansey|100/100 par\n|cant|p1a: Starmie|par\n|\n|upkeep\n|turn|38\n|\n|t:|1737835875\n|move|p1a: Starmie|Thunder Wave|p2a: Chansey\n|-fail|p2a: Chansey|par\n|cant|p2a: Chansey|par\n|\n|upkeep\n|turn|39\n|\n|t:|1737835881\n|move|p1a: Starmie|Thunder Wave|p2a: Chansey\n|-fail|p2a: Chansey|par\n|move|p2a: Chansey|Seismic Toss|p1a: Starmie\n|-damage|p1a: Starmie|70/100 par\n|\n|upkeep\n|turn|40\n|\n|t:|1737835903\n|cant|p1a: Starmie|par\n|move|p2a: Chansey|Seismic Toss|p1a: Starmie\n|-damage|p1a: Starmie|39/100 par\n|\n|upkeep\n|turn|41\n|\n|t:|1737835910\n|switch|p2a: Snorlax|Snorlax|100/100\n|move|p1a: Starmie|Recover|p1a: Starmie\n|-heal|p1a: Starmie|88/100 par\n|\n|upkeep\n|turn|42\n|inactive|spies (psychic) has 270 seconds left.\n|\n|t:|1737835930\n|switch|p2a: Alakazam|Alakazam|76/100 slp\n|move|p1a: Starmie|Thunder Wave|p2a: Alakazam\n|-fail|p2a: Alakazam\n|\n|upkeep\n|turn|43\n|inactive|spies (psychic) has 270 seconds left.\n|\n|t:|1737835941\n|switch|p2a: Snorlax|Snorlax|100/100\n|switch|p1a: Snorlax|Snorlax|100/100\n|\n|upkeep\n|turn|44\n|\n|t:|1737835951\n|move|p2a: Snorlax|Body Slam|p1a: Snorlax\n|-damage|p1a: Snorlax|73/100\n|move|p1a: Snorlax|Body Slam|p2a: Snorlax\n|-damage|p2a: Snorlax|76/100\n|\n|upkeep\n|turn|45\n|inactive|spies (psychic) has 270 seconds left.\n|\n|t:|1737835982\n|move|p1a: Snorlax|Body Slam|p2a: Snorlax\n|-damage|p2a: Snorlax|49/100\n|move|p2a: Snorlax|Counter|p1a: Snorlax\n|-damage|p1a: Snorlax|19/100\n|\n|upkeep\n|turn|46\n|\n|t:|1737836004\n|move|p1a: Snorlax|Self-Destruct|p2a: Snorlax\n|-damage|p2a: Snorlax|0 fnt\n|faint|p2a: Snorlax\n|faint|p1a: Snorlax\n|inactive|spies (psychic) has 240 seconds left.\n|inactive|Serpi n_n has 270 seconds left.\n|\n|t:|1737836033\n|switch|p2a: Exeggutor|Exeggutor|100/100\n|switch|p1a: Starmie|Starmie|88/100 par\n|turn|47\n|inactive|Serpi n_n has 270 seconds left.\n|\n|t:|1737836051\n|switch|p2a: Chansey|Chansey|100/100 par\n|move|p1a: Starmie|Thunder Wave|p2a: Chansey\n|-fail|p2a: Chansey|par\n|\n|upkeep\n|turn|48\n|\n|t:|1737836057\n|move|p1a: Starmie|Recover|p1a: Starmie\n|-heal|p1a: Starmie|100/100 par\n|cant|p2a: Chansey|par\n|\n|upkeep\n|turn|49\n|\n|t:|1737836066\n|move|p1a: Starmie|Psychic|p2a: Chansey\n|-damage|p2a: Chansey|85/100 par\n|-unboost|p2a: Chansey|spa|1\n|-unboost|p2a: Chansey|spd|1\n|move|p2a: Chansey|Seismic Toss|p1a: Starmie\n|-damage|p1a: Starmie|70/100 par\n|\n|upkeep\n|turn|50\n|inactive|spies (psychic) has 240 seconds left.\n|\n|t:|1737836076\n|switch|p2a: Alakazam|Alakazam|76/100 slp\n|move|p1a: Starmie|Blizzard|p2a: Alakazam\n|-damage|p2a: Alakazam|50/100 slp\n|\n|upkeep\n|turn|51\n|\n|t:|1737836088\n|switch|p2a: Exeggutor|Exeggutor|100/100\n|move|p1a: Starmie|Blizzard|p2a: Exeggutor\n|-crit|p2a: Exeggutor\n|-supereffective|p2a: Exeggutor\n|-damage|p2a: Exeggutor|20/100\n|\n|upkeep\n|turn|52\n|inactive|Serpi n_n has 270 seconds left.\n|\n|t:|1737836132\n|move|p2a: Exeggutor|Mega Drain|p1a: Starmie\n|-supereffective|p1a: Starmie\n|-damage|p1a: Starmie|35/100 par\n|-heal|p2a: Exeggutor|34/100|[from] drain|[of] p1a: Starmie\n|cant|p1a: Starmie|par\n|\n|upkeep\n|turn|53\n|inactive|Serpi n_n has 240 seconds left.\n|\n|t:|1737836180\n|switch|p1a: Exeggutor|Exeggutor|87/100 par\n|move|p2a: Exeggutor|Mega Drain|p1a: Exeggutor\n|-resisted|p1a: Exeggutor\n|-damage|p1a: Exeggutor|80/100 par\n|-heal|p2a: Exeggutor|37/100|[from] drain|[of] p1a: Exeggutor\n|\n|upkeep\n|turn|54\n|inactive|Serpi n_n has 210 seconds left.\n|inactive|spies (psychic) has 240 seconds left.\n|\n|t:|1737836201\n|switch|p2a: Chansey|Chansey|85/100 par\n|move|p1a: Exeggutor|Psychic|p2a: Chansey\n|-damage|p2a: Chansey|68/100 par\n|\n|upkeep\n|turn|55\n|inactive|Serpi n_n has 210 seconds left.\n|inactive|spies (psychic) has 240 seconds left.\n|inactive|spies (psychic) has 210 seconds left.\n|inactive|Serpi n_n has 180 seconds left.\n|\n|t:|1737836265\n|switch|p1a: Starmie|Starmie|35/100 par\n|move|p2a: Chansey|Seismic Toss|p1a: Starmie\n|-damage|p1a: Starmie|5/100 par\n|\n|upkeep\n|turn|56\n|\n|t:|1737836273\n|switch|p2a: Exeggutor|Exeggutor|37/100\n|move|p1a: Starmie|Recover|p1a: Starmie\n|-heal|p1a: Starmie|54/100 par\n|\n|upkeep\n|turn|57\n|inactive|Serpi n_n has 180 seconds left.\n|inactive|spies (psychic) has 210 seconds left.\n|\n|t:|1737836286\n|switch|p1a: Zapdos|Zapdos|100/100\n|move|p2a: Exeggutor|Psychic|p1a: Zapdos\n|-damage|p1a: Zapdos|72/100\n|\n|upkeep\n|turn|58\n|inactive|spies (psychic) has 210 seconds left.\n|\n|t:|1737836297\n|switch|p2a: Zapdos|Zapdos|100/100\n|move|p1a: Zapdos|Drill Peck|p2a: Zapdos\n|-resisted|p2a: Zapdos\n|-damage|p2a: Zapdos|88/100\n|\n|upkeep\n|turn|59\n|\n|t:|1737836305\n|move|p1a: Zapdos|Thunder Wave|p2a: Zapdos\n|-status|p2a: Zapdos|par\n|move|p2a: Zapdos|Thunderbolt|p1a: Zapdos\n|-damage|p1a: Zapdos|43/100\n|\n|upkeep\n|turn|60\n|inactive|spies (psychic) has 210 seconds left.\n|inactive|Serpi n_n has 180 seconds left.\n|\n|t:|1737836331\n|move|p1a: Zapdos|Thunderbolt|p2a: Zapdos\n|-crit|p2a: Zapdos\n|-damage|p2a: Zapdos|35/100 par\n|move|p2a: Zapdos|Thunderbolt|p1a: Zapdos\n|-damage|p1a: Zapdos|16/100\n|\n|upkeep\n|turn|61\n|\n|t:|1737836338\n|move|p1a: Zapdos|Thunderbolt|p2a: Zapdos\n|-crit|p2a: Zapdos\n|-damage|p2a: Zapdos|0 fnt\n|faint|p2a: Zapdos\n|\n|t:|1737836343\n|switch|p2a: Tauros|Tauros|100/100\n|turn|62\n|inactive|Serpi n_n has 180 seconds left.\n|\n|t:|1737836375\n|move|p2a: Tauros|Body Slam|p1a: Zapdos\n|-damage|p1a: Zapdos|0 fnt\n|faint|p1a: Zapdos\n|\n|t:|1737836392\n|switch|p1a: Exeggutor|Exeggutor|80/100 par\n|turn|63\n|inactive|spies (psychic) has 210 seconds left.\n|\n|t:|1737836413\n|switch|p2a: Chansey|Chansey|68/100 par\n|move|p1a: Exeggutor|Psychic|p2a: Chansey\n|-damage|p2a: Chansey|51/100 par\n|-unboost|p2a: Chansey|spa|1\n|-unboost|p2a: Chansey|spd|1\n|\n|upkeep\n|turn|64\n|inactive|spies (psychic) has 210 seconds left.\n|\n|t:|1737836426\n|move|p1a: Exeggutor|Psychic|p2a: Chansey\n|-damage|p2a: Chansey|25/100 par\n|move|p2a: Chansey|Soft-Boiled|p2a: Chansey\n|-heal|p2a: Chansey|75/100 par\n|\n|upkeep\n|turn|65\n|inactive|spies (psychic) has 210 seconds left.\n|\n|t:|1737836437\n|switch|p1a: Starmie|Starmie|54/100 par\n|move|p2a: Chansey|Seismic Toss|p1a: Starmie\n|-damage|p1a: Starmie|23/100 par\n|\n|upkeep\n|turn|66\n|inactive|Serpi n_n has 180 seconds left.\n|inactive|spies (psychic) has 210 seconds left.\n|\n|t:|1737836458\n|move|p1a: Starmie|Recover|p1a: Starmie\n|-heal|p1a: Starmie|73/100 par\n|move|p2a: Chansey|Seismic Toss|p1a: Starmie\n|-damage|p1a: Starmie|42/100 par\n|\n|upkeep\n|turn|67\n|inactive|Serpi n_n has 180 seconds left.\n|\n|t:|1737836472\n|move|p1a: Starmie|Recover|p1a: Starmie\n|-heal|p1a: Starmie|92/100 par\n|move|p2a: Chansey|Soft-Boiled|p2a: Chansey\n|-heal|p2a: Chansey|100/100 par\n|\n|upkeep\n|turn|68\n|inactive|spies (psychic) has 210 seconds left.\n|inactive|Serpi n_n has 180 seconds left.\n|\n|t:|1737836508\n|switch|p2a: Alakazam|Alakazam|50/100 slp\n|cant|p1a: Starmie|par\n|\n|upkeep\n|turn|69\n|inactive|spies (psychic) has 210 seconds left.\n|inactive|Serpi n_n has 150 seconds left.\n|\n|t:|1737836526\n|switch|p1a: Tauros|Tauros|100/100\n|cant|p2a: Alakazam|slp\n|\n|upkeep\n|turn|70\n|\n|t:|1737836532\n|cant|p2a: Alakazam|slp\n|move|p1a: Tauros|Body Slam|p2a: Alakazam\n|-damage|p2a: Alakazam|0 fnt\n|faint|p2a: Alakazam\n|inactive|spies (psychic) has 210 seconds left.\n|\n|t:|1737836564\n|switch|p2a: Chansey|Chansey|100/100 par\n|turn|71\n|inactive|Serpi n_n has 150 seconds left.\n|\n|t:|1737836600\n|switch|p1a: Starmie|Starmie|92/100 par\n|cant|p2a: Chansey|par\n|\n|upkeep\n|turn|72\n|\n|t:|1737836622\n|move|p1a: Starmie|Psychic|p2a: Chansey\n|-crit|p2a: Chansey\n|-damage|p2a: Chansey|74/100 par\n|-unboost|p2a: Chansey|spa|1\n|-unboost|p2a: Chansey|spd|1\n|move|p2a: Chansey|Seismic Toss|p1a: Starmie\n|-damage|p1a: Starmie|61/100 par\n|\n|upkeep\n|turn|73\n|\n|t:|1737836631\n|switch|p2a: Exeggutor|Exeggutor|37/100\n|move|p1a: Starmie|Recover|p1a: Starmie\n|-heal|p1a: Starmie|100/100 par\n|\n|upkeep\n|turn|74\n|inactive|Serpi n_n has 150 seconds left.\n|\n|t:|1737836644\n|switch|p1a: Exeggutor|Exeggutor|80/100 par\n|move|p2a: Exeggutor|Mega Drain|p1a: Exeggutor\n|-resisted|p1a: Exeggutor\n|-damage|p1a: Exeggutor|74/100 par\n|-heal|p2a: Exeggutor|40/100|[from] drain|[of] p1a: Exeggutor\n|\n|upkeep\n|turn|75\n|\n|t:|1737836651\n|switch|p2a: Chansey|Chansey|74/100 par\n|move|p1a: Exeggutor|Psychic|p2a: Chansey\n|-crit|p2a: Chansey\n|-damage|p2a: Chansey|42/100 par\n|-unboost|p2a: Chansey|spa|1\n|-unboost|p2a: Chansey|spd|1\n|\n|upkeep\n|turn|76\n|inactive|spies (psychic) has 210 seconds left.\n|\n|t:|1737836662\n|move|p1a: Exeggutor|Psychic|p2a: Chansey\n|-damage|p2a: Chansey|15/100 par\n|cant|p2a: Chansey|par\n|\n|upkeep\n|turn|77\n|inactive|spies (psychic) has 210 seconds left.\n|\n|t:|1737836671\n|cant|p1a: Exeggutor|par\n|move|p2a: Chansey|Soft-Boiled|p2a: Chansey\n|-heal|p2a: Chansey|65/100 par\n|\n|upkeep\n|turn|78\n|inactive|Serpi n_n has 180 seconds left.\n|\n|t:|1737836679\n|move|p1a: Exeggutor|Explosion|p2a: Chansey\n|-damage|p2a: Chansey|0 fnt\n|faint|p2a: Chansey\n|faint|p1a: Exeggutor\n|inactive|Serpi n_n has 180 seconds left.\n|inactive|spies (psychic) has 210 seconds left.\n|inactive|Serpi n_n has 150 seconds left.\n|\n|t:|1737836724\n|switch|p1a: Tauros|Tauros|100/100\n|switch|p2a: Tauros|Tauros|100/100\n|turn|79\n|inactive|Serpi n_n has 150 seconds left.\n|\n|t:|1737836737\n|move|p2a: Tauros|Body Slam|p1a: Tauros\n|-crit|p1a: Tauros\n|-damage|p1a: Tauros|44/100\n|move|p1a: Tauros|Body Slam|p2a: Tauros\n|-damage|p2a: Tauros|73/100\n|\n|upkeep\n|turn|80\n|inactive|spies (psychic) has 210 seconds left.\n|inactive|Serpi n_n has 150 seconds left.\n|\n|t:|1737836761\n|move|p2a: Tauros|Hyper Beam|p1a: Tauros\n|-damage|p1a: Tauros|0 fnt\n|faint|p1a: Tauros\n|\n|t:|1737836778\n|switch|p1a: Chansey|Chansey|100/100\n|turn|81\n|inactive|spies (psychic) has 210 seconds left.\n|\n|t:|1737836802\n|switch|p2a: Exeggutor|Exeggutor|40/100\n|move|p1a: Chansey|Thunder Wave|p2a: Exeggutor\n|-status|p2a: Exeggutor|par\n|\n|upkeep\n|turn|82\n|inactive|spies (psychic) has 180 seconds left.\n|\n|t:|1737836829\n|move|p1a: Chansey|Seismic Toss|p2a: Exeggutor\n|-damage|p2a: Exeggutor|14/100 par\n|cant|p2a: Exeggutor|par\n|\n|upkeep\n|turn|83\n|inactive|spies (psychic) has 180 seconds left.\n|\n|t:|1737836840\n|move|p1a: Chansey|Seismic Toss|p2a: Exeggutor\n|-damage|p2a: Exeggutor|0 fnt\n|faint|p2a: Exeggutor\n|\n|t:|1737836844\n|switch|p2a: Tauros|Tauros|73/100\n|turn|84\n|\n|t:|1737836852\n|move|p2a: Tauros|Hyper Beam|p1a: Chansey\n|-damage|p1a: Chansey|37/100\n|-mustrecharge|p2a: Tauros\n|move|p1a: Chansey|Thunder Wave|p2a: Tauros\n|-status|p2a: Tauros|par\n|\n|upkeep\n|turn|85\n|\n|t:|1737836856\n|move|p1a: Chansey|Seismic Toss|p2a: Tauros\n|-damage|p2a: Tauros|45/100 par\n|cant|p2a: Tauros|recharge\n|\n|upkeep\n|turn|86\n|inactive|Serpi n_n has 180 seconds left.\n|\n|t:|1737836867\n|move|p1a: Chansey|Soft-Boiled|p1a: Chansey\n|-heal|p1a: Chansey|87/100\n|move|p2a: Tauros|Hyper Beam|p1a: Chansey\n|-crit|p1a: Chansey\n|-damage|p1a: Chansey|0 fnt\n|faint|p1a: Chansey\n|\n|t:|1737836869\n|switch|p1a: Starmie|Starmie|100/100 par\n|turn|87\n|inactive|spies (psychic) has 210 seconds left.\n|\n|t:|1737836889\n|move|p1a: Starmie|Psychic|p2a: Tauros\n|-crit|p2a: Tauros\n|-damage|p2a: Tauros|0 fnt\n|faint|p2a: Tauros\n|\n|win|Serpi n_n\n|c|☆Serpi n_n|gg\n|c|☆spies (psychic)|gg\n|player|p1|\n","uploadtime":1737836889,"views":"2219","formatid":"gen1ou","rating":null,"private":0,"password":null}