{"id":"smogtours-gen1ou-974901","format":"[Gen 1] OU","players":["Amaranth","LNumbers"],"log":"|inactive|Battle timer is ON: inactive players will automatically lose when time's up.\n|t:|1790524535\n|gametype|singles\n|player|p1|Amaranth|#amaranth|\n|player|p2|LNumbers|#rbywc2026|\n|gen|1\n|tier|[Gen 1] OU\n|rule|Desync Clause Mod: Desyncs resolve to link battle behavior from the acting player's perspective.\n|rule|HP Percentage Mod: HP is shown in percentages\n|rule|Endless Battle Clause: Forcing endless battles is banned\n|rule|Sleep Clause Mod: Limit one foe put to sleep\n|rule|Freeze Clause Mod: Limit one foe frozen\n|rule|Species Clause: Limit one of each Pokémon\n|rule|OHKO Clause: OHKO moves are banned\n|rule|Evasion Moves Clause: Evasion moves are banned\n|\n|t:|1790524535\n|teamsize|p1|6\n|teamsize|p2|6\n|start\n|switch|p1a: Jynx|Jynx|100/100\n|switch|p2a: Starmie|Starmie|100/100\n|turn|1\n|c|☆LNumbers|hf\n|c|+tizio potente ao|score?\n|c|☆Amaranth|2-2\n|c|+tizio potente ao|thx\n|c|☆Amaranth|glhf\n|inactive|LNumbers has 270 seconds left.\n|inactive|Amaranth has 270 seconds left.\n|\n|t:|1790524584\n|switch|p1a: Chansey|Chansey|100/100\n|move|p2a: Starmie|Thunder Wave|p1a: Chansey\n|-status|p1a: Chansey|par\n|\n|upkeep\n|turn|2\n|inactive|LNumbers has 270 seconds left.\n|\n|t:|1790524623\n|switch|p2a: Chansey|Chansey|100/100\n|move|p1a: Chansey|Sing|p2a: Chansey\n|-status|p2a: Chansey|slp|[from] move: Sing\n|\n|upkeep\n|turn|3\n|inactive|LNumbers has 270 seconds left.\n|\n|t:|1790524637\n|switch|p2a: Snorlax|Snorlax|100/100\n|move|p1a: Chansey|Thunder Wave|p2a: Snorlax\n|-status|p2a: Snorlax|par\n|\n|upkeep\n|turn|4\n|\n|t:|1790524641\n|switch|p1a: Snorlax|Snorlax|100/100\n|move|p2a: Snorlax|Body Slam|p1a: Snorlax\n|-damage|p1a: Snorlax|76/100\n|\n|upkeep\n|turn|5\n|\n|t:|1790524644\n|move|p1a: Snorlax|Reflect|p1a: Snorlax\n|-start|p1a: Snorlax|Reflect\n|move|p2a: Snorlax|Reflect|p2a: Snorlax\n|-start|p2a: Snorlax|Reflect\n|\n|upkeep\n|turn|6\n|\n|t:|1790524648\n|move|p1a: Snorlax|Body Slam|p2a: Snorlax\n|-damage|p2a: Snorlax|88/100 par\n|move|p2a: Snorlax|Body Slam|p1a: Snorlax\n|-damage|p1a: Snorlax|62/100\n|\n|upkeep\n|turn|7\n|\n|t:|1790524652\n|move|p1a: Snorlax|Rest|p1a: Snorlax\n|-status|p1a: Snorlax|slp|[from] move: Rest\n|-heal|p1a: Snorlax|100/100 slp|[silent]\n|move|p2a: Snorlax|Rest|p2a: Snorlax\n|-status|p2a: Snorlax|slp|[from] move: Rest\n|-heal|p2a: Snorlax|100/100 slp|[silent]\n|\n|upkeep\n|turn|8\n|\n|t:|1790524654\n|cant|p1a: Snorlax|slp\n|cant|p2a: Snorlax|slp\n|\n|upkeep\n|turn|9\n|\n|t:|1790524655\n|-curestatus|p1a: Snorlax|slp|[msg]\n|-curestatus|p2a: Snorlax|slp|[msg]\n|\n|upkeep\n|turn|10\n|\n|t:|1790524658\n|move|p1a: Snorlax|Body Slam|p2a: Snorlax\n|-damage|p2a: Snorlax|87/100\n|move|p2a: Snorlax|Body Slam|p1a: Snorlax\n|-damage|p1a: Snorlax|86/100\n|\n|upkeep\n|turn|11\n|\n|t:|1790524660\n|move|p1a: Snorlax|Body Slam|p2a: Snorlax\n|-damage|p2a: Snorlax|74/100\n|move|p2a: Snorlax|Body Slam|p1a: Snorlax\n|-damage|p1a: Snorlax|73/100\n|\n|upkeep\n|turn|12\n|\n|t:|1790524664\n|move|p1a: Snorlax|Body Slam|p2a: Snorlax\n|-damage|p2a: Snorlax|60/100\n|move|p2a: Snorlax|Body Slam|p1a: Snorlax\n|-damage|p1a: Snorlax|60/100\n|\n|upkeep\n|turn|13\n|\n|t:|1790524666\n|move|p1a: Snorlax|Rest|p1a: Snorlax\n|-status|p1a: Snorlax|slp|[from] move: Rest\n|-heal|p1a: Snorlax|100/100 slp|[silent]\n|move|p2a: Snorlax|Rest|p2a: Snorlax\n|-status|p2a: Snorlax|slp|[from] move: Rest\n|-heal|p2a: Snorlax|100/100 slp|[silent]\n|\n|upkeep\n|turn|14\n|\n|t:|1790524668\n|cant|p1a: Snorlax|slp\n|cant|p2a: Snorlax|slp\n|\n|upkeep\n|turn|15\n|\n|t:|1790524670\n|-curestatus|p1a: Snorlax|slp|[msg]\n|-curestatus|p2a: Snorlax|slp|[msg]\n|\n|upkeep\n|turn|16\n|\n|t:|1790524673\n|move|p1a: Snorlax|Body Slam|p2a: Snorlax\n|-crit|p2a: Snorlax\n|-damage|p2a: Snorlax|53/100\n|move|p2a: Snorlax|Body Slam|p1a: Snorlax\n|-damage|p1a: Snorlax|86/100\n|\n|upkeep\n|turn|17\n|\n|t:|1790524683\n|move|p1a: Snorlax|Body Slam|p2a: Snorlax\n|-damage|p2a: Snorlax|39/100\n|move|p2a: Snorlax|Rest|p2a: Snorlax\n|-status|p2a: Snorlax|slp|[from] move: Rest\n|-heal|p2a: Snorlax|100/100 slp|[silent]\n|\n|upkeep\n|turn|18\n|\n|t:|1790524691\n|switch|p1a: Exeggutor|Exeggutor|100/100\n|cant|p2a: Snorlax|slp\n|\n|upkeep\n|turn|19\n|\n|t:|1790524699\n|move|p1a: Exeggutor|Psychic|p2a: Snorlax\n|-crit|p2a: Snorlax\n|-damage|p2a: Snorlax|35/100 slp\n|-curestatus|p2a: Snorlax|slp|[msg]\n|\n|upkeep\n|turn|20\n|\n|t:|1790524710\n|switch|p2a: Chansey|Chansey|100/100 slp\n|move|p1a: Exeggutor|Stun Spore|p2a: Chansey\n|-fail|p2a: Chansey\n|\n|upkeep\n|turn|21\n|\n|t:|1790524725\n|move|p1a: Exeggutor|Stun Spore|p2a: Chansey|[miss]\n|-miss|p1a: Exeggutor\n|cant|p2a: Chansey|slp\n|\n|upkeep\n|turn|22\n|\n|t:|1790524747\n|move|p1a: Exeggutor|Stun Spore|p2a: Chansey\n|-fail|p2a: Chansey\n|cant|p2a: Chansey|slp\n|\n|upkeep\n|turn|23\n|inactive|LNumbers has 270 seconds left.\n|\n|t:|1790524771\n|move|p1a: Exeggutor|Stun Spore|p2a: Chansey\n|-fail|p2a: Chansey\n|cant|p2a: Chansey|slp\n|\n|upkeep\n|turn|24\n|inactive|LNumbers has 270 seconds left.\n|\n|t:|1790524779\n|switch|p1a: Tauros|Tauros|100/100\n|cant|p2a: Chansey|slp\n|\n|upkeep\n|turn|25\n|inactive|LNumbers has 270 seconds left.\n|\n|t:|1790524791\n|switch|p2a: Exeggutor|Exeggutor|100/100\n|move|p1a: Tauros|Body Slam|p2a: Exeggutor\n|-crit|p2a: Exeggutor\n|-damage|p2a: Exeggutor|47/100\n|\n|upkeep\n|turn|26\n|inactive|LNumbers has 270 seconds left.\n|\n|t:|1790524833\n|switch|p1a: Chansey|Chansey|100/100 par\n|switch|p2a: Rhydon|Rhydon|100/100\n|\n|upkeep\n|turn|27\n|inactive|LNumbers has 240 seconds left.\n|inactive|Amaranth has 270 seconds left.\n|inactive|LNumbers has 210 seconds left.\n|\n|t:|1790524906\n|switch|p1a: Exeggutor|Exeggutor|100/100\n|move|p2a: Rhydon|Body Slam|p1a: Exeggutor\n|-damage|p1a: Exeggutor|80/100\n|\n|upkeep\n|turn|28\n|inactive|LNumbers has 180 seconds left.\n|\n|t:|1790524936\n|switch|p2a: Chansey|Chansey|100/100 slp\n|move|p1a: Exeggutor|Psychic|p2a: Chansey\n|-damage|p2a: Chansey|82/100 slp\n|\n|upkeep\n|turn|29\n|\n|t:|1790524942\n|switch|p1a: Jynx|Jynx|100/100\n|switch|p2a: Exeggutor|Exeggutor|47/100\n|\n|upkeep\n|turn|30\n|inactive|LNumbers has 180 seconds left.\n|\n|t:|1790524952\n|switch|p2a: Starmie|Starmie|100/100\n|move|p1a: Jynx|Blizzard|p2a: Starmie\n|-crit|p2a: Starmie\n|-resisted|p2a: Starmie\n|-damage|p2a: Starmie|58/100\n|\n|upkeep\n|turn|31\n|\n|t:|1790524958\n|switch|p1a: Chansey|Chansey|100/100 par\n|move|p2a: Starmie|Recover|p2a: Starmie\n|-heal|p2a: Starmie|100/100\n|\n|upkeep\n|turn|32\n|inactive|LNumbers has 180 seconds left.\n|\n|t:|1790524980\n|switch|p2a: Snorlax|Snorlax|35/100\n|move|p1a: Chansey|Seismic Toss|p2a: Snorlax\n|-damage|p2a: Snorlax|16/100\n|\n|upkeep\n|turn|33\n|inactive|LNumbers has 180 seconds left.\n|\n|t:|1790524999\n|switch|p1a: Exeggutor|Exeggutor|80/100\n|move|p2a: Snorlax|Rest|p2a: Snorlax\n|-status|p2a: Snorlax|slp|[from] move: Rest\n|-heal|p2a: Snorlax|100/100 slp|[silent]\n|\n|upkeep\n|turn|34\n|inactive|LNumbers has 180 seconds left.\n|\n|t:|1790525023\n|switch|p2a: Exeggutor|Exeggutor|47/100\n|move|p1a: Exeggutor|Psychic|p2a: Exeggutor\n|-resisted|p2a: Exeggutor\n|-damage|p2a: Exeggutor|32/100\n|\n|upkeep\n|turn|35\n|\n|t:|1790525032\n|move|p1a: Exeggutor|Psychic|p2a: Exeggutor\n|-resisted|p2a: Exeggutor\n|-damage|p2a: Exeggutor|20/100\n|-unboost|p2a: Exeggutor|spa|1\n|-unboost|p2a: Exeggutor|spd|1\n|move|p2a: Exeggutor|Rest|p2a: Exeggutor\n|-status|p2a: Exeggutor|slp|[from] move: Rest\n|-heal|p2a: Exeggutor|100/100 slp|[silent]\n|\n|upkeep\n|turn|36\n|\n|t:|1790525041\n|switch|p1a: Tauros|Tauros|100/100\n|cant|p2a: Exeggutor|slp\n|\n|upkeep\n|turn|37\n|inactive|LNumbers has 180 seconds left.\n|\n|t:|1790525061\n|switch|p2a: Starmie|Starmie|100/100\n|move|p1a: Tauros|Body Slam|p2a: Starmie\n|-damage|p2a: Starmie|66/100\n|\n|upkeep\n|turn|38\n|inactive|LNumbers has 180 seconds left.\n|\n|t:|1790525087\n|switch|p1a: Chansey|Chansey|100/100 par\n|move|p2a: Starmie|Recover|p2a: Starmie\n|-heal|p2a: Starmie|100/100\n|\n|upkeep\n|turn|39\n|inactive|LNumbers has 150 seconds left.\n|\n|t:|1790525108\n|switch|p2a: Snorlax|Snorlax|100/100 slp\n|move|p1a: Chansey|Seismic Toss|p2a: Snorlax\n|-damage|p2a: Snorlax|81/100 slp\n|\n|upkeep\n|turn|40\n|\n|t:|1790525114\n|switch|p1a: Snorlax|Snorlax|86/100\n|cant|p2a: Snorlax|slp\n|\n|upkeep\n|turn|41\n|inactive|LNumbers has 150 seconds left.\n|\n|t:|1790525137\n|switch|p2a: Rhydon|Rhydon|100/100\n|move|p1a: Snorlax|Body Slam|p2a: Rhydon\n|-resisted|p2a: Rhydon\n|-damage|p2a: Rhydon|89/100\n|-status|p2a: Rhydon|par\n|\n|upkeep\n|turn|42\n|inactive|LNumbers has 150 seconds left.\n|\n|t:|1790525157\n|move|p1a: Snorlax|Reflect|p1a: Snorlax\n|-start|p1a: Snorlax|Reflect\n|move|p2a: Rhydon|Substitute|p2a: Rhydon\n|-start|p2a: Rhydon|Substitute\n|-damage|p2a: Rhydon|64/100 par\n|\n|upkeep\n|turn|43\n|\n|t:|1790525159\n|move|p1a: Snorlax|Earthquake|p2a: Rhydon\n|-supereffective|p2a: Rhydon\n|-end|p2a: Rhydon|Substitute\n|move|p2a: Rhydon|Rest|p2a: Rhydon\n|-status|p2a: Rhydon|slp|[from] move: Rest\n|-heal|p2a: Rhydon|100/100 slp|[silent]\n|\n|upkeep\n|turn|44\n|\n|t:|1790525173\n|move|p1a: Snorlax|Earthquake|p2a: Rhydon\n|-supereffective|p2a: Rhydon\n|-damage|p2a: Rhydon|65/100 slp\n|cant|p2a: Rhydon|slp\n|\n|upkeep\n|turn|45\n|\n|t:|1790525175\n|switch|p2a: Exeggutor|Exeggutor|100/100 slp\n|move|p1a: Snorlax|Earthquake|p2a: Exeggutor\n|-resisted|p2a: Exeggutor\n|-damage|p2a: Exeggutor|89/100 slp\n|\n|upkeep\n|turn|46\n|\n|t:|1790525177\n|-curestatus|p2a: Exeggutor|slp|[msg]\n|move|p1a: Snorlax|Body Slam|p2a: Exeggutor\n|-damage|p2a: Exeggutor|56/100\n|\n|upkeep\n|turn|47\n|inactive|LNumbers has 180 seconds left.\n|\n|t:|1790525183\n|switch|p1a: Chansey|Chansey|100/100 par\n|move|p2a: Exeggutor|Psychic|p1a: Chansey\n|-damage|p1a: Chansey|84/100 par\n|\n|upkeep\n|turn|48\n|\n|t:|1790525192\n|switch|p2a: Snorlax|Snorlax|81/100 slp\n|move|p1a: Chansey|Seismic Toss|p2a: Snorlax\n|-damage|p2a: Snorlax|62/100 slp\n|\n|upkeep\n|turn|49\n|\n|t:|1790525197\n|-curestatus|p2a: Snorlax|slp|[msg]\n|move|p1a: Chansey|Thunder Wave|p2a: Snorlax\n|-status|p2a: Snorlax|par\n|\n|upkeep\n|turn|50\n|\n|t:|1790525206\n|switch|p1a: Exeggutor|Exeggutor|80/100\n|move|p2a: Snorlax|Reflect|p2a: Snorlax\n|-start|p2a: Snorlax|Reflect\n|\n|upkeep\n|turn|51\n|\n|t:|1790525215\n|switch|p2a: Exeggutor|Exeggutor|56/100\n|move|p1a: Exeggutor|Psychic|p2a: Exeggutor\n|-resisted|p2a: Exeggutor\n|-damage|p2a: Exeggutor|43/100\n|\n|upkeep\n|turn|52\n|inactive|LNumbers has 210 seconds left.\n|\n|t:|1790525225\n|switch|p1a: Jynx|Jynx|100/100\n|move|p2a: Exeggutor|Sleep Powder|p1a: Jynx|[miss]\n|-miss|p2a: Exeggutor\n|\n|upkeep\n|turn|53\n|c|☆Amaranth|well\n|inactive|LNumbers has 210 seconds left.\n|\n|t:|1790525236\n|switch|p2a: Chansey|Chansey|82/100 slp\n|move|p1a: Jynx|Blizzard|p2a: Chansey\n|-crit|p2a: Chansey\n|-damage|p2a: Chansey|44/100 slp\n|\n|upkeep\n|turn|54\n|\n|t:|1790525245\n|switch|p2a: Starmie|Starmie|100/100\n|move|p1a: Jynx|Blizzard|p2a: Starmie\n|-crit|p2a: Starmie\n|-resisted|p2a: Starmie\n|-damage|p2a: Starmie|57/100\n|\n|upkeep\n|turn|55\n|\n|t:|1790525252\n|move|p2a: Starmie|Surf|p1a: Jynx\n|-damage|p1a: Jynx|68/100\n|move|p1a: Jynx|Blizzard|p2a: Starmie\n|-resisted|p2a: Starmie\n|-damage|p2a: Starmie|34/100\n|\n|upkeep\n|turn|56\n|\n|t:|1790525259\n|switch|p1a: Chansey|Chansey|84/100 par\n|move|p2a: Starmie|Recover|p2a: Starmie\n|-heal|p2a: Starmie|84/100\n|\n|upkeep\n|turn|57\n|inactive|LNumbers has 240 seconds left.\n|\n|t:|1790525280\n|move|p2a: Starmie|Surf|p1a: Chansey\n|-damage|p1a: Chansey|68/100 par\n|cant|p1a: Chansey|par\n|\n|upkeep\n|turn|58\n|\n|t:|1790525287\n|switch|p2a: Snorlax|Snorlax|62/100 par\n|move|p1a: Chansey|Seismic Toss|p2a: Snorlax\n|-damage|p2a: Snorlax|43/100 par\n|\n|upkeep\n|turn|59\n|\n|t:|1790525302\n|switch|p1a: Snorlax|Snorlax|86/100\n|move|p2a: Snorlax|Body Slam|p1a: Snorlax\n|-damage|p1a: Snorlax|59/100\n|\n|upkeep\n|turn|60\n|\n|t:|1790525310\n|move|p1a: Snorlax|Reflect|p1a: Snorlax\n|-start|p1a: Snorlax|Reflect\n|move|p2a: Snorlax|Rest|p2a: Snorlax\n|-status|p2a: Snorlax|slp|[from] move: Rest\n|-heal|p2a: Snorlax|100/100 slp|[silent]\n|\n|upkeep\n|turn|61\n|\n|t:|1790525312\n|move|p1a: Snorlax|Body Slam|p2a: Snorlax\n|-damage|p2a: Snorlax|76/100 slp\n|cant|p2a: Snorlax|slp\n|\n|upkeep\n|turn|62\n|\n|t:|1790525314\n|move|p1a: Snorlax|Body Slam|p2a: Snorlax\n|-crit|p2a: Snorlax\n|-damage|p2a: Snorlax|25/100 slp\n|-curestatus|p2a: Snorlax|slp|[msg]\n|\n|upkeep\n|turn|63\n|\n|t:|1790525324\n|switch|p2a: Rhydon|Rhydon|65/100 slp\n|move|p1a: Snorlax|Body Slam|p2a: Rhydon\n|-resisted|p2a: Rhydon\n|-damage|p2a: Rhydon|54/100 slp\n|\n|upkeep\n|turn|64\n|\n|t:|1790525330\n|switch|p2a: Exeggutor|Exeggutor|43/100\n|move|p1a: Snorlax|Earthquake|p2a: Exeggutor\n|-resisted|p2a: Exeggutor\n|-damage|p2a: Exeggutor|31/100\n|\n|upkeep\n|turn|65\n|\n|t:|1790525342\n|switch|p1a: Chansey|Chansey|68/100 par\n|move|p2a: Exeggutor|Psychic|p1a: Chansey\n|-damage|p1a: Chansey|50/100 par\n|-unboost|p1a: Chansey|spa|1\n|-unboost|p1a: Chansey|spd|1\n|\n|upkeep\n|turn|66\n|\n|t:|1790525347\n|switch|p2a: Snorlax|Snorlax|25/100\n|cant|p1a: Chansey|par\n|\n|upkeep\n|turn|67\n|inactive|LNumbers has 270 seconds left.\n|inactive|LNumbers has 240 seconds left.\n|inactive|LNumbers has 210 seconds left.\n|inactive|Amaranth has 270 seconds left.\n|inactive|LNumbers has 180 seconds left.\n|inactive|Amaranth has 240 seconds left.\n|inactive|LNumbers has 150 seconds left.\n|\n|t:|1790525510\n|switch|p1a: Exeggutor|Exeggutor|80/100\n|move|p2a: Snorlax|Rest|p2a: Snorlax\n|-status|p2a: Snorlax|slp|[from] move: Rest\n|-heal|p2a: Snorlax|100/100 slp|[silent]\n|\n|upkeep\n|turn|68\n|inactive|LNumbers has 120 seconds left.\n|\n|t:|1790525549\n|switch|p2a: Exeggutor|Exeggutor|31/100\n|move|p1a: Exeggutor|Psychic|p2a: Exeggutor\n|-crit|p2a: Exeggutor\n|-resisted|p2a: Exeggutor\n|-damage|p2a: Exeggutor|3/100\n|-unboost|p2a: Exeggutor|spa|1\n|-unboost|p2a: Exeggutor|spd|1\n|\n|upkeep\n|turn|69\n|inactive|LNumbers has 120 seconds left.\n|\n|t:|1790525563\n|switch|p1a: Chansey|Chansey|50/100 par\n|move|p2a: Exeggutor|Sleep Powder|p1a: Chansey\n|-fail|p1a: Chansey\n|\n|upkeep\n|turn|70\n|inactive|Amaranth has 240 seconds left.\n|inactive|LNumbers has 120 seconds left.\n|\n|t:|1790525573\n|switch|p2a: Snorlax|Snorlax|100/100 slp\n|move|p1a: Chansey|Soft-Boiled|p1a: Chansey\n|-heal|p1a: Chansey|99/100 par\n|\n|upkeep\n|turn|71\n|\n|t:|1790525579\n|switch|p1a: Snorlax|Snorlax|59/100\n|cant|p2a: Snorlax|slp\n|\n|upkeep\n|turn|72\n|\n|t:|1790525586\n|-curestatus|p2a: Snorlax|slp|[msg]\n|move|p1a: Snorlax|Body Slam|p2a: Snorlax\n|-crit|p2a: Snorlax\n|-damage|p2a: Snorlax|53/100\n|\n|upkeep\n|turn|73\n|\n|t:|1790525603\n|move|p2a: Snorlax|Body Slam|p1a: Snorlax\n|-damage|p1a: Snorlax|32/100\n|move|p1a: Snorlax|Reflect|p1a: Snorlax\n|-start|p1a: Snorlax|Reflect\n|\n|upkeep\n|turn|74\n|\n|t:|1790525614\n|move|p2a: Snorlax|Reflect|p2a: Snorlax\n|-start|p2a: Snorlax|Reflect\n|move|p1a: Snorlax|Body Slam|p2a: Snorlax\n|-damage|p2a: Snorlax|40/100\n|\n|upkeep\n|turn|75\n|\n|t:|1790525620\n|move|p2a: Snorlax|Rest|p2a: Snorlax\n|-status|p2a: Snorlax|slp|[from] move: Rest\n|-heal|p2a: Snorlax|100/100 slp|[silent]\n|move|p1a: Snorlax|Rest|p1a: Snorlax\n|-status|p1a: Snorlax|slp|[from] move: Rest\n|-heal|p1a: Snorlax|100/100 slp|[silent]\n|\n|upkeep\n|turn|76\n|\n|t:|1790525625\n|cant|p2a: Snorlax|slp\n|cant|p1a: Snorlax|slp\n|\n|upkeep\n|turn|77\n|\n|t:|1790525630\n|-curestatus|p1a: Snorlax|slp|[msg]\n|-curestatus|p2a: Snorlax|slp|[msg]\n|\n|upkeep\n|turn|78\n|\n|t:|1790525634\n|move|p1a: Snorlax|Reflect|p1a: Snorlax\n|-fail|p1a: Snorlax\n|move|p2a: Snorlax|Body Slam|p1a: Snorlax\n|-damage|p1a: Snorlax|87/100\n|\n|upkeep\n|turn|79\n|\n|t:|1790525637\n|move|p1a: Snorlax|Body Slam|p2a: Snorlax\n|-damage|p2a: Snorlax|87/100\n|move|p2a: Snorlax|Reflect|p2a: Snorlax\n|-fail|p2a: Snorlax\n|\n|upkeep\n|turn|80\n|\n|t:|1790525640\n|move|p1a: Snorlax|Reflect|p1a: Snorlax\n|-fail|p1a: Snorlax\n|move|p2a: Snorlax|Body Slam|p1a: Snorlax\n|-damage|p1a: Snorlax|74/100\n|\n|upkeep\n|turn|81\n|\n|t:|1790525642\n|move|p2a: Snorlax|Body Slam|p1a: Snorlax\n|-damage|p1a: Snorlax|61/100\n|move|p1a: Snorlax|Body Slam|p2a: Snorlax\n|-damage|p2a: Snorlax|73/100\n|\n|upkeep\n|turn|82\n|\n|t:|1790525647\n|move|p1a: Snorlax|Rest|p1a: Snorlax\n|-status|p1a: Snorlax|slp|[from] move: Rest\n|-heal|p1a: Snorlax|100/100 slp|[silent]\n|move|p2a: Snorlax|Body Slam|p1a: Snorlax\n|-damage|p1a: Snorlax|88/100 slp\n|\n|upkeep\n|turn|83\n|\n|t:|1790525650\n|switch|p2a: Exeggutor|Exeggutor|3/100\n|cant|p1a: Snorlax|slp\n|\n|upkeep\n|turn|84\n|inactive|LNumbers has 210 seconds left.\n|inactive|LNumbers has 180 seconds left.\n|inactive|Amaranth has 270 seconds left.\n|inactive|LNumbers has 150 seconds left.\n|\n|t:|1790525743\n|switch|p1a: Jynx|Jynx|68/100\n|move|p2a: Exeggutor|Sleep Powder|p1a: Jynx\n|-status|p1a: Jynx|slp|[from] move: Sleep Powder\n|\n|upkeep\n|turn|85\n|inactive|LNumbers has 150 seconds left.\n|c|☆Amaranth|wp\n|inactive|Amaranth has 240 seconds left.\n|inactive|LNumbers has 120 seconds left.\n|inactive|LNumbers has 90 seconds left.\n|\n|t:|1790525817\n|switch|p1a: Chansey|Chansey|99/100 par\n|move|p2a: Exeggutor|Psychic|p1a: Chansey\n|-damage|p1a: Chansey|84/100 par\n|-unboost|p1a: Chansey|spa|1\n|-unboost|p1a: Chansey|spd|1\n|\n|upkeep\n|turn|86\n|inactive|LNumbers has 90 seconds left.\n|\n|t:|1790525836\n|move|p2a: Exeggutor|Rest|p2a: Exeggutor\n|-status|p2a: Exeggutor|slp|[from] move: Rest\n|-heal|p2a: Exeggutor|100/100 slp|[silent]\n|cant|p1a: Chansey|par\n|\n|upkeep\n|turn|87\n|inactive|Amaranth has 240 seconds left.\n|\n|t:|1790525842\n|switch|p1a: Tauros|Tauros|100/100\n|cant|p2a: Exeggutor|slp\n|\n|upkeep\n|turn|88\n|\n|t:|1790525845\n|move|p1a: Tauros|Body Slam|p2a: Exeggutor\n|-crit|p2a: Exeggutor\n|-damage|p2a: Exeggutor|44/100 slp\n|-curestatus|p2a: Exeggutor|slp|[msg]\n|\n|upkeep\n|turn|89\n|inactive|Amaranth has 240 seconds left.\n|inactive|LNumbers has 90 seconds left.\n|inactive|LNumbers has 60 seconds left.\n|inactive|LNumbers has 30 seconds left.\n|inactive|LNumbers has 20 seconds left.\n|\n|t:|1790525940\n|switch|p1a: Chansey|Chansey|84/100 par\n|switch|p2a: Starmie|Starmie|84/100\n|\n|upkeep\n|turn|90\n|inactive|LNumbers has 30 seconds left this turn.\n|inactive|LNumbers has 20 seconds left.\n|inactive|LNumbers has 15 seconds left.\n|inactive|LNumbers has 10 seconds left.\n|\n|t:|1790525962\n|switch|p2a: Chansey|Chansey|44/100 slp\n|switch|p1a: Exeggutor|Exeggutor|80/100\n|\n|upkeep\n|turn|91\n|inactive|LNumbers has 20 seconds left this turn.\n|inactive|LNumbers has 15 seconds left.\n|\n|t:|1790525971\n|switch|p2a: Exeggutor|Exeggutor|44/100\n|move|p1a: Exeggutor|Psychic|p2a: Exeggutor\n|-resisted|p2a: Exeggutor\n|-damage|p2a: Exeggutor|30/100\n|\n|upkeep\n|turn|92\n|inactive|LNumbers has 25 seconds left this turn.\n|inactive|LNumbers has 20 seconds left.\n|inactive|Amaranth has 240 seconds left.\n|inactive|LNumbers has 15 seconds left.\n|\n|t:|1790525995\n|switch|p1a: Snorlax|Snorlax|88/100 slp\n|move|p2a: Exeggutor|Stun Spore|p1a: Snorlax\n|-fail|p1a: Snorlax\n|\n|upkeep\n|turn|93\n|inactive|LNumbers has 25 seconds left this turn.\n|inactive|LNumbers has 20 seconds left.\n|inactive|LNumbers has 15 seconds left.\n|\n|t:|1790526013\n|move|p2a: Exeggutor|Psychic|p1a: Snorlax\n|-damage|p1a: Snorlax|58/100 slp\n|-unboost|p1a: Snorlax|spa|1\n|-unboost|p1a: Snorlax|spd|1\n|-curestatus|p1a: Snorlax|slp|[msg]\n|\n|upkeep\n|turn|94\n|inactive|LNumbers has 25 seconds left this turn.\n|inactive|LNumbers has 20 seconds left.\n|inactive|LNumbers has 15 seconds left.\n|inactive|LNumbers has 10 seconds left.\n|inactive|LNumbers has 5 seconds left.\n|\n|t:|1790526038\n|move|p2a: Exeggutor|Psychic|p1a: Snorlax\n|-damage|p1a: Snorlax|12/100\n|move|p1a: Snorlax|Body Slam|p2a: Exeggutor\n|-damage|p2a: Exeggutor|0 fnt\n|faint|p2a: Exeggutor\n|inactive|LNumbers has 10 seconds left this turn.\n|\n|t:|1790526043\n|switch|p2a: Tauros|Tauros|100/100\n|turn|95\n|inactive|LNumbers has 20 seconds left this turn.\n|\n|t:|1790526048\n|switch|p1a: Jynx|Jynx|68/100 slp\n|move|p2a: Tauros|Body Slam|p1a: Jynx\n|-damage|p1a: Jynx|17/100 slp\n|\n|upkeep\n|turn|96\n|inactive|LNumbers has 30 seconds left this turn.\n|\n|t:|1790526051\n|move|p2a: Tauros|Body Slam|p1a: Jynx\n|-damage|p1a: Jynx|0 fnt\n|faint|p1a: Jynx\n|\n|t:|1790526059\n|switch|p1a: Starmie|Starmie|100/100\n|turn|97\n|inactive|LNumbers has 30 seconds left.\n|\n|t:|1790526079\n|switch|p2a: Chansey|Chansey|44/100 slp\n|move|p1a: Starmie|Thunder Wave|p2a: Chansey\n|-fail|p2a: Chansey\n|\n|upkeep\n|turn|98\n|inactive|LNumbers has 30 seconds left.\n|\n|t:|1790526089\n|move|p1a: Starmie|Psychic|p2a: Chansey\n|-damage|p2a: Chansey|28/100 slp\n|-curestatus|p2a: Chansey|slp|[msg]\n|\n|upkeep\n|turn|99\n|\n|t:|1790526098\n|switch|p1a: Chansey|Chansey|84/100 par\n|move|p2a: Chansey|Soft-Boiled|p2a: Chansey\n|-heal|p2a: Chansey|78/100\n|\n|upkeep\n|turn|100\n|\n|t:|1790526108\n|switch|p2a: Rhydon|Rhydon|54/100 slp\n|move|p1a: Chansey|Seismic Toss|p2a: Rhydon\n|-damage|p2a: Rhydon|30/100 slp\n|\n|upkeep\n|turn|101\n|inactive|LNumbers has 30 seconds left.\n|inactive|LNumbers has 20 seconds left.\n|inactive|LNumbers has 15 seconds left.\n|inactive|Amaranth has 270 seconds left.\n|inactive|LNumbers has 10 seconds left.\n|\n|t:|1790526153\n|-curestatus|p2a: Rhydon|slp|[msg]\n|move|p1a: Chansey|Sing|p2a: Rhydon\n|-status|p2a: Rhydon|slp|[from] move: Sing\n|\n|upkeep\n|turn|102\n|inactive|LNumbers has 20 seconds left this turn.\n|inactive|LNumbers has 15 seconds left.\n|inactive|Amaranth has 270 seconds left.\n|inactive|LNumbers has 10 seconds left.\n|\n|t:|1790526167\n|switch|p2a: Chansey|Chansey|78/100\n|switch|p1a: Exeggutor|Exeggutor|80/100\n|\n|upkeep\n|turn|103\n|inactive|LNumbers has 20 seconds left this turn.\n|inactive|LNumbers has 15 seconds left.\n|inactive|LNumbers has 10 seconds left.\n|\n|t:|1790526178\n|move|p1a: Exeggutor|Stun Spore|p2a: Chansey\n|-status|p2a: Chansey|par\n|move|p2a: Chansey|Thunder Wave|p1a: Exeggutor\n|-status|p1a: Exeggutor|par\n|\n|upkeep\n|turn|104\n|inactive|LNumbers has 20 seconds left this turn.\n|inactive|LNumbers has 15 seconds left.\n|\n|t:|1790526184\n|move|p1a: Exeggutor|Psychic|p2a: Chansey\n|-crit|p2a: Chansey\n|-damage|p2a: Chansey|43/100 par\n|move|p2a: Chansey|Seismic Toss|p1a: Exeggutor\n|-damage|p1a: Exeggutor|54/100 par\n|\n|upkeep\n|turn|105\n|inactive|LNumbers has 25 seconds left this turn.\n|inactive|LNumbers has 20 seconds left.\n|\n|t:|1790526196\n|move|p1a: Exeggutor|Psychic|p2a: Chansey\n|-damage|p2a: Chansey|25/100 par\n|move|p2a: Chansey|Soft-Boiled|p2a: Chansey\n|-heal|p2a: Chansey|75/100 par\n|\n|upkeep\n|turn|106\n|inactive|LNumbers has 30 seconds left this turn.\n|inactive|LNumbers has 20 seconds left.\n|\n|t:|1790526210\n|move|p1a: Exeggutor|Psychic|p2a: Chansey\n|-damage|p2a: Chansey|59/100 par\n|-unboost|p2a: Chansey|spa|1\n|-unboost|p2a: Chansey|spd|1\n|move|p2a: Chansey|Seismic Toss|p1a: Exeggutor\n|-damage|p1a: Exeggutor|29/100 par\n|\n|upkeep\n|turn|107\n|inactive|LNumbers has 30 seconds left this turn.\n|\n|t:|1790526217\n|switch|p2a: Tauros|Tauros|100/100\n|move|p1a: Exeggutor|Mega Drain|p2a: Tauros\n|-damage|p2a: Tauros|81/100\n|-heal|p1a: Exeggutor|37/100 par|[from] drain|[of] p2a: Tauros\n|\n|upkeep\n|turn|108\n|inactive|LNumbers has 30 seconds left.\n|inactive|LNumbers has 20 seconds left.\n|inactive|LNumbers has 15 seconds left.\n|inactive|LNumbers has 10 seconds left.\n|inactive|LNumbers has 5 seconds left.\n|\n|t:|1790526249\n|move|p2a: Tauros|Body Slam|p1a: Exeggutor\n|-damage|p1a: Exeggutor|10/100 par\n|move|p1a: Exeggutor|Explosion|p2a: Tauros\n|-damage|p2a: Tauros|10/100\n|faint|p1a: Exeggutor\n|\n|t:|1790526264\n|switch|p1a: Tauros|Tauros|100/100\n|turn|109\n|inactive|LNumbers has 20 seconds left this turn.\n|\n|t:|1790526269\n|switch|p2a: Rhydon|Rhydon|30/100 slp\n|move|p1a: Tauros|Body Slam|p2a: Rhydon\n|-resisted|p2a: Rhydon\n|-damage|p2a: Rhydon|19/100 slp\n|\n|upkeep\n|turn|110\n|inactive|LNumbers has 30 seconds left this turn.\n|inactive|Amaranth has 270 seconds left.\n|\n|t:|1790526305\n|move|p1a: Tauros|Earthquake|p2a: Rhydon\n|-supereffective|p2a: Rhydon\n|-damage|p2a: Rhydon|0 fnt\n|faint|p2a: Rhydon\n|inactive|LNumbers has 30 seconds left.\n|\n|t:|1790526311\n|switch|p2a: Starmie|Starmie|84/100\n|turn|111\n|inactive|Amaranth has 270 seconds left.\n|inactive|LNumbers has 30 seconds left.\n|\n|t:|1790526333\n|switch|p1a: Starmie|Starmie|100/100\n|move|p2a: Starmie|Surf|p1a: Starmie\n|-resisted|p1a: Starmie\n|-damage|p1a: Starmie|83/100\n|\n|upkeep\n|turn|112\n|inactive|Amaranth has 270 seconds left.\n|inactive|LNumbers has 30 seconds left.\n|inactive|LNumbers has 20 seconds left.\n|\n|t:|1790526348\n|switch|p2a: Chansey|Chansey|59/100 par\n|switch|p1a: Chansey|Chansey|84/100 par\n|\n|upkeep\n|turn|113\n|inactive|LNumbers has 30 seconds left this turn.\n|inactive|LNumbers has 20 seconds left.\n|\n|t:|1790526359\n|switch|p1a: Snorlax|Snorlax|12/100\n|cant|p2a: Chansey|par\n|\n|upkeep\n|turn|114\n|inactive|LNumbers has 30 seconds left this turn.\n|inactive|LNumbers has 20 seconds left.\n|\n|t:|1790526373\n|switch|p2a: Snorlax|Snorlax|73/100\n|move|p1a: Snorlax|Body Slam|p2a: Snorlax\n|-damage|p2a: Snorlax|45/100\n|\n|upkeep\n|turn|115\n|inactive|LNumbers has 30 seconds left this turn.\n|\n|t:|1790526379\n|move|p2a: Snorlax|Body Slam|p1a: Snorlax\n|-damage|p1a: Snorlax|0 fnt\n|faint|p1a: Snorlax\n|\n|t:|1790526389\n|switch|p1a: Starmie|Starmie|83/100\n|turn|116\n|inactive|LNumbers has 30 seconds left.\n|inactive|LNumbers has 20 seconds left.\n|inactive|LNumbers has 15 seconds left.\n|inactive|Amaranth has 270 seconds left.\n|\n|t:|1790526432\n|switch|p2a: Chansey|Chansey|59/100 par\n|move|p1a: Starmie|Psychic|p2a: Chansey\n|-damage|p2a: Chansey|44/100 par\n|\n|upkeep\n|turn|117\n|inactive|LNumbers has 25 seconds left this turn.\n|inactive|LNumbers has 20 seconds left.\n|inactive|Amaranth has 270 seconds left.\n|\n|t:|1790526455\n|switch|p1a: Chansey|Chansey|84/100 par\n|move|p2a: Chansey|Soft-Boiled|p2a: Chansey\n|-heal|p2a: Chansey|94/100 par\n|\n|upkeep\n|turn|118\n|inactive|LNumbers has 30 seconds left this turn.\n|inactive|Amaranth has 270 seconds left.\n|\n|t:|1790526462\n|move|p1a: Chansey|Seismic Toss|p2a: Chansey\n|-damage|p2a: Chansey|79/100 par\n|move|p2a: Chansey|Seismic Toss|p1a: Chansey\n|-damage|p1a: Chansey|69/100 par\n|\n|upkeep\n|turn|119\n|inactive|LNumbers has 30 seconds left.\n|\n|t:|1790526476\n|move|p2a: Chansey|Soft-Boiled|p2a: Chansey\n|-heal|p2a: Chansey|100/100 par\n|move|p1a: Chansey|Sing|p2a: Chansey|[miss]\n|-miss|p1a: Chansey\n|\n|upkeep\n|turn|120\n|inactive|LNumbers has 30 seconds left.\n|inactive|LNumbers has 20 seconds left.\n|\n|t:|1790526493\n|switch|p2a: Snorlax|Snorlax|45/100\n|move|p1a: Chansey|Soft-Boiled|p1a: Chansey\n|-heal|p1a: Chansey|100/100 par\n|\n|upkeep\n|turn|121\n|inactive|LNumbers has 30 seconds left this turn.\n|inactive|LNumbers has 20 seconds left.\n|inactive|LNumbers has 15 seconds left.\n|inactive|LNumbers has 10 seconds left.\n|\n|t:|1790526515\n|move|p2a: Snorlax|Body Slam|p1a: Chansey\n|-damage|p1a: Chansey|60/100 par\n|cant|p1a: Chansey|par\n|\n|upkeep\n|turn|122\n|inactive|LNumbers has 20 seconds left this turn.\n|inactive|LNumbers has 15 seconds left.\n|inactive|LNumbers has 10 seconds left.\n|inactive|LNumbers has 5 seconds left.\n|\n|t:|1790526532\n|switch|p1a: Starmie|Starmie|83/100\n|move|p2a: Snorlax|Body Slam|p1a: Starmie\n|-damage|p1a: Starmie|45/100\n|\n|upkeep\n|turn|123\n|inactive|LNumbers has 15 seconds left this turn.\n|inactive|LNumbers has 10 seconds left.\n|inactive|LNumbers has 5 seconds left.\n|\n|t:|1790526547\n|switch|p2a: Chansey|Chansey|100/100 par\n|move|p1a: Starmie|Psychic|p2a: Chansey\n|-damage|p2a: Chansey|85/100 par\n|-unboost|p2a: Chansey|spa|1\n|-unboost|p2a: Chansey|spd|1\n|\n|upkeep\n|turn|124\n|inactive|LNumbers has 15 seconds left this turn.\n|inactive|LNumbers has 10 seconds left.\n|\n|t:|1790526558\n|move|p1a: Starmie|Recover|p1a: Starmie\n|-heal|p1a: Starmie|95/100\n|move|p2a: Chansey|Thunder Wave|p1a: Starmie\n|-status|p1a: Starmie|par\n|\n|upkeep\n|turn|125\n|inactive|LNumbers has 20 seconds left this turn.\n|inactive|LNumbers has 15 seconds left.\n|\n|t:|1790526564\n|move|p1a: Starmie|Psychic|p2a: Chansey\n|-damage|p2a: Chansey|62/100 par\n|move|p2a: Chansey|Seismic Toss|p1a: Starmie\n|-damage|p1a: Starmie|64/100 par\n|\n|upkeep\n|turn|126\n|inactive|LNumbers has 25 seconds left this turn.\n|inactive|LNumbers has 20 seconds left.\n|\n|t:|1790526571\n|move|p1a: Starmie|Recover|p1a: Starmie\n|-heal|p1a: Starmie|100/100 par\n|move|p2a: Chansey|Soft-Boiled|p2a: Chansey\n|-heal|p2a: Chansey|100/100 par\n|\n|upkeep\n|turn|127\n|inactive|LNumbers has 30 seconds left this turn.\n|\n|t:|1790526574\n|move|p1a: Starmie|Psychic|p2a: Chansey\n|-damage|p2a: Chansey|79/100 par\n|-unboost|p2a: Chansey|spa|1\n|-unboost|p2a: Chansey|spd|1\n|move|p2a: Chansey|Seismic Toss|p1a: Starmie\n|-damage|p1a: Starmie|70/100 par\n|\n|upkeep\n|turn|128\n|inactive|LNumbers has 30 seconds left.\n|\n|t:|1790526593\n|move|p1a: Starmie|Thunderbolt|p2a: Chansey\n|-damage|p2a: Chansey|60/100 par\n|move|p2a: Chansey|Seismic Toss|p1a: Starmie\n|-damage|p1a: Starmie|39/100 par\n|\n|upkeep\n|turn|129\n|inactive|LNumbers has 30 seconds left.\n|\n|t:|1790526609\n|cant|p1a: Starmie|par\n|move|p2a: Chansey|Soft-Boiled|p2a: Chansey\n|-heal|p2a: Chansey|100/100 par\n|\n|upkeep\n|turn|130\n|inactive|LNumbers has 30 seconds left.\n|\n|t:|1790526623\n|switch|p2a: Snorlax|Snorlax|45/100\n|move|p1a: Starmie|Recover|p1a: Starmie\n|-heal|p1a: Starmie|88/100 par\n|\n|upkeep\n|turn|131\n|inactive|LNumbers has 30 seconds left.\n|\n|t:|1790526635\n|switch|p2a: Chansey|Chansey|100/100 par\n|move|p1a: Starmie|Psychic|p2a: Chansey\n|-damage|p2a: Chansey|85/100 par\n|\n|upkeep\n|turn|132\n|\n|t:|1790526639\n|switch|p1a: Chansey|Chansey|60/100 par\n|move|p2a: Chansey|Seismic Toss|p1a: Chansey\n|-damage|p1a: Chansey|45/100 par\n|\n|upkeep\n|turn|133\n|inactive|LNumbers has 30 seconds left.\n|\n|t:|1790526655\n|switch|p2a: Tauros|Tauros|10/100\n|cant|p1a: Chansey|par\n|\n|upkeep\n|turn|134\n|inactive|LNumbers has 30 seconds left.\n|\n|t:|1790526673\n|switch|p1a: Starmie|Starmie|88/100 par\n|move|p2a: Tauros|Body Slam|p1a: Starmie\n|-damage|p1a: Starmie|55/100 par\n|\n|upkeep\n|turn|135\n|inactive|LNumbers has 30 seconds left.\n|inactive|LNumbers has 20 seconds left.\n|inactive|LNumbers has 15 seconds left.\n|\n|t:|1790526700\n|switch|p1a: Tauros|Tauros|100/100\n|move|p2a: Tauros|Hyper Beam|p1a: Tauros\n|-damage|p1a: Tauros|52/100\n|-mustrecharge|p2a: Tauros\n|\n|upkeep\n|turn|136\n|inactive|LNumbers has 25 seconds left this turn.\n|\n|t:|1790526704\n|move|p1a: Tauros|Body Slam|p2a: Tauros\n|-damage|p2a: Tauros|0 fnt\n|faint|p2a: Tauros\n|inactive|LNumbers has 30 seconds left this turn.\n|inactive|LNumbers has 20 seconds left.\n|\n|t:|1790526718\n|switch|p2a: Starmie|Starmie|84/100\n|turn|137\n|inactive|LNumbers has 30 seconds left this turn.\n|inactive|LNumbers has 20 seconds left.\n|\n|t:|1790526741\n|switch|p1a: Chansey|Chansey|45/100 par\n|move|p2a: Starmie|Surf|p1a: Chansey\n|-crit|p1a: Chansey\n|-damage|p1a: Chansey|14/100 par\n|\n|upkeep\n|turn|138\n|inactive|LNumbers has 30 seconds left this turn.\n|c|☆Amaranth|well\n|inactive|LNumbers has 20 seconds left.\n|\n|t:|1790526758\n|move|p2a: Starmie|Surf|p1a: Chansey\n|-damage|p1a: Chansey|0 fnt\n|faint|p1a: Chansey\n|\n|t:|1790526759\n|switch|p1a: Starmie|Starmie|55/100 par\n|turn|139\n|inactive|LNumbers has 30 seconds left.\n|inactive|LNumbers has 20 seconds left.\n|inactive|LNumbers has 15 seconds left.\n|inactive|LNumbers has 10 seconds left.\n|inactive|Amaranth has 270 seconds left.\n|inactive|LNumbers has 5 seconds left.\n|\n|t:|1790526791\n|switch|p2a: Chansey|Chansey|85/100 par\n|switch|p1a: Tauros|Tauros|52/100\n|\n|upkeep\n|turn|140\n|inactive|LNumbers has 15 seconds left this turn.\n|inactive|LNumbers has 10 seconds left.\n|inactive|Amaranth has 270 seconds left.\n|\n|t:|1790526803\n|move|p1a: Tauros|Body Slam|p2a: Chansey\n|-damage|p2a: Chansey|44/100 par\n|move|p2a: Chansey|Thunder Wave|p1a: Tauros\n|-status|p1a: Tauros|par\n|\n|upkeep\n|turn|141\n|inactive|LNumbers has 20 seconds left this turn.\n|inactive|LNumbers has 15 seconds left.\n|inactive|LNumbers has 10 seconds left.\n|\n|t:|1790526815\n|move|p1a: Tauros|Hyper Beam|p2a: Chansey\n|-damage|p2a: Chansey|0 fnt\n|faint|p2a: Chansey\n|inactive|LNumbers has 15 seconds left this turn.\n|inactive|LNumbers has 10 seconds left.\n|inactive|LNumbers has 5 seconds left.\n|\n|t:|1790526828\n|switch|p2a: Snorlax|Snorlax|45/100\n|turn|142\n|inactive|LNumbers has 15 seconds left this turn.\n|\n|t:|1790526838\n|move|p2a: Snorlax|Hyper Beam|p1a: Tauros\n|-damage|p1a: Tauros|0 fnt\n|faint|p1a: Tauros\n|\n|t:|1790526845\n|switch|p1a: Starmie|Starmie|55/100 par\n|turn|143\n|inactive|LNumbers has 30 seconds left this turn.\n|\n|t:|1790526852\n|move|p2a: Snorlax|Hyper Beam|p1a: Starmie\n|-damage|p1a: Starmie|0 fnt\n|faint|p1a: Starmie\n|\n|win|LNumbers\n|c|☆Amaranth|ggs\n|c|☆LNumbers|ggs\n|c|☆LNumbers|/log LNumbers made the replay of this battle unlisted.\n|player|p1|\n|player|p2|\n","uploadtime":1790526852,"views":"105","formatid":"gen1ou","rating":null,"private":2,"password":null}