{"id":"smogtours-gen1ou-960554","format":"[Gen 1] OU","players":["Deezcastforms","squirtlonyourpuffs"],"log":"|inactive|Battle timer is ON: inactive players will automatically lose when time's up.\n|t:|1785532089\n|gametype|singles\n|player|p1|Deezcastforms|#adpl8|\n|player|p2|squirtlonyourpuffs|youngster-gen4dp|\n|gen|1\n|tier|[Gen 1] OU\n|rule|Desync Clause Mod: Desyncs resolve to link battle behavior from the acting player's perspective.\n|rule|HP Percentage Mod: HP is shown in percentages\n|rule|Endless Battle Clause: Forcing endless battles is banned\n|rule|Sleep Clause Mod: Limit one foe put to sleep\n|rule|Freeze Clause Mod: Limit one foe frozen\n|rule|Species Clause: Limit one of each Pokémon\n|rule|OHKO Clause: OHKO moves are banned\n|rule|Evasion Moves Clause: Evasion moves are banned\n|\n|t:|1785532089\n|teamsize|p1|6\n|teamsize|p2|6\n|start\n|switch|p1a: Jynx|Jynx|100/100\n|switch|p2a: Alakazam|Alakazam|100/100\n|turn|1\n|inactive|Deezcastforms has 270 seconds left.\n|\n|t:|1785532141\n|move|p2a: Alakazam|Thunder Wave|p1a: Jynx\n|-status|p1a: Jynx|par\n|move|p1a: Jynx|Lovely Kiss|p2a: Alakazam\n|-status|p2a: Alakazam|slp|[from] move: Lovely Kiss\n|\n|upkeep\n|turn|2\n|\n|t:|1785532161\n|switch|p2a: Starmie|Starmie|100/100\n|move|p1a: Jynx|Blizzard|p2a: Starmie\n|-crit|p2a: Starmie\n|-resisted|p2a: Starmie\n|-damage|p2a: Starmie|58/100\n|\n|upkeep\n|turn|3\n|\n|t:|1785532166\n|move|p2a: Starmie|Surf|p1a: Jynx\n|-damage|p1a: Jynx|67/100 par\n|move|p1a: Jynx|Blizzard|p2a: Starmie\n|-resisted|p2a: Starmie\n|-damage|p2a: Starmie|36/100\n|\n|upkeep\n|turn|4\n|\n|t:|1785532174\n|switch|p1a: Chansey|Chansey|100/100\n|move|p2a: Starmie|Recover|p2a: Starmie\n|-heal|p2a: Starmie|86/100\n|\n|upkeep\n|turn|5\n|\n|t:|1785532177\n|switch|p2a: Chansey|Chansey|100/100\n|move|p1a: Chansey|Thunder Wave|p2a: Chansey\n|-status|p2a: Chansey|par\n|\n|upkeep\n|turn|6\n|\n|t:|1785532195\n|switch|p1a: Exeggutor|Exeggutor|100/100\n|move|p2a: Chansey|Ice Beam|p1a: Exeggutor\n|-supereffective|p1a: Exeggutor\n|-damage|p1a: Exeggutor|67/100\n|-status|p1a: Exeggutor|frz\n|\n|upkeep\n|turn|7\n|inactive|Deezcastforms has 270 seconds left.\n|\n|t:|1785532237\n|switch|p1a: Snorlax|Snorlax|100/100\n|move|p2a: Chansey|Sing|p1a: Snorlax\n|-status|p1a: Snorlax|slp|[from] move: Sing\n|\n|upkeep\n|turn|8\n|\n|t:|1785532257\n|switch|p2a: Tauros|Tauros|100/100\n|cant|p1a: Snorlax|slp\n|\n|upkeep\n|turn|9\n|\n|t:|1785532266\n|move|p2a: Tauros|Body Slam|p1a: Snorlax\n|-damage|p1a: Snorlax|76/100 slp\n|cant|p1a: Snorlax|slp\n|\n|upkeep\n|turn|10\n|\n|t:|1785532271\n|switch|p1a: Exeggutor|Exeggutor|67/100 frz\n|move|p2a: Tauros|Body Slam|p1a: Exeggutor\n|-damage|p1a: Exeggutor|40/100 frz\n|\n|upkeep\n|turn|11\n|\n|t:|1785532277\n|move|p2a: Tauros|Body Slam|p1a: Exeggutor\n|-damage|p1a: Exeggutor|14/100 frz\n|cant|p1a: Exeggutor|frz\n|\n|upkeep\n|turn|12\n|\n|t:|1785532285\n|switch|p2a: Starmie|Starmie|86/100\n|cant|p1a: Exeggutor|frz\n|\n|upkeep\n|turn|13\n|\n|t:|1785532296\n|switch|p1a: Chansey|Chansey|100/100\n|move|p2a: Starmie|Thunder Wave|p1a: Chansey\n|-status|p1a: Chansey|par\n|\n|upkeep\n|turn|14\n|inactive|Deezcastforms has 270 seconds left.\n|\n|t:|1785532329\n|switch|p2a: Snorlax|Snorlax|100/100\n|switch|p1a: Snorlax|Snorlax|76/100 slp\n|\n|upkeep\n|turn|15\n|inactive|Deezcastforms has 270 seconds left.\n|\n|t:|1785532339\n|move|p2a: Snorlax|Body Slam|p1a: Snorlax\n|-damage|p1a: Snorlax|51/100 slp\n|cant|p1a: Snorlax|slp\n|\n|upkeep\n|turn|16\n|\n|t:|1785532346\n|switch|p1a: Exeggutor|Exeggutor|14/100 frz\n|move|p2a: Snorlax|Body Slam|p1a: Exeggutor\n|-damage|p1a: Exeggutor|0 fnt\n|faint|p1a: Exeggutor\n|\n|t:|1785532347\n|switch|p1a: Alakazam|Alakazam|100/100\n|turn|17\n|inactive|squirtlonyourpuffs has 270 seconds left.\n|\n|t:|1785532385\n|move|p1a: Alakazam|Psychic|p2a: Snorlax\n|-damage|p2a: Snorlax|70/100\n|-unboost|p2a: Snorlax|spa|1\n|-unboost|p2a: Snorlax|spd|1\n|move|p2a: Snorlax|Body Slam|p1a: Alakazam\n|-damage|p1a: Alakazam|49/100\n|\n|upkeep\n|turn|18\n|\n|t:|1785532411\n|move|p1a: Alakazam|Psychic|p2a: Snorlax\n|-damage|p2a: Snorlax|17/100\n|move|p2a: Snorlax|Body Slam|p1a: Alakazam\n|-damage|p1a: Alakazam|0 fnt\n|faint|p1a: Alakazam\n|\n|t:|1785532418\n|switch|p1a: Tauros|Tauros|100/100\n|turn|19\n|inactive|squirtlonyourpuffs has 270 seconds left.\n|inactive|squirtlonyourpuffs has 240 seconds left.\n|inactive|squirtlonyourpuffs has 210 seconds left.\n|inactive|squirtlonyourpuffs has 180 seconds left.\n|\n|t:|1785532542\n|move|p1a: Tauros|Body Slam|p2a: Snorlax\n|-damage|p2a: Snorlax|0 fnt\n|faint|p2a: Snorlax\n|inactive|squirtlonyourpuffs has 150 seconds left.\n|inactive|squirtlonyourpuffs has 120 seconds left.\n|\n|t:|1785532613\n|switch|p2a: Starmie|Starmie|86/100\n|turn|20\n|inactive|Deezcastforms has 270 seconds left.\n|\n|t:|1785532659\n|switch|p1a: Chansey|Chansey|100/100 par\n|move|p2a: Starmie|Surf|p1a: Chansey\n|-crit|p1a: Chansey\n|-damage|p1a: Chansey|70/100 par\n|\n|upkeep\n|turn|21\n|inactive|squirtlonyourpuffs has 120 seconds left.\n|\n|t:|1785532667\n|switch|p2a: Chansey|Chansey|100/100 par\n|move|p1a: Chansey|Thunder Wave|p2a: Chansey\n|-fail|p2a: Chansey|par\n|\n|upkeep\n|turn|22\n|\n|t:|1785532674\n|move|p1a: Chansey|Soft-Boiled|p1a: Chansey\n|-heal|p1a: Chansey|100/100 par\n|cant|p2a: Chansey|par\n|\n|upkeep\n|turn|23\n|inactive|Deezcastforms has 270 seconds left.\n|\n|t:|1785532696\n|move|p1a: Chansey|Ice Beam|p2a: Chansey\n|-damage|p2a: Chansey|90/100 par\n|move|p2a: Chansey|Ice Beam|p1a: Chansey\n|-damage|p1a: Chansey|89/100 par\n|\n|upkeep\n|turn|24\n|\n|t:|1785532705\n|cant|p1a: Chansey|par\n|move|p2a: Chansey|Thunder Wave|p1a: Chansey\n|-fail|p1a: Chansey|par\n|\n|upkeep\n|turn|25\n|inactive|Deezcastforms has 270 seconds left.\n|\n|t:|1785532713\n|move|p2a: Chansey|Sing|p1a: Chansey|[miss]\n|-miss|p2a: Chansey\n|move|p1a: Chansey|Ice Beam|p2a: Chansey\n|-damage|p2a: Chansey|80/100 par\n|\n|upkeep\n|turn|26\n|\n|t:|1785532720\n|move|p2a: Chansey|Soft-Boiled|p2a: Chansey\n|-heal|p2a: Chansey|100/100 par\n|move|p1a: Chansey|Ice Beam|p2a: Chansey\n|-damage|p2a: Chansey|90/100 par\n|\n|upkeep\n|turn|27\n|\n|t:|1785532731\n|switch|p1a: Snorlax|Snorlax|51/100 slp\n|move|p2a: Chansey|Thunder Wave|p1a: Snorlax\n|-fail|p1a: Snorlax\n|\n|upkeep\n|turn|28\n|inactive|Deezcastforms has 270 seconds left.\n|inactive|Deezcastforms has 240 seconds left.\n|\n|t:|1785532795\n|switch|p2a: Tauros|Tauros|100/100\n|cant|p1a: Snorlax|slp\n|\n|upkeep\n|turn|29\n|\n|t:|1785532801\n|switch|p1a: Jynx|Jynx|67/100 par\n|move|p2a: Tauros|Body Slam|p1a: Jynx\n|-damage|p1a: Jynx|18/100 par\n|\n|upkeep\n|turn|30\n|\n|t:|1785532807\n|move|p2a: Tauros|Body Slam|p1a: Jynx\n|-damage|p1a: Jynx|0 fnt\n|faint|p1a: Jynx\n|inactive|Deezcastforms has 210 seconds left.\n|inactive|Deezcastforms has 180 seconds left.\n|inactive|Deezcastforms has 150 seconds left.\n|\n|t:|1785532899\n|switch|p1a: Chansey|Chansey|89/100 par\n|turn|31\n|inactive|squirtlonyourpuffs has 210 seconds left.\n|inactive|Deezcastforms has 150 seconds left.\n|\n|t:|1785532913\n|switch|p2a: Chansey|Chansey|90/100 par\n|switch|p1a: Snorlax|Snorlax|51/100 slp\n|\n|upkeep\n|turn|32\n|inactive|Deezcastforms has 150 seconds left.\n|inactive|squirtlonyourpuffs has 210 seconds left.\n|\n|t:|1785532925\n|switch|p2a: Exeggutor|Exeggutor|100/100\n|cant|p1a: Snorlax|slp\n|\n|upkeep\n|turn|33\n|inactive|Deezcastforms has 150 seconds left.\n|\n|t:|1785532937\n|switch|p1a: Chansey|Chansey|89/100 par\n|move|p2a: Exeggutor|Explosion|p1a: Chansey\n|-damage|p1a: Chansey|0 fnt\n|faint|p1a: Chansey\n|faint|p2a: Exeggutor\n|inactive|Deezcastforms has 150 seconds left.\n|inactive|Deezcastforms has 120 seconds left.\n|\n|t:|1785532973\n|switch|p2a: Starmie|Starmie|86/100\n|switch|p1a: Tauros|Tauros|100/100\n|turn|34\n|inactive|Deezcastforms has 120 seconds left.\n|\n|t:|1785532997\n|move|p2a: Starmie|Thunder Wave|p1a: Tauros\n|-status|p1a: Tauros|par\n|cant|p1a: Tauros|par\n|\n|upkeep\n|turn|35\n|inactive|squirtlonyourpuffs has 210 seconds left.\n|\n|t:|1785533041\n|move|p2a: Starmie|Surf|p1a: Tauros\n|-damage|p1a: Tauros|63/100 par\n|move|p1a: Tauros|Hyper Beam|p2a: Starmie|[miss]\n|-miss|p1a: Tauros\n|\n|upkeep\n|turn|36\n|inactive|Deezcastforms has 90 seconds left.\n|\n|t:|1785533064\n|move|p2a: Starmie|Surf|p1a: Tauros\n|-damage|p1a: Tauros|21/100 par\n|move|p1a: Tauros|Hyper Beam|p2a: Starmie\n|-crit|p2a: Starmie\n|-damage|p2a: Starmie|0 fnt\n|faint|p2a: Starmie\n|\n|t:|1785533068\n|switch|p2a: Tauros|Tauros|100/100\n|turn|37\n|\n|t:|1785533080\n|move|p2a: Tauros|Body Slam|p1a: Tauros\n|-damage|p1a: Tauros|0 fnt\n|faint|p1a: Tauros\n|\n|t:|1785533082\n|switch|p1a: Snorlax|Snorlax|51/100 slp\n|turn|38\n|\n|t:|1785533085\n|move|p2a: Tauros|Body Slam|p1a: Snorlax\n|-damage|p1a: Snorlax|27/100 slp\n|-curestatus|p1a: Snorlax|slp|[msg]\n|\n|upkeep\n|turn|39\n|\n|t:|1785533102\n|move|p2a: Tauros|Hyper Beam|p1a: Snorlax|[miss]\n|-miss|p2a: Tauros\n|move|p1a: Snorlax|Rest|p1a: Snorlax\n|-status|p1a: Snorlax|slp|[from] move: Rest\n|-heal|p1a: Snorlax|100/100 slp|[silent]\n|\n|upkeep\n|turn|40\n|\n|t:|1785533114\n|move|p2a: Tauros|Body Slam|p1a: Snorlax\n|-damage|p1a: Snorlax|77/100 slp\n|cant|p1a: Snorlax|slp\n|\n|upkeep\n|turn|41\n|\n|t:|1785533119\n|move|p2a: Tauros|Body Slam|p1a: Snorlax\n|-damage|p1a: Snorlax|51/100 slp\n|-curestatus|p1a: Snorlax|slp|[msg]\n|\n|upkeep\n|turn|42\n|inactive|Deezcastforms has 120 seconds left.\n|\n|t:|1785533138\n|move|p2a: Tauros|Body Slam|p1a: Snorlax\n|-crit|p1a: Snorlax\n|-damage|p1a: Snorlax|4/100\n|move|p1a: Snorlax|Reflect|p1a: Snorlax\n|-start|p1a: Snorlax|Reflect\n|\n|upkeep\n|turn|43\n|\n|t:|1785533160\n|move|p2a: Tauros|Body Slam|p1a: Snorlax\n|-damage|p1a: Snorlax|0 fnt\n|faint|p1a: Snorlax\n|\n|win|squirtlonyourpuffs\n|player|p1|\n","uploadtime":1785533160,"views":"51","formatid":"gen1ou","rating":null,"private":0,"password":null}