{"id":"smogtours-gen1ou-958912","format":"[Gen 1] OU","players":["Isza","Deezcastforms"],"log":"|inactive|Battle timer is ON: inactive players will automatically lose when time's up.\n|t:|1785009683\n|gametype|singles\n|player|p1|Isza|#scl5foxes|\n|player|p2|Deezcastforms|#adpl8|\n|gen|1\n|tier|[Gen 1] OU\n|rule|Desync Clause Mod: Desyncs resolve to link battle behavior from the acting player's perspective.\n|rule|HP Percentage Mod: HP is shown in percentages\n|rule|Endless Battle Clause: Forcing endless battles is banned\n|rule|Sleep Clause Mod: Limit one foe put to sleep\n|rule|Freeze Clause Mod: Limit one foe frozen\n|rule|Species Clause: Limit one of each Pokémon\n|rule|OHKO Clause: OHKO moves are banned\n|rule|Evasion Moves Clause: Evasion moves are banned\n|\n|t:|1785009683\n|teamsize|p1|6\n|teamsize|p2|6\n|start\n|switch|p1a: Gengar|Gengar|100/100\n|switch|p2a: Jynx|Jynx|100/100\n|turn|1\n|inactive|Isza disconnected and has 300 seconds to reconnect!\n|player|p1|\n|inactive|Isza reconnected.\n|player|p1|Isza|#scl5foxes|\n|c|☆Isza|Hf\n|\n|t:|1785009711\n|move|p1a: Gengar|Hypnosis|p2a: Jynx\n|-status|p2a: Jynx|slp|[from] move: Hypnosis\n|cant|p2a: Jynx|slp\n|\n|upkeep\n|turn|2\n|c|☆Deezcastforms|u2\n|\n|t:|1785009722\n|move|p1a: Gengar|Night Shade|p2a: Jynx\n|-damage|p2a: Jynx|70/100 slp\n|cant|p2a: Jynx|slp\n|\n|upkeep\n|turn|3\n|\n|t:|1785009730\n|switch|p2a: Chansey|Chansey|100/100\n|move|p1a: Gengar|Night Shade|p2a: Chansey\n|-damage|p2a: Chansey|86/100\n|\n|upkeep\n|turn|4\n|\n|t:|1785009737\n|move|p1a: Gengar|Night Shade|p2a: Chansey\n|-damage|p2a: Chansey|72/100\n|move|p2a: Chansey|Sing|p1a: Gengar\n|-status|p1a: Gengar|slp|[from] move: Sing\n|\n|upkeep\n|turn|5\n|c|+Fantos13|shali <3\n|c|☆Isza|Sup boss\n|c|+Fantos13|gl\n|c|+Fantos13|get em\n|\n|t:|1785009764\n|switch|p1a: Chansey|Chansey|100/100\n|switch|p2a: Starmie|Starmie|100/100\n|\n|upkeep\n|turn|6\n|\n|t:|1785009774\n|move|p2a: Starmie|Thunder Wave|p1a: Chansey\n|-status|p1a: Chansey|par\n|cant|p1a: Chansey|par\n|\n|upkeep\n|turn|7\n|\n|t:|1785009784\n|switch|p2a: Chansey|Chansey|72/100\n|move|p1a: Chansey|Thunder Wave|p2a: Chansey\n|-status|p2a: Chansey|par\n|\n|upkeep\n|turn|8\n|\n|t:|1785009790\n|switch|p1a: Snorlax|Snorlax|100/100\n|move|p2a: Chansey|Soft-Boiled|p2a: Chansey\n|-heal|p2a: Chansey|100/100 par\n|\n|upkeep\n|turn|9\n|\n|t:|1785009794\n|switch|p2a: Cloyster|Cloyster|100/100\n|move|p1a: Snorlax|Earthquake|p2a: Cloyster\n|-damage|p2a: Cloyster|84/100\n|\n|upkeep\n|turn|10\n|\n|t:|1785009802\n|switch|p1a: Chansey|Chansey|100/100 par\n|move|p2a: Cloyster|Blizzard|p1a: Chansey\n|-damage|p1a: Chansey|82/100 par\n|\n|upkeep\n|turn|11\n|\n|t:|1785009808\n|move|p2a: Cloyster|Clamp|p1a: Chansey\n|-damage|p1a: Chansey|77/100 par\n|cant|p1a: Chansey|partiallytrapped\n|\n|upkeep\n|turn|12\n|\n|t:|1785009820\n|switch|p1a: Gengar|Gengar|100/100 slp\n|move|p2a: Cloyster|Clamp|p1a: Gengar\n|-damage|p1a: Gengar|91/100 slp\n|\n|upkeep\n|turn|13\n|\n|t:|1785009836\n|switch|p1a: Chansey|Chansey|77/100 par\n|switch|p2a: Rhydon|Rhydon|100/100\n|\n|upkeep\n|turn|14\n|\n|t:|1785009852\n|move|p2a: Rhydon|Earthquake|p1a: Chansey\n|-damage|p1a: Chansey|21/100 par\n|move|p1a: Chansey|Ice Beam|p2a: Rhydon\n|-crit|p2a: Rhydon\n|-supereffective|p2a: Rhydon\n|-damage|p2a: Rhydon|0 fnt\n|faint|p2a: Rhydon\n|inactive|Isza disconnected and has 300 seconds to reconnect!\n|player|p1|\n|inactive|Deezcastforms has 270 seconds left.\n|inactive|Isza reconnected.\n|player|p1|Isza|#scl5foxes|\n|\n|t:|1785009876\n|switch|p2a: Tauros|Tauros|100/100\n|turn|15\n|\n|t:|1785009881\n|switch|p1a: Snorlax|Snorlax|100/100\n|move|p2a: Tauros|Earthquake|p1a: Snorlax\n|-damage|p1a: Snorlax|80/100\n|\n|upkeep\n|turn|16\n|inactive|Deezcastforms has 270 seconds left.\n|\n|t:|1785009915\n|switch|p2a: Cloyster|Cloyster|84/100\n|move|p1a: Snorlax|Counter|p2a: Cloyster\n|-fail|p1a: Snorlax\n|\n|upkeep\n|turn|17\n|\n|t:|1785009927\n|move|p2a: Cloyster|Blizzard|p1a: Snorlax|[miss]\n|-miss|p2a: Cloyster\n|move|p1a: Snorlax|Self-Destruct|p2a: Cloyster\n|-damage|p2a: Cloyster|14/100\n|faint|p1a: Snorlax\n|\n|t:|1785009931\n|switch|p1a: Tauros|Tauros|100/100\n|turn|18\n|inactive|Deezcastforms has 270 seconds left.\n|inactive|Deezcastforms has 240 seconds left.\n|\n|t:|1785009976\n|switch|p2a: Jynx|Jynx|70/100 slp\n|move|p1a: Tauros|Body Slam|p2a: Jynx\n|-damage|p2a: Jynx|21/100 slp\n|\n|upkeep\n|turn|19\n|inactive|Deezcastforms has 240 seconds left.\n|\n|t:|1785009989\n|switch|p1a: Zapdos|Zapdos|100/100\n|switch|p2a: Cloyster|Cloyster|14/100\n|\n|upkeep\n|turn|20\n|inactive|Deezcastforms has 240 seconds left.\n|\n|t:|1785010031\n|switch|p2a: Jynx|Jynx|21/100 slp\n|move|p1a: Zapdos|Drill Peck|p2a: Jynx\n|-damage|p2a: Jynx|0 fnt\n|faint|p2a: Jynx\n|inactive|Deezcastforms has 210 seconds left.\n|\n|t:|1785010059\n|switch|p2a: Starmie|Starmie|100/100\n|turn|21\n|inactive|Isza has 270 seconds left.\n|\n|t:|1785010097\n|move|p2a: Starmie|Blizzard|p1a: Zapdos\n|-supereffective|p1a: Zapdos\n|-damage|p1a: Zapdos|59/100\n|-status|p1a: Zapdos|frz\n|cant|p1a: Zapdos|frz\n|\n|upkeep\n|turn|22\n|inactive|Deezcastforms has 210 seconds left.\n|\n|t:|1785010129\n|move|p2a: Starmie|Psychic|p1a: Zapdos\n|-damage|p1a: Zapdos|35/100 frz\n|-unboost|p1a: Zapdos|spa|1\n|-unboost|p1a: Zapdos|spd|1\n|cant|p1a: Zapdos|frz\n|\n|upkeep\n|turn|23\n|\n|t:|1785010142\n|switch|p2a: Tauros|Tauros|100/100\n|cant|p1a: Zapdos|frz\n|\n|upkeep\n|turn|24\n|\n|t:|1785010145\n|move|p2a: Tauros|Body Slam|p1a: Zapdos\n|-damage|p1a: Zapdos|6/100 frz\n|cant|p1a: Zapdos|frz\n|\n|upkeep\n|turn|25\n|\n|t:|1785010148\n|move|p2a: Tauros|Body Slam|p1a: Zapdos\n|-damage|p1a: Zapdos|0 fnt\n|faint|p1a: Zapdos\n|\n|t:|1785010150\n|switch|p1a: Tauros|Tauros|100/100\n|turn|26\n|\n|t:|1785010161\n|move|p2a: Tauros|Body Slam|p1a: Tauros\n|-damage|p1a: Tauros|70/100\n|move|p1a: Tauros|Body Slam|p2a: Tauros\n|-crit|p2a: Tauros\n|-damage|p2a: Tauros|42/100\n|\n|upkeep\n|turn|27\n|\n|t:|1785010173\n|switch|p2a: Cloyster|Cloyster|14/100\n|move|p1a: Tauros|Hyper Beam|p2a: Cloyster\n|-damage|p2a: Cloyster|0 fnt\n|faint|p2a: Cloyster\n|\n|t:|1785010175\n|switch|p2a: Starmie|Starmie|100/100\n|turn|28\n|\n|t:|1785010185\n|switch|p1a: Gengar|Gengar|91/100 slp\n|move|p2a: Starmie|Psychic|p1a: Gengar\n|-crit|p1a: Gengar\n|-supereffective|p1a: Gengar\n|-damage|p1a: Gengar|0 fnt\n|faint|p1a: Gengar\n|\n|t:|1785010188\n|switch|p1a: Chansey|Chansey|21/100 par\n|turn|29\n|\n|t:|1785010213\n|move|p2a: Starmie|Psychic|p1a: Chansey\n|-crit|p1a: Chansey\n|-damage|p1a: Chansey|0 fnt\n|faint|p1a: Chansey\n|\n|t:|1785010230\n|switch|p1a: Exeggutor|Exeggutor|100/100\n|turn|30\n|\n|t:|1785010234\n|switch|p2a: Chansey|Chansey|100/100 par\n|move|p1a: Exeggutor|Sleep Powder|p2a: Chansey|[miss]\n|-miss|p1a: Exeggutor\n|\n|upkeep\n|turn|31\n|inactive|Deezcastforms has 240 seconds left.\n|\n|t:|1785010250\n|move|p1a: Exeggutor|Psychic|p2a: Chansey\n|-damage|p2a: Chansey|84/100 par\n|-unboost|p2a: Chansey|spa|1\n|-unboost|p2a: Chansey|spd|1\n|cant|p2a: Chansey|par\n|\n|upkeep\n|turn|32\n|\n|t:|1785010254\n|move|p1a: Exeggutor|Psychic|p2a: Chansey\n|-damage|p2a: Chansey|57/100 par\n|-unboost|p2a: Chansey|spa|1\n|-unboost|p2a: Chansey|spd|1\n|move|p2a: Chansey|Soft-Boiled|p2a: Chansey\n|-heal|p2a: Chansey|100/100 par\n|\n|upkeep\n|turn|33\n|\n|t:|1785010258\n|move|p1a: Exeggutor|Sleep Powder|p2a: Chansey\n|-fail|p2a: Chansey\n|move|p2a: Chansey|Thunder Wave|p1a: Exeggutor\n|-status|p1a: Exeggutor|par\n|\n|upkeep\n|turn|34\n|\n|t:|1785010268\n|move|p1a: Exeggutor|Psychic|p2a: Chansey\n|-damage|p2a: Chansey|66/100 par\n|-unboost|p2a: Chansey|spa|1\n|-unboost|p2a: Chansey|spd|1\n|move|p2a: Chansey|Seismic Toss|p1a: Exeggutor\n|-damage|p1a: Exeggutor|75/100 par\n|\n|upkeep\n|turn|35\n|\n|t:|1785010282\n|move|p1a: Exeggutor|Sleep Powder|p2a: Chansey\n|-fail|p2a: Chansey\n|move|p2a: Chansey|Seismic Toss|p1a: Exeggutor\n|-damage|p1a: Exeggutor|50/100 par\n|\n|upkeep\n|turn|36\n|\n|t:|1785010291\n|cant|p1a: Exeggutor|par\n|move|p2a: Chansey|Seismic Toss|p1a: Exeggutor\n|-damage|p1a: Exeggutor|24/100 par\n|\n|upkeep\n|turn|37\n|\n|t:|1785010298\n|move|p1a: Exeggutor|Mega Drain|p2a: Chansey\n|-damage|p2a: Chansey|45/100 par\n|-heal|p1a: Exeggutor|42/100 par|[from] drain|[of] p2a: Chansey\n|move|p2a: Chansey|Seismic Toss|p1a: Exeggutor\n|-damage|p1a: Exeggutor|17/100 par\n|\n|upkeep\n|turn|38\n|\n|t:|1785010312\n|move|p1a: Exeggutor|Sleep Powder|p2a: Chansey\n|-fail|p2a: Chansey\n|move|p2a: Chansey|Seismic Toss|p1a: Exeggutor\n|-damage|p1a: Exeggutor|0 fnt\n|faint|p1a: Exeggutor\n|\n|t:|1785010314\n|switch|p1a: Tauros|Tauros|70/100\n|turn|39\n|\n|t:|1785010317\n|move|p1a: Tauros|Hyper Beam|p2a: Chansey\n|-damage|p2a: Chansey|0 fnt\n|faint|p2a: Chansey\n|\n|t:|1785010319\n|switch|p2a: Starmie|Starmie|100/100\n|turn|40\n|\n|t:|1785010321\n|move|p2a: Starmie|Thunder Wave|p1a: Tauros\n|-status|p1a: Tauros|par\n|move|p1a: Tauros|Body Slam|p2a: Starmie\n|-crit|p2a: Starmie\n|-damage|p2a: Starmie|32/100\n|\n|upkeep\n|turn|41\n|\n|t:|1785010327\n|move|p2a: Starmie|Psychic|p1a: Tauros\n|-damage|p1a: Tauros|30/100 par\n|cant|p1a: Tauros|par\n|\n|upkeep\n|turn|42\n|\n|t:|1785010332\n|move|p2a: Starmie|Psychic|p1a: Tauros\n|-damage|p1a: Tauros|0 fnt\n|faint|p1a: Tauros\n|\n|win|Deezcastforms\n|c|☆Isza|gg\n|c|☆Deezcastforms|gg\n","uploadtime":1785010332,"views":"69","formatid":"gen1ou","rating":null,"private":0,"password":null}