{"id":"smogtours-gen1ou-960459","format":"[Gen 1] OU","players":["SOULWIND","Ulti Bastion"],"log":"|inactive|Battle timer is ON: inactive players will automatically lose when time's up.\n|t:|1785511956\n|gametype|singles\n|player|p1|SOULWIND|#wcop2024spain2|\n|player|p2|Ulti Bastion|#rbyplvisaffronhaymakers|\n|gen|1\n|tier|[Gen 1] OU\n|rule|Desync Clause Mod: Desyncs resolve to link battle behavior from the acting player's perspective.\n|rule|HP Percentage Mod: HP is shown in percentages\n|rule|Endless Battle Clause: Forcing endless battles is banned\n|rule|Sleep Clause Mod: Limit one foe put to sleep\n|rule|Freeze Clause Mod: Limit one foe frozen\n|rule|Species Clause: Limit one of each Pokémon\n|rule|OHKO Clause: OHKO moves are banned\n|rule|Evasion Moves Clause: Evasion moves are banned\n|\n|t:|1785511956\n|teamsize|p1|6\n|teamsize|p2|6\n|start\n|switch|p1a: Gengar|Gengar|100/100\n|switch|p2a: Red Velvet|Jynx|100/100\n|turn|1\n|\n|t:|1785511964\n|move|p1a: Gengar|Hypnosis|p2a: Red Velvet\n|-status|p2a: Red Velvet|slp|[from] move: Hypnosis\n|cant|p2a: Red Velvet|slp\n|\n|upkeep\n|turn|2\n|c|☆Ulti Bastion|Hf\n|c|☆SOULWIND|hf\n|c|☆SOULWIND|/log SOULWIND made the replay of this battle unlisted.\n|\n|t:|1785511975\n|move|p1a: Gengar|Night Shade|p2a: Red Velvet\n|-damage|p2a: Red Velvet|70/100 slp\n|cant|p2a: Red Velvet|slp\n|\n|upkeep\n|turn|3\n|\n|t:|1785511990\n|switch|p2a: A Padeira|Chansey|100/100\n|move|p1a: Gengar|Night Shade|p2a: A Padeira\n|-damage|p2a: A Padeira|86/100\n|\n|upkeep\n|turn|4\n|\n|t:|1785512004\n|move|p1a: Gengar|Explosion|p2a: A Padeira\n|-damage|p2a: A Padeira|9/100\n|faint|p1a: Gengar\n|\n|t:|1785512012\n|switch|p1a: Tauros|Tauros|100/100\n|turn|5\n|\n|t:|1785512037\n|switch|p2a: THE COLUSSUS|Snorlax|100/100\n|move|p1a: Tauros|Body Slam|p2a: THE COLUSSUS\n|-damage|p2a: THE COLUSSUS|77/100\n|\n|upkeep\n|turn|6\n|\n|t:|1785512043\n|move|p1a: Tauros|Body Slam|p2a: THE COLUSSUS\n|-damage|p2a: THE COLUSSUS|51/100\n|move|p2a: THE COLUSSUS|Body Slam|p1a: Tauros\n|-damage|p1a: Tauros|68/100\n|\n|upkeep\n|turn|7\n|\n|t:|1785512049\n|move|p1a: Tauros|Body Slam|p2a: THE COLUSSUS\n|-damage|p2a: THE COLUSSUS|28/100\n|move|p2a: THE COLUSSUS|Self-Destruct|p1a: Tauros\n|-damage|p1a: Tauros|0 fnt\n|faint|p1a: Tauros\n|faint|p2a: THE COLUSSUS\n|\n|t:|1785512058\n|switch|p1a: Exeggutor|Exeggutor|100/100\n|switch|p2a: Green Illusionist|Exeggutor|100/100\n|turn|8\n|\n|t:|1785512064\n|move|p1a: Exeggutor|Stun Spore|p2a: Green Illusionist\n|-status|p2a: Green Illusionist|par\n|move|p2a: Green Illusionist|Sleep Powder|p1a: Exeggutor\n|-status|p1a: Exeggutor|slp|[from] move: Sleep Powder\n|\n|upkeep\n|turn|9\n|\n|t:|1785512068\n|switch|p1a: Starmie|Starmie|100/100\n|switch|p2a: A Padeira|Chansey|9/100\n|\n|upkeep\n|turn|10\n|\n|t:|1785512074\n|switch|p2a: Red Velvet|Jynx|70/100 slp\n|move|p1a: Starmie|Blizzard|p2a: Red Velvet\n|-resisted|p2a: Red Velvet\n|-damage|p2a: Red Velvet|57/100 slp\n|\n|upkeep\n|turn|11\n|\n|t:|1785512082\n|switch|p2a: Mistery|Starmie|100/100\n|move|p1a: Starmie|Thunderbolt|p2a: Mistery\n|-supereffective|p2a: Mistery\n|-damage|p2a: Mistery|52/100\n|\n|upkeep\n|turn|12\n|\n|t:|1785512087\n|move|p1a: Starmie|Thunder Wave|p2a: Mistery\n|-status|p2a: Mistery|par\n|move|p2a: Mistery|Thunder Wave|p1a: Starmie\n|-status|p1a: Starmie|par\n|\n|upkeep\n|turn|13\n|\n|t:|1785512095\n|switch|p2a: Red Velvet|Jynx|57/100 slp\n|cant|p1a: Starmie|par\n|\n|upkeep\n|turn|14\n|\n|t:|1785512099\n|cant|p2a: Red Velvet|slp\n|move|p1a: Starmie|Thunderbolt|p2a: Red Velvet\n|-damage|p2a: Red Velvet|34/100 slp\n|\n|upkeep\n|turn|15\n|\n|t:|1785512103\n|switch|p1a: Snorlax|Snorlax|100/100\n|cant|p2a: Red Velvet|slp\n|\n|upkeep\n|turn|16\n|\n|t:|1785512108\n|-curestatus|p2a: Red Velvet|slp|[msg]\n|move|p1a: Snorlax|Body Slam|p2a: Red Velvet\n|-damage|p2a: Red Velvet|0 fnt\n|faint|p2a: Red Velvet\n|inactive|Ulti Bastion has 270 seconds left.\n|\n|t:|1785512153\n|switch|p2a: A Padeira|Chansey|9/100\n|turn|17\n|inactive|Ulti Bastion has 270 seconds left.\n|\n|t:|1785512178\n|move|p2a: A Padeira|Soft-Boiled|p2a: A Padeira\n|-heal|p2a: A Padeira|59/100\n|move|p1a: Snorlax|Body Slam|p2a: A Padeira\n|-damage|p2a: A Padeira|21/100\n|\n|upkeep\n|turn|18\n|\n|t:|1785512183\n|move|p2a: A Padeira|Soft-Boiled|p2a: A Padeira\n|-heal|p2a: A Padeira|71/100\n|move|p1a: Snorlax|Body Slam|p2a: A Padeira\n|-damage|p2a: A Padeira|27/100\n|\n|upkeep\n|turn|19\n|\n|t:|1785512189\n|move|p2a: A Padeira|Soft-Boiled|p2a: A Padeira\n|-heal|p2a: A Padeira|77/100\n|move|p1a: Snorlax|Body Slam|p2a: A Padeira\n|-damage|p2a: A Padeira|38/100\n|\n|upkeep\n|turn|20\n|inactive|Ulti Bastion has 270 seconds left.\n|\n|t:|1785512194\n|move|p2a: A Padeira|Soft-Boiled|p2a: A Padeira\n|-heal|p2a: A Padeira|88/100\n|move|p1a: Snorlax|Body Slam|p2a: A Padeira\n|-damage|p2a: A Padeira|45/100\n|\n|upkeep\n|turn|21\n|\n|t:|1785512200\n|move|p2a: A Padeira|Soft-Boiled|p2a: A Padeira\n|-heal|p2a: A Padeira|95/100\n|move|p1a: Snorlax|Earthquake|p2a: A Padeira\n|-damage|p2a: A Padeira|60/100\n|\n|upkeep\n|turn|22\n|\n|t:|1785512214\n|switch|p1a: Starmie|Starmie|100/100 par\n|move|p2a: A Padeira|Thunder Wave|p1a: Starmie\n|-fail|p1a: Starmie|par\n|\n|upkeep\n|turn|23\n|\n|t:|1785512220\n|move|p2a: A Padeira|Soft-Boiled|p2a: A Padeira\n|-heal|p2a: A Padeira|100/100\n|move|p1a: Starmie|Thunder Wave|p2a: A Padeira\n|-status|p2a: A Padeira|par\n|\n|upkeep\n|turn|24\n|\n|t:|1785512228\n|cant|p1a: Starmie|par\n|move|p2a: A Padeira|Thunder Wave|p1a: Starmie\n|-fail|p1a: Starmie|par\n|\n|upkeep\n|turn|25\n|\n|t:|1785512232\n|move|p1a: Starmie|Thunderbolt|p2a: A Padeira\n|-damage|p2a: A Padeira|90/100 par\n|move|p2a: A Padeira|Thunder Wave|p1a: Starmie\n|-fail|p1a: Starmie|par\n|\n|upkeep\n|turn|26\n|\n|t:|1785512237\n|move|p1a: Starmie|Thunderbolt|p2a: A Padeira\n|-crit|p2a: A Padeira\n|-damage|p2a: A Padeira|69/100 par\n|cant|p2a: A Padeira|par\n|\n|upkeep\n|turn|27\n|\n|t:|1785512240\n|move|p1a: Starmie|Thunder Wave|p2a: A Padeira\n|-fail|p2a: A Padeira|par\n|cant|p2a: A Padeira|par\n|\n|upkeep\n|turn|28\n|\n|t:|1785512243\n|move|p1a: Starmie|Thunder Wave|p2a: A Padeira\n|-fail|p2a: A Padeira|par\n|move|p2a: A Padeira|Soft-Boiled|p2a: A Padeira\n|-heal|p2a: A Padeira|100/100 par\n|\n|upkeep\n|turn|29\n|\n|t:|1785512247\n|move|p1a: Starmie|Thunder Wave|p2a: A Padeira\n|-fail|p2a: A Padeira|par\n|move|p2a: A Padeira|Thunder Wave|p1a: Starmie\n|-fail|p1a: Starmie|par\n|\n|upkeep\n|turn|30\n|\n|t:|1785512251\n|move|p1a: Starmie|Thunder Wave|p2a: A Padeira\n|-fail|p2a: A Padeira|par\n|cant|p2a: A Padeira|par\n|\n|upkeep\n|turn|31\n|\n|t:|1785512254\n|move|p1a: Starmie|Thunderbolt|p2a: A Padeira\n|-crit|p2a: A Padeira\n|-damage|p2a: A Padeira|81/100 par\n|move|p2a: A Padeira|Thunder Wave|p1a: Starmie\n|-fail|p1a: Starmie|par\n|\n|upkeep\n|turn|32\n|\n|t:|1785512258\n|move|p1a: Starmie|Thunderbolt|p2a: A Padeira\n|-damage|p2a: A Padeira|70/100 par\n|cant|p2a: A Padeira|par\n|\n|upkeep\n|turn|33\n|\n|t:|1785512264\n|cant|p1a: Starmie|par\n|move|p2a: A Padeira|Thunder Wave|p1a: Starmie\n|-fail|p1a: Starmie|par\n|\n|upkeep\n|turn|34\n|\n|t:|1785512267\n|move|p1a: Starmie|Thunderbolt|p2a: A Padeira\n|-crit|p2a: A Padeira\n|-damage|p2a: A Padeira|51/100 par\n|cant|p2a: A Padeira|par\n|\n|upkeep\n|turn|35\n|\n|t:|1785512270\n|move|p1a: Starmie|Thunderbolt|p2a: A Padeira\n|-damage|p2a: A Padeira|41/100 par\n|move|p2a: A Padeira|Soft-Boiled|p2a: A Padeira\n|-heal|p2a: A Padeira|91/100 par\n|\n|upkeep\n|turn|36\n|\n|t:|1785512275\n|move|p1a: Starmie|Thunder Wave|p2a: A Padeira\n|-fail|p2a: A Padeira|par\n|move|p2a: A Padeira|Thunder Wave|p1a: Starmie\n|-fail|p1a: Starmie|par\n|\n|upkeep\n|turn|37\n|\n|t:|1785512278\n|move|p1a: Starmie|Thunder Wave|p2a: A Padeira\n|-fail|p2a: A Padeira|par\n|move|p2a: A Padeira|Thunder Wave|p1a: Starmie\n|-fail|p1a: Starmie|par\n|\n|upkeep\n|turn|38\n|\n|t:|1785512281\n|move|p1a: Starmie|Thunder Wave|p2a: A Padeira\n|-fail|p2a: A Padeira|par\n|cant|p2a: A Padeira|par\n|\n|upkeep\n|turn|39\n|\n|t:|1785512283\n|move|p1a: Starmie|Thunder Wave|p2a: A Padeira\n|-fail|p2a: A Padeira|par\n|cant|p2a: A Padeira|par\n|\n|upkeep\n|turn|40\n|\n|t:|1785512287\n|move|p1a: Starmie|Thunder Wave|p2a: A Padeira\n|-fail|p2a: A Padeira|par\n|move|p2a: A Padeira|Thunder Wave|p1a: Starmie\n|-fail|p1a: Starmie|par\n|\n|upkeep\n|turn|41\n|\n|t:|1785512290\n|cant|p1a: Starmie|par\n|move|p2a: A Padeira|Thunder Wave|p1a: Starmie\n|-fail|p1a: Starmie|par\n|\n|upkeep\n|turn|42\n|\n|t:|1785512293\n|cant|p1a: Starmie|par\n|move|p2a: A Padeira|Thunder Wave|p1a: Starmie\n|-fail|p1a: Starmie|par\n|\n|upkeep\n|turn|43\n|\n|t:|1785512298\n|move|p1a: Starmie|Thunder Wave|p2a: A Padeira\n|-fail|p2a: A Padeira|par\n|move|p2a: A Padeira|Thunder Wave|p1a: Starmie\n|-fail|p1a: Starmie|par\n|\n|upkeep\n|turn|44\n|\n|t:|1785512302\n|cant|p1a: Starmie|par\n|move|p2a: A Padeira|Thunder Wave|p1a: Starmie\n|-fail|p1a: Starmie|par\n|\n|upkeep\n|turn|45\n|\n|t:|1785512306\n|move|p1a: Starmie|Thunder Wave|p2a: A Padeira\n|-fail|p2a: A Padeira|par\n|move|p2a: A Padeira|Thunder Wave|p1a: Starmie\n|-fail|p1a: Starmie|par\n|\n|upkeep\n|turn|46\n|\n|t:|1785512310\n|cant|p1a: Starmie|par\n|move|p2a: A Padeira|Thunder Wave|p1a: Starmie\n|-fail|p1a: Starmie|par\n|\n|upkeep\n|turn|47\n|\n|t:|1785512313\n|move|p1a: Starmie|Thunder Wave|p2a: A Padeira\n|-fail|p2a: A Padeira|par\n|cant|p2a: A Padeira|par\n|\n|upkeep\n|turn|48\n|\n|t:|1785512315\n|move|p1a: Starmie|Thunder Wave|p2a: A Padeira\n|-fail|p2a: A Padeira|par\n|move|p2a: A Padeira|Thunder Wave|p1a: Starmie\n|-fail|p1a: Starmie|par\n|\n|upkeep\n|turn|49\n|\n|t:|1785512318\n|move|p1a: Starmie|Thunder Wave|p2a: A Padeira\n|-fail|p2a: A Padeira|par\n|move|p2a: A Padeira|Thunder Wave|p1a: Starmie\n|-fail|p1a: Starmie|par\n|\n|upkeep\n|turn|50\n|\n|t:|1785512321\n|move|p1a: Starmie|Thunder Wave|p2a: A Padeira\n|-fail|p2a: A Padeira|par\n|move|p2a: A Padeira|Thunder Wave|p1a: Starmie\n|-fail|p1a: Starmie|par\n|\n|upkeep\n|turn|51\n|\n|t:|1785512324\n|move|p1a: Starmie|Thunder Wave|p2a: A Padeira\n|-fail|p2a: A Padeira|par\n|move|p2a: A Padeira|Thunder Wave|p1a: Starmie\n|-fail|p1a: Starmie|par\n|\n|upkeep\n|turn|52\n|\n|t:|1785512327\n|move|p1a: Starmie|Thunder Wave|p2a: A Padeira\n|-fail|p2a: A Padeira|par\n|move|p2a: A Padeira|Thunder Wave|p1a: Starmie\n|-fail|p1a: Starmie|par\n|\n|upkeep\n|turn|53\n|\n|t:|1785512329\n|cant|p1a: Starmie|par\n|move|p2a: A Padeira|Thunder Wave|p1a: Starmie\n|-fail|p1a: Starmie|par\n|\n|upkeep\n|turn|54\n|\n|t:|1785512333\n|move|p1a: Starmie|Thunder Wave|p2a: A Padeira\n|-fail|p2a: A Padeira|par\n|move|p2a: A Padeira|Thunder Wave|p1a: Starmie\n|-fail|p1a: Starmie|par\n|\n|upkeep\n|turn|55\n|\n|t:|1785512336\n|cant|p1a: Starmie|par\n|move|p2a: A Padeira|Thunder Wave|p1a: Starmie\n|-fail|p1a: Starmie|par\n|\n|upkeep\n|turn|56\n|\n|t:|1785512340\n|move|p1a: Starmie|Thunder Wave|p2a: A Padeira\n|-fail|p2a: A Padeira|par\n|move|p2a: A Padeira|Thunder Wave|p1a: Starmie\n|-fail|p1a: Starmie|par\n|\n|upkeep\n|turn|57\n|\n|t:|1785512343\n|cant|p1a: Starmie|par\n|move|p2a: A Padeira|Ice Beam|p1a: Starmie\n|-resisted|p1a: Starmie\n|-damage|p1a: Starmie|88/100 par\n|\n|upkeep\n|turn|58\n|\n|t:|1785512349\n|move|p1a: Starmie|Recover|p1a: Starmie\n|-heal|p1a: Starmie|100/100 par\n|move|p2a: A Padeira|Ice Beam|p1a: Starmie\n|-resisted|p1a: Starmie\n|-damage|p1a: Starmie|88/100 par\n|\n|upkeep\n|turn|59\n|\n|t:|1785512359\n|move|p1a: Starmie|Recover|p1a: Starmie\n|-heal|p1a: Starmie|100/100 par\n|cant|p2a: A Padeira|par\n|\n|upkeep\n|turn|60\n|\n|t:|1785512364\n|move|p1a: Starmie|Thunderbolt|p2a: A Padeira\n|-damage|p2a: A Padeira|80/100 par\n|move|p2a: A Padeira|Thunder Wave|p1a: Starmie\n|-fail|p1a: Starmie|par\n|\n|upkeep\n|turn|61\n|\n|t:|1785512371\n|move|p1a: Starmie|Thunder Wave|p2a: A Padeira\n|-fail|p2a: A Padeira|par\n|move|p2a: A Padeira|Thunder Wave|p1a: Starmie\n|-fail|p1a: Starmie|par\n|\n|upkeep\n|turn|62\n|\n|t:|1785512374\n|move|p1a: Starmie|Thunder Wave|p2a: A Padeira\n|-fail|p2a: A Padeira|par\n|cant|p2a: A Padeira|par\n|\n|upkeep\n|turn|63\n|\n|t:|1785512377\n|cant|p1a: Starmie|par\n|cant|p2a: A Padeira|par\n|\n|upkeep\n|turn|64\n|\n|t:|1785512380\n|move|p1a: Starmie|Recover|p1a: Starmie\n|-fail|p1a: Starmie\n|move|p2a: A Padeira|Soft-Boiled|p2a: A Padeira\n|-heal|p2a: A Padeira|100/100 par\n|\n|upkeep\n|turn|65\n|\n|t:|1785512384\n|move|p1a: Starmie|Thunderbolt|p2a: A Padeira\n|-crit|p2a: A Padeira\n|-damage|p2a: A Padeira|80/100 par\n|cant|p2a: A Padeira|par\n|\n|upkeep\n|turn|66\n|\n|t:|1785512389\n|move|p1a: Starmie|Recover|p1a: Starmie\n|-fail|p1a: Starmie\n|move|p2a: A Padeira|Ice Beam|p1a: Starmie\n|-resisted|p1a: Starmie\n|-damage|p1a: Starmie|88/100 par\n|\n|upkeep\n|turn|67\n|\n|t:|1785512393\n|move|p1a: Starmie|Recover|p1a: Starmie\n|-heal|p1a: Starmie|100/100 par\n|move|p2a: A Padeira|Ice Beam|p1a: Starmie\n|-resisted|p1a: Starmie\n|-damage|p1a: Starmie|88/100 par\n|\n|upkeep\n|turn|68\n|\n|t:|1785512396\n|move|p1a: Starmie|Recover|p1a: Starmie\n|-heal|p1a: Starmie|100/100 par\n|move|p2a: A Padeira|Ice Beam|p1a: Starmie\n|-resisted|p1a: Starmie\n|-damage|p1a: Starmie|89/100 par\n|\n|upkeep\n|turn|69\n|\n|t:|1785512402\n|move|p1a: Starmie|Recover|p1a: Starmie\n|-heal|p1a: Starmie|100/100 par\n|move|p2a: A Padeira|Counter|p1a: Starmie\n|-fail|p2a: A Padeira\n|\n|upkeep\n|turn|70\n|\n|t:|1785512406\n|cant|p1a: Starmie|par\n|cant|p2a: A Padeira|par\n|\n|upkeep\n|turn|71\n|\n|t:|1785512412\n|cant|p1a: Starmie|par\n|move|p2a: A Padeira|Counter|p1a: Starmie\n|-fail|p2a: A Padeira\n|\n|upkeep\n|turn|72\n|\n|t:|1785512415\n|cant|p1a: Starmie|par\n|move|p2a: A Padeira|Counter|p1a: Starmie\n|-fail|p2a: A Padeira\n|\n|upkeep\n|turn|73\n|\n|t:|1785512418\n|cant|p1a: Starmie|par\n|move|p2a: A Padeira|Counter|p1a: Starmie\n|-fail|p2a: A Padeira\n|\n|upkeep\n|turn|74\n|\n|t:|1785512423\n|move|p1a: Starmie|Thunder Wave|p2a: A Padeira\n|-fail|p2a: A Padeira|par\n|cant|p2a: A Padeira|par\n|\n|upkeep\n|turn|75\n|\n|t:|1785512426\n|move|p1a: Starmie|Recover|p1a: Starmie\n|-fail|p1a: Starmie\n|move|p2a: A Padeira|Counter|p1a: Starmie\n|-fail|p2a: A Padeira\n|\n|upkeep\n|turn|76\n|\n|t:|1785512431\n|move|p1a: Starmie|Thunder Wave|p2a: A Padeira\n|-fail|p2a: A Padeira|par\n|move|p2a: A Padeira|Counter|p1a: Starmie\n|-fail|p2a: A Padeira\n|\n|upkeep\n|turn|77\n|\n|t:|1785512434\n|move|p1a: Starmie|Blizzard|p2a: A Padeira\n|-damage|p2a: A Padeira|68/100 par\n|move|p2a: A Padeira|Counter|p1a: Starmie\n|-fail|p2a: A Padeira\n|\n|upkeep\n|turn|78\n|\n|t:|1785512437\n|move|p1a: Starmie|Recover|p1a: Starmie\n|-fail|p1a: Starmie\n|move|p2a: A Padeira|Counter|p1a: Starmie\n|-fail|p2a: A Padeira\n|\n|upkeep\n|turn|79\n|\n|t:|1785512441\n|move|p1a: Starmie|Recover|p1a: Starmie\n|-fail|p1a: Starmie\n|cant|p2a: A Padeira|par\n|\n|upkeep\n|turn|80\n|\n|t:|1785512444\n|cant|p1a: Starmie|par\n|cant|p2a: A Padeira|par\n|\n|upkeep\n|turn|81\n|\n|t:|1785512449\n|move|p1a: Starmie|Recover|p1a: Starmie\n|-fail|p1a: Starmie\n|move|p2a: A Padeira|Soft-Boiled|p2a: A Padeira\n|-heal|p2a: A Padeira|100/100 par\n|\n|upkeep\n|turn|82\n|\n|t:|1785512451\n|move|p1a: Starmie|Thunder Wave|p2a: A Padeira\n|-fail|p2a: A Padeira|par\n|cant|p2a: A Padeira|par\n|\n|upkeep\n|turn|83\n|\n|t:|1785512455\n|cant|p1a: Starmie|par\n|move|p2a: A Padeira|Counter|p1a: Starmie\n|-fail|p2a: A Padeira\n|\n|upkeep\n|turn|84\n|\n|t:|1785512459\n|move|p1a: Starmie|Thunderbolt|p2a: A Padeira\n|-damage|p2a: A Padeira|90/100 par\n|move|p2a: A Padeira|Counter|p1a: Starmie\n|-fail|p2a: A Padeira\n|\n|upkeep\n|turn|85\n|\n|t:|1785512463\n|cant|p1a: Starmie|par\n|move|p2a: A Padeira|Counter|p1a: Starmie\n|-fail|p2a: A Padeira\n|\n|upkeep\n|turn|86\n|\n|t:|1785512467\n|cant|p1a: Starmie|par\n|cant|p2a: A Padeira|par\n|\n|upkeep\n|turn|87\n|\n|t:|1785512470\n|move|p1a: Starmie|Recover|p1a: Starmie\n|-fail|p1a: Starmie\n|move|p2a: A Padeira|Counter|p1a: Starmie\n|-fail|p2a: A Padeira\n|\n|upkeep\n|turn|88\n|\n|t:|1785512473\n|move|p1a: Starmie|Recover|p1a: Starmie\n|-fail|p1a: Starmie\n|move|p2a: A Padeira|Counter|p1a: Starmie\n|-fail|p2a: A Padeira\n|\n|upkeep\n|turn|89\n|\n|t:|1785512479\n|cant|p1a: Starmie|par\n|move|p2a: A Padeira|Ice Beam|p1a: Starmie\n|-resisted|p1a: Starmie\n|-damage|p1a: Starmie|88/100 par\n|\n|upkeep\n|turn|90\n|\n|t:|1785512484\n|switch|p2a: Mistery|Starmie|52/100 par\n|move|p1a: Starmie|Recover|p1a: Starmie\n|-heal|p1a: Starmie|100/100 par\n|\n|upkeep\n|turn|91\n|\n|t:|1785512488\n|switch|p2a: A Padeira|Chansey|90/100 par\n|cant|p1a: Starmie|par\n|\n|upkeep\n|turn|92\n|\n|t:|1785512494\n|move|p1a: Starmie|Thunder Wave|p2a: A Padeira\n|-fail|p2a: A Padeira|par\n|cant|p2a: A Padeira|par\n|\n|upkeep\n|turn|93\n|\n|t:|1785512497\n|move|p1a: Starmie|Recover|p1a: Starmie\n|-fail|p1a: Starmie\n|move|p2a: A Padeira|Counter|p1a: Starmie\n|-fail|p2a: A Padeira\n|\n|upkeep\n|turn|94\n|\n|t:|1785512501\n|move|p1a: Starmie|Recover|p1a: Starmie\n|-fail|p1a: Starmie\n|cant|p2a: A Padeira|par\n|\n|upkeep\n|turn|95\n|\n|t:|1785512507\n|move|p1a: Starmie|Recover|p1a: Starmie\n|-fail|p1a: Starmie\n|move|p2a: A Padeira|Counter|p1a: Starmie\n|-fail|p2a: A Padeira\n|\n|upkeep\n|turn|96\n|\n|t:|1785512511\n|switch|p2a: Mistery|Starmie|52/100 par\n|move|p1a: Starmie|Recover|p1a: Starmie\n|-fail|p1a: Starmie\n|\n|upkeep\n|turn|97\n|\n|t:|1785512516\n|switch|p2a: A Padeira|Chansey|90/100 par\n|move|p1a: Starmie|Thunderbolt|p2a: A Padeira\n|-damage|p2a: A Padeira|79/100 par\n|\n|upkeep\n|turn|98\n|\n|t:|1785512521\n|cant|p1a: Starmie|par\n|move|p2a: A Padeira|Thunder Wave|p1a: Starmie\n|-fail|p1a: Starmie|par\n|\n|upkeep\n|turn|99\n|\n|t:|1785512525\n|move|p1a: Starmie|Recover|p1a: Starmie\n|-fail|p1a: Starmie\n|cant|p2a: A Padeira|par\n|\n|upkeep\n|turn|100\n|\n|t:|1785512528\n|cant|p1a: Starmie|par\n|move|p2a: A Padeira|Counter|p1a: Starmie\n|-fail|p2a: A Padeira\n|\n|upkeep\n|turn|101\n|\n|t:|1785512533\n|cant|p1a: Starmie|par\n|move|p2a: A Padeira|Counter|p1a: Starmie\n|-fail|p2a: A Padeira\n|\n|upkeep\n|turn|102\n|\n|t:|1785512538\n|move|p1a: Starmie|Recover|p1a: Starmie\n|-fail|p1a: Starmie\n|move|p2a: A Padeira|Counter|p1a: Starmie\n|-fail|p2a: A Padeira\n|\n|upkeep\n|turn|103\n|\n|t:|1785512542\n|switch|p2a: Mistery|Starmie|52/100 par\n|move|p1a: Starmie|Recover|p1a: Starmie\n|-fail|p1a: Starmie\n|\n|upkeep\n|turn|104\n|\n|t:|1785512555\n|switch|p2a: A Padeira|Chansey|79/100 par\n|move|p1a: Starmie|Thunderbolt|p2a: A Padeira\n|-damage|p2a: A Padeira|69/100 par\n|\n|upkeep\n|turn|105\n|\n|t:|1785512561\n|move|p1a: Starmie|Recover|p1a: Starmie\n|-fail|p1a: Starmie\n|move|p2a: A Padeira|Soft-Boiled|p2a: A Padeira\n|-heal|p2a: A Padeira|100/100 par\n|\n|upkeep\n|turn|106\n|\n|t:|1785512566\n|move|p1a: Starmie|Thunderbolt|p2a: A Padeira\n|-damage|p2a: A Padeira|91/100 par\n|cant|p2a: A Padeira|par\n|\n|upkeep\n|turn|107\n|\n|t:|1785512570\n|move|p1a: Starmie|Recover|p1a: Starmie\n|-fail|p1a: Starmie\n|cant|p2a: A Padeira|par\n|\n|upkeep\n|turn|108\n|\n|t:|1785512574\n|cant|p1a: Starmie|par\n|cant|p2a: A Padeira|par\n|\n|upkeep\n|turn|109\n|\n|t:|1785512578\n|move|p1a: Starmie|Recover|p1a: Starmie\n|-fail|p1a: Starmie\n|move|p2a: A Padeira|Counter|p1a: Starmie\n|-fail|p2a: A Padeira\n|\n|upkeep\n|turn|110\n|\n|t:|1785512581\n|move|p1a: Starmie|Thunderbolt|p2a: A Padeira\n|-damage|p2a: A Padeira|80/100 par\n|cant|p2a: A Padeira|par\n|\n|upkeep\n|turn|111\n|\n|t:|1785512586\n|move|p1a: Starmie|Thunderbolt|p2a: A Padeira\n|-damage|p2a: A Padeira|69/100 par\n|move|p2a: A Padeira|Counter|p1a: Starmie\n|-fail|p2a: A Padeira\n|\n|upkeep\n|turn|112\n|\n|t:|1785512591\n|move|p1a: Starmie|Thunder Wave|p2a: A Padeira\n|-fail|p2a: A Padeira|par\n|move|p2a: A Padeira|Soft-Boiled|p2a: A Padeira\n|-heal|p2a: A Padeira|100/100 par\n|\n|upkeep\n|turn|113\n|\n|t:|1785512612\n|move|p1a: Starmie|Recover|p1a: Starmie\n|-fail|p1a: Starmie\n|move|p2a: A Padeira|Ice Beam|p1a: Starmie\n|-crit|p1a: Starmie\n|-resisted|p1a: Starmie\n|-damage|p1a: Starmie|77/100 par\n|\n|upkeep\n|turn|114\n|\n|t:|1785512618\n|switch|p2a: Green Illusionist|Exeggutor|100/100 par\n|move|p1a: Starmie|Thunderbolt|p2a: Green Illusionist\n|-resisted|p2a: Green Illusionist\n|-damage|p2a: Green Illusionist|93/100 par\n|\n|upkeep\n|turn|115\n|inactive|Ulti Bastion has 270 seconds left.\n|\n|t:|1785512651\n|switch|p2a: A Padeira|Chansey|100/100 par\n|move|p1a: Starmie|Recover|p1a: Starmie\n|-heal|p1a: Starmie|100/100 par\n|\n|upkeep\n|turn|116\n|\n|t:|1785512659\n|switch|p1a: Exeggutor|Exeggutor|100/100 slp\n|cant|p2a: A Padeira|par\n|\n|upkeep\n|turn|117\n|\n|t:|1785512666\n|switch|p1a: Starmie|Starmie|100/100 par\n|switch|p2a: Mistery|Starmie|52/100 par\n|\n|upkeep\n|turn|118\n|\n|t:|1785512680\n|switch|p2a: A Padeira|Chansey|100/100 par\n|move|p1a: Starmie|Thunderbolt|p2a: A Padeira\n|-damage|p2a: A Padeira|91/100 par\n|\n|upkeep\n|turn|119\n|\n|t:|1785512690\n|move|p1a: Starmie|Recover|p1a: Starmie\n|-fail|p1a: Starmie\n|move|p2a: A Padeira|Counter|p1a: Starmie\n|-fail|p2a: A Padeira\n|\n|upkeep\n|turn|120\n|\n|t:|1785512694\n|move|p1a: Starmie|Blizzard|p2a: A Padeira|[miss]\n|-miss|p1a: Starmie\n|move|p2a: A Padeira|Ice Beam|p1a: Starmie\n|-resisted|p1a: Starmie\n|-damage|p1a: Starmie|89/100 par\n|\n|upkeep\n|turn|121\n|\n|t:|1785512699\n|cant|p1a: Starmie|par\n|move|p2a: A Padeira|Counter|p1a: Starmie\n|-fail|p2a: A Padeira\n|\n|upkeep\n|turn|122\n|\n|t:|1785512703\n|move|p1a: Starmie|Blizzard|p2a: A Padeira\n|-damage|p2a: A Padeira|78/100 par\n|cant|p2a: A Padeira|par\n|\n|upkeep\n|turn|123\n|\n|t:|1785512706\n|switch|p2a: Green Illusionist|Exeggutor|93/100 par\n|move|p1a: Starmie|Thunder Wave|p2a: Green Illusionist\n|-fail|p2a: Green Illusionist|par\n|\n|upkeep\n|turn|124\n|\n|t:|1785512714\n|switch|p1a: Exeggutor|Exeggutor|100/100 slp\n|switch|p2a: A Padeira|Chansey|78/100 par\n|\n|upkeep\n|turn|125\n|\n|t:|1785512722\n|switch|p2a: Mistery|Starmie|52/100 par\n|-curestatus|p1a: Exeggutor|slp|[msg]\n|\n|upkeep\n|turn|126\n|\n|t:|1785512741\n|move|p1a: Exeggutor|Psychic|p2a: Mistery\n|-resisted|p2a: Mistery\n|-damage|p2a: Mistery|33/100 par\n|move|p2a: Mistery|Recover|p2a: Mistery\n|-heal|p2a: Mistery|83/100 par\n|\n|upkeep\n|turn|127\n|\n|t:|1785512753\n|move|p1a: Exeggutor|Psychic|p2a: Mistery\n|-resisted|p2a: Mistery\n|-damage|p2a: Mistery|64/100 par\n|-unboost|p2a: Mistery|spa|1\n|-unboost|p2a: Mistery|spd|1\n|move|p2a: Mistery|Thunderbolt|p1a: Exeggutor\n|-resisted|p1a: Exeggutor\n|-damage|p1a: Exeggutor|95/100\n|\n|upkeep\n|turn|128\n|inactive|Ulti Bastion has 270 seconds left.\n|\n|t:|1785512799\n|move|p1a: Exeggutor|Psychic|p2a: Mistery\n|-resisted|p2a: Mistery\n|-damage|p2a: Mistery|36/100 par\n|move|p2a: Mistery|Recover|p2a: Mistery\n|-heal|p2a: Mistery|86/100 par\n|\n|upkeep\n|turn|129\n|\n|t:|1785512806\n|move|p1a: Exeggutor|Psychic|p2a: Mistery\n|-resisted|p2a: Mistery\n|-damage|p2a: Mistery|58/100 par\n|move|p2a: Mistery|Blizzard|p1a: Exeggutor\n|-supereffective|p1a: Exeggutor\n|-damage|p1a: Exeggutor|68/100\n|\n|upkeep\n|turn|130\n|\n|t:|1785512823\n|switch|p2a: Green Illusionist|Exeggutor|93/100 par\n|move|p1a: Exeggutor|Psychic|p2a: Green Illusionist\n|-resisted|p2a: Green Illusionist\n|-damage|p2a: Green Illusionist|79/100 par\n|\n|upkeep\n|turn|131\n|\n|t:|1785512830\n|switch|p1a: Starmie|Starmie|89/100 par\n|switch|p2a: Mistery|Starmie|58/100 par\n|\n|upkeep\n|turn|132\n|\n|t:|1785512836\n|switch|p1a: Exeggutor|Exeggutor|68/100\n|switch|p2a: A Padeira|Chansey|78/100 par\n|\n|upkeep\n|turn|133\n|inactive|Ulti Bastion has 270 seconds left.\n|\n|t:|1785512850\n|switch|p2a: Mistery|Starmie|58/100 par\n|move|p1a: Exeggutor|Psychic|p2a: Mistery\n|-crit|p2a: Mistery\n|-resisted|p2a: Mistery\n|-damage|p2a: Mistery|21/100 par\n|\n|upkeep\n|turn|134\n|\n|t:|1785512857\n|move|p1a: Exeggutor|Psychic|p2a: Mistery\n|-resisted|p2a: Mistery\n|-damage|p2a: Mistery|2/100 par\n|-unboost|p2a: Mistery|spa|1\n|-unboost|p2a: Mistery|spd|1\n|move|p2a: Mistery|Recover|p2a: Mistery\n|-heal|p2a: Mistery|52/100 par\n|\n|upkeep\n|turn|135\n|inactive|Ulti Bastion has 270 seconds left.\n|\n|t:|1785512874\n|switch|p2a: A Padeira|Chansey|78/100 par\n|move|p1a: Exeggutor|Psychic|p2a: A Padeira\n|-damage|p2a: A Padeira|61/100 par\n|\n|upkeep\n|turn|136\n|inactive|Ulti Bastion has 270 seconds left.\n|\n|t:|1785512907\n|move|p1a: Exeggutor|Explosion|p2a: A Padeira\n|-damage|p2a: A Padeira|0 fnt\n|faint|p2a: A Padeira\n|faint|p1a: Exeggutor\n|\n|t:|1785512919\n|switch|p1a: Snorlax|Snorlax|100/100\n|switch|p2a: Mistery|Starmie|52/100 par\n|turn|137\n|\n|t:|1785512932\n|move|p1a: Snorlax|Body Slam|p2a: Mistery\n|-crit|p2a: Mistery\n|-damage|p2a: Mistery|0 fnt\n|faint|p2a: Mistery\n|\n|t:|1785512939\n|switch|p2a: Green Illusionist|Exeggutor|79/100 par\n|turn|138\n|\n|t:|1785512943\n|switch|p1a: Starmie|Starmie|89/100 par\n|move|p2a: Green Illusionist|Psychic|p1a: Starmie\n|-resisted|p1a: Starmie\n|-damage|p1a: Starmie|71/100 par\n|\n|upkeep\n|turn|139\n|\n|t:|1785512951\n|move|p1a: Starmie|Recover|p1a: Starmie\n|-heal|p1a: Starmie|100/100 par\n|cant|p2a: Green Illusionist|par\n|\n|upkeep\n|turn|140\n|inactive|Ulti Bastion has 270 seconds left.\n|\n|t:|1785512961\n|move|p1a: Starmie|Blizzard|p2a: Green Illusionist\n|-supereffective|p2a: Green Illusionist\n|-damage|p2a: Green Illusionist|40/100 par\n|move|p2a: Green Illusionist|Mega Drain|p1a: Starmie\n|-supereffective|p1a: Starmie\n|-damage|p1a: Starmie|64/100 par\n|-heal|p2a: Green Illusionist|55/100 par|[from] drain|[of] p1a: Starmie\n|\n|upkeep\n|turn|141\n|inactive|Ulti Bastion has 270 seconds left.\n|\n|t:|1785512968\n|move|p1a: Starmie|Blizzard|p2a: Green Illusionist\n|-supereffective|p2a: Green Illusionist\n|-damage|p2a: Green Illusionist|14/100 par\n|cant|p2a: Green Illusionist|par\n|\n|upkeep\n|turn|142\n|\n|t:|1785512974\n|move|p1a: Starmie|Blizzard|p2a: Green Illusionist\n|-crit|p2a: Green Illusionist\n|-supereffective|p2a: Green Illusionist\n|-damage|p2a: Green Illusionist|0 fnt\n|faint|p2a: Green Illusionist\n|\n|t:|1785512979\n|switch|p2a: Almighty Bull|Tauros|100/100\n|turn|143\n|\n|t:|1785512982\n|move|p2a: Almighty Bull|Hyper Beam|p1a: Starmie\n|-damage|p1a: Starmie|5/100 par\n|-mustrecharge|p2a: Almighty Bull\n|move|p1a: Starmie|Thunder Wave|p2a: Almighty Bull\n|-status|p2a: Almighty Bull|par\n|\n|upkeep\n|turn|144\n|\n|t:|1785512986\n|cant|p1a: Starmie|par\n|cant|p2a: Almighty Bull|recharge\n|\n|upkeep\n|turn|145\n|\n|t:|1785512993\n|move|p1a: Starmie|Thunderbolt|p2a: Almighty Bull\n|-damage|p2a: Almighty Bull|73/100 par\n|cant|p2a: Almighty Bull|par\n|\n|upkeep\n|turn|146\n|\n|t:|1785512999\n|move|p1a: Starmie|Thunderbolt|p2a: Almighty Bull\n|-damage|p2a: Almighty Bull|47/100 par\n|move|p2a: Almighty Bull|Body Slam|p1a: Starmie\n|-damage|p1a: Starmie|0 fnt\n|faint|p1a: Starmie\n|\n|t:|1785513002\n|switch|p1a: Snorlax|Snorlax|100/100\n|turn|147\n|\n|t:|1785513005\n|move|p1a: Snorlax|Self-Destruct|p2a: Almighty Bull\n|-damage|p2a: Almighty Bull|0 fnt\n|faint|p2a: Almighty Bull\n|faint|p1a: Snorlax\n|\n|win|SOULWIND\n","uploadtime":1785513005,"views":"60","formatid":"gen1ou","rating":null,"private":2,"password":null}