{"id":"smogtours-gen1ou-956721","format":"[Gen 1] OU","players":["marcoasd","Abucketofchubs"],"log":"|inactive|Battle timer is ON: inactive players will automatically lose when time's up.\n|t:|1784329034\n|gametype|singles\n|player|p1|marcoasd|1|\n|player|p2|Abucketofchubs|youngster-gen4dp|\n|gen|1\n|tier|[Gen 1] OU\n|rule|Desync Clause Mod: Desyncs resolve to link battle behavior from the acting player's perspective.\n|rule|HP Percentage Mod: HP is shown in percentages\n|rule|Endless Battle Clause: Forcing endless battles is banned\n|rule|Sleep Clause Mod: Limit one foe put to sleep\n|rule|Freeze Clause Mod: Limit one foe frozen\n|rule|Species Clause: Limit one of each Pokémon\n|rule|OHKO Clause: OHKO moves are banned\n|rule|Evasion Moves Clause: Evasion moves are banned\n|\n|t:|1784329034\n|teamsize|p1|6\n|teamsize|p2|6\n|start\n|switch|p1a: Alakazam|Alakazam|100/100\n|switch|p2a: Tauros|Tauros|100/100\n|turn|1\n|\n|t:|1784329039\n|switch|p2a: Chansey|Chansey|100/100\n|move|p1a: Alakazam|Psychic|p2a: Chansey\n|-crit|p2a: Chansey\n|-damage|p2a: Chansey|65/100\n|\n|upkeep\n|turn|2\n|\n|t:|1784329043\n|move|p1a: Alakazam|Thunder Wave|p2a: Chansey\n|-status|p2a: Chansey|par\n|move|p2a: Chansey|Sing|p1a: Alakazam|[miss]\n|-miss|p2a: Chansey\n|\n|upkeep\n|turn|3\n|\n|t:|1784329048\n|move|p1a: Alakazam|Psychic|p2a: Chansey\n|-damage|p2a: Chansey|47/100 par\n|-unboost|p2a: Chansey|spa|1\n|-unboost|p2a: Chansey|spd|1\n|move|p2a: Chansey|Soft-Boiled|p2a: Chansey\n|-heal|p2a: Chansey|97/100 par\n|\n|upkeep\n|turn|4\n|\n|t:|1784329056\n|move|p1a: Alakazam|Psychic|p2a: Chansey\n|-damage|p2a: Chansey|70/100 par\n|-unboost|p2a: Chansey|spa|1\n|-unboost|p2a: Chansey|spd|1\n|move|p2a: Chansey|Sing|p1a: Alakazam|[miss]\n|-miss|p2a: Chansey\n|\n|upkeep\n|turn|5\n|\n|t:|1784329061\n|switch|p2a: Exeggutor|Exeggutor|100/100\n|move|p1a: Alakazam|Psychic|p2a: Exeggutor\n|-resisted|p2a: Exeggutor\n|-damage|p2a: Exeggutor|87/100\n|\n|upkeep\n|turn|6\n|\n|t:|1784329065\n|move|p1a: Alakazam|Thunder Wave|p2a: Exeggutor\n|-status|p2a: Exeggutor|par\n|cant|p2a: Exeggutor|par\n|\n|upkeep\n|turn|7\n|\n|t:|1784329071\n|move|p1a: Alakazam|Seismic Toss|p2a: Exeggutor\n|-damage|p2a: Exeggutor|61/100 par\n|move|p2a: Exeggutor|Sleep Powder|p1a: Alakazam\n|-status|p1a: Alakazam|slp|[from] move: Sleep Powder\n|\n|upkeep\n|turn|8\n|\n|t:|1784329080\n|switch|p1a: Starmie|Starmie|100/100\n|move|p2a: Exeggutor|Psychic|p1a: Starmie\n|-resisted|p1a: Starmie\n|-damage|p1a: Starmie|83/100\n|\n|upkeep\n|turn|9\n|\n|t:|1784329085\n|switch|p1a: Alakazam|Alakazam|100/100 slp\n|switch|p2a: Chansey|Chansey|70/100 par\n|\n|upkeep\n|turn|10\n|\n|t:|1784329089\n|switch|p1a: Snorlax|Snorlax|100/100\n|move|p2a: Chansey|Soft-Boiled|p2a: Chansey\n|-heal|p2a: Chansey|100/100 par\n|\n|upkeep\n|turn|11\n|\n|t:|1784329094\n|move|p1a: Snorlax|Body Slam|p2a: Chansey\n|-damage|p2a: Chansey|56/100 par\n|cant|p2a: Chansey|par\n|\n|upkeep\n|turn|12\n|\n|t:|1784329098\n|switch|p2a: Cloyster|Cloyster|100/100\n|move|p1a: Snorlax|Body Slam|p2a: Cloyster\n|-damage|p2a: Cloyster|76/100\n|\n|upkeep\n|turn|13\n|\n|t:|1784329104\n|move|p2a: Cloyster|Blizzard|p1a: Snorlax\n|-damage|p1a: Snorlax|68/100\n|move|p1a: Snorlax|Body Slam|p2a: Cloyster\n|-damage|p2a: Cloyster|51/100\n|\n|upkeep\n|turn|14\n|\n|t:|1784329111\n|switch|p1a: Starmie|Starmie|83/100\n|move|p2a: Cloyster|Blizzard|p1a: Starmie|[miss]\n|-miss|p2a: Cloyster\n|\n|upkeep\n|turn|15\n|\n|t:|1784329120\n|switch|p1a: Snorlax|Snorlax|68/100\n|switch|p2a: Chansey|Chansey|56/100 par\n|\n|upkeep\n|turn|16\n|\n|t:|1784329126\n|switch|p2a: Cloyster|Cloyster|51/100\n|move|p1a: Snorlax|Body Slam|p2a: Cloyster\n|-damage|p2a: Cloyster|30/100\n|\n|upkeep\n|turn|17\n|\n|t:|1784329133\n|switch|p1a: Starmie|Starmie|83/100\n|move|p2a: Cloyster|Explosion|p1a: Starmie\n|-damage|p1a: Starmie|0 fnt\n|faint|p1a: Starmie\n|faint|p2a: Cloyster\n|\n|t:|1784329150\n|switch|p1a: Chansey|Chansey|100/100\n|switch|p2a: Tauros|Tauros|100/100\n|turn|18\n|\n|t:|1784329169\n|switch|p2a: Chansey|Chansey|56/100 par\n|move|p1a: Chansey|Thunder Wave|p2a: Chansey\n|-fail|p2a: Chansey|par\n|\n|upkeep\n|turn|19\n|\n|t:|1784329172\n|switch|p1a: Snorlax|Snorlax|68/100\n|move|p2a: Chansey|Thunder Wave|p1a: Snorlax\n|-status|p1a: Snorlax|par\n|\n|upkeep\n|turn|20\n|\n|t:|1784329179\n|switch|p2a: Rhydon|Rhydon|100/100\n|move|p1a: Snorlax|Reflect|p1a: Snorlax\n|-start|p1a: Snorlax|Reflect\n|\n|upkeep\n|turn|21\n|\n|t:|1784329186\n|move|p2a: Rhydon|Earthquake|p1a: Snorlax\n|-crit|p1a: Snorlax\n|-damage|p1a: Snorlax|4/100 par\n|cant|p1a: Snorlax|par\n|\n|upkeep\n|turn|22\n|\n|t:|1784329198\n|switch|p1a: Exeggutor|Exeggutor|100/100\n|move|p2a: Rhydon|Body Slam|p1a: Exeggutor\n|-damage|p1a: Exeggutor|78/100\n|-status|p1a: Exeggutor|par\n|\n|upkeep\n|turn|23\n|\n|t:|1784329209\n|switch|p2a: Chansey|Chansey|56/100 par\n|move|p1a: Exeggutor|Psychic|p2a: Chansey\n|-damage|p2a: Chansey|38/100 par\n|\n|upkeep\n|turn|24\n|\n|t:|1784329214\n|move|p1a: Exeggutor|Hyper Beam|p2a: Chansey\n|-damage|p2a: Chansey|0 fnt\n|faint|p2a: Chansey\n|\n|t:|1784329218\n|switch|p2a: Exeggutor|Exeggutor|61/100 par\n|turn|25\n|\n|t:|1784329241\n|move|p2a: Exeggutor|Psychic|p1a: Exeggutor\n|-resisted|p1a: Exeggutor\n|-damage|p1a: Exeggutor|65/100 par\n|move|p1a: Exeggutor|Psychic|p2a: Exeggutor\n|-resisted|p2a: Exeggutor\n|-damage|p2a: Exeggutor|48/100 par\n|\n|upkeep\n|turn|26\n|\n|t:|1784329253\n|switch|p1a: Alakazam|Alakazam|100/100 slp\n|cant|p2a: Exeggutor|par\n|\n|upkeep\n|turn|27\n|\n|t:|1784329260\n|cant|p1a: Alakazam|slp\n|move|p2a: Exeggutor|Psychic|p1a: Alakazam\n|-resisted|p1a: Alakazam\n|-damage|p1a: Alakazam|85/100 slp\n|\n|upkeep\n|turn|28\n|\n|t:|1784329275\n|cant|p1a: Alakazam|slp\n|move|p2a: Exeggutor|Psychic|p1a: Alakazam\n|-resisted|p1a: Alakazam\n|-damage|p1a: Alakazam|69/100 slp\n|-unboost|p1a: Alakazam|spa|1\n|-unboost|p1a: Alakazam|spd|1\n|\n|upkeep\n|turn|29\n|\n|t:|1784329285\n|-curestatus|p1a: Alakazam|slp|[msg]\n|move|p2a: Exeggutor|Psychic|p1a: Alakazam\n|-resisted|p1a: Alakazam\n|-damage|p1a: Alakazam|44/100\n|\n|upkeep\n|turn|30\n|\n|t:|1784329294\n|switch|p1a: Snorlax|Snorlax|4/100 par\n|cant|p2a: Exeggutor|par\n|\n|upkeep\n|turn|31\n|\n|t:|1784329304\n|move|p2a: Exeggutor|Psychic|p1a: Snorlax\n|-damage|p1a: Snorlax|0 fnt\n|faint|p1a: Snorlax\n|\n|t:|1784329310\n|switch|p1a: Exeggutor|Exeggutor|65/100 par\n|turn|32\n|\n|t:|1784329321\n|move|p2a: Exeggutor|Psychic|p1a: Exeggutor\n|-resisted|p1a: Exeggutor\n|-damage|p1a: Exeggutor|51/100 par\n|move|p1a: Exeggutor|Psychic|p2a: Exeggutor\n|-resisted|p2a: Exeggutor\n|-damage|p2a: Exeggutor|33/100 par\n|-unboost|p2a: Exeggutor|spa|1\n|-unboost|p2a: Exeggutor|spd|1\n|\n|upkeep\n|turn|33\n|\n|t:|1784329348\n|move|p1a: Exeggutor|Psychic|p2a: Exeggutor\n|-resisted|p2a: Exeggutor\n|-damage|p2a: Exeggutor|14/100 par\n|move|p2a: Exeggutor|Explosion|p1a: Exeggutor\n|-damage|p1a: Exeggutor|0 fnt\n|faint|p1a: Exeggutor\n|faint|p2a: Exeggutor\n|\n|t:|1784329358\n|switch|p1a: Chansey|Chansey|100/100\n|switch|p2a: Alakazam|Alakazam|100/100\n|turn|34\n|\n|t:|1784329366\n|move|p2a: Alakazam|Thunder Wave|p1a: Chansey\n|-status|p1a: Chansey|par\n|move|p1a: Chansey|Thunder Wave|p2a: Alakazam\n|-status|p2a: Alakazam|par\n|\n|upkeep\n|turn|35\n|\n|t:|1784329373\n|move|p2a: Alakazam|Psychic|p1a: Chansey\n|-damage|p1a: Chansey|82/100 par\n|-unboost|p1a: Chansey|spa|1\n|-unboost|p1a: Chansey|spd|1\n|move|p1a: Chansey|Ice Beam|p2a: Alakazam\n|-damage|p2a: Alakazam|86/100 par\n|\n|upkeep\n|turn|36\n|\n|t:|1784329380\n|move|p2a: Alakazam|Recover|p2a: Alakazam\n|-heal|p2a: Alakazam|100/100 par\n|move|p1a: Chansey|Ice Beam|p2a: Alakazam\n|-damage|p2a: Alakazam|88/100 par\n|\n|upkeep\n|turn|37\n|\n|t:|1784329387\n|switch|p1a: Alakazam|Alakazam|44/100\n|move|p2a: Alakazam|Thunder Wave|p1a: Alakazam\n|-status|p1a: Alakazam|par\n|\n|upkeep\n|turn|38\n|\n|t:|1784329403\n|move|p2a: Alakazam|Seismic Toss|p1a: Alakazam\n|-damage|p1a: Alakazam|12/100 par\n|move|p1a: Alakazam|Psychic|p2a: Alakazam\n|-resisted|p2a: Alakazam\n|-damage|p2a: Alakazam|72/100 par\n|-unboost|p2a: Alakazam|spa|1\n|-unboost|p2a: Alakazam|spd|1\n|\n|upkeep\n|turn|39\n|\n|t:|1784329419\n|move|p1a: Alakazam|Psychic|p2a: Alakazam\n|-crit|p2a: Alakazam\n|-resisted|p2a: Alakazam\n|-damage|p2a: Alakazam|40/100 par\n|move|p2a: Alakazam|Recover|p2a: Alakazam\n|-heal|p2a: Alakazam|90/100 par\n|\n|upkeep\n|turn|40\n|\n|t:|1784329425\n|switch|p2a: Rhydon|Rhydon|100/100\n|move|p1a: Alakazam|Recover|p1a: Alakazam\n|-heal|p1a: Alakazam|62/100 par\n|\n|upkeep\n|turn|41\n|\n|t:|1784329439\n|move|p2a: Rhydon|Earthquake|p1a: Alakazam\n|-damage|p1a: Alakazam|0 fnt\n|faint|p1a: Alakazam\n|\n|t:|1784329447\n|switch|p1a: Tauros|Tauros|100/100\n|turn|42\n|\n|t:|1784329450\n|move|p1a: Tauros|Earthquake|p2a: Rhydon\n|-supereffective|p2a: Rhydon\n|-damage|p2a: Rhydon|65/100\n|move|p2a: Rhydon|Earthquake|p1a: Tauros\n|-damage|p1a: Tauros|59/100\n|\n|upkeep\n|turn|43\n|\n|t:|1784329454\n|move|p1a: Tauros|Earthquake|p2a: Rhydon\n|-supereffective|p2a: Rhydon\n|-damage|p2a: Rhydon|29/100\n|move|p2a: Rhydon|Earthquake|p1a: Tauros\n|-damage|p1a: Tauros|19/100\n|\n|upkeep\n|turn|44\n|\n|t:|1784329460\n|move|p1a: Tauros|Earthquake|p2a: Rhydon\n|-supereffective|p2a: Rhydon\n|-damage|p2a: Rhydon|0 fnt\n|faint|p2a: Rhydon\n|\n|t:|1784329464\n|switch|p2a: Tauros|Tauros|100/100\n|turn|45\n|\n|t:|1784329468\n|move|p1a: Tauros|Hyper Beam|p2a: Tauros\n|-damage|p2a: Tauros|49/100\n|-mustrecharge|p1a: Tauros\n|move|p2a: Tauros|Body Slam|p1a: Tauros\n|-damage|p1a: Tauros|0 fnt\n|faint|p1a: Tauros\n|\n|t:|1784329471\n|switch|p1a: Chansey|Chansey|82/100 par\n|turn|46\n|c|☆marcoasd|ggs\n|\n|t:|1784329477\n|move|p2a: Tauros|Earthquake|p1a: Chansey\n|-damage|p1a: Chansey|51/100 par\n|move|p1a: Chansey|Thunder Wave|p2a: Tauros\n|-status|p2a: Tauros|par\n|\n|upkeep\n|turn|47\n|\n|t:|1784329482\n|move|p2a: Tauros|Hyper Beam|p1a: Chansey|[miss]\n|-miss|p2a: Tauros\n|move|p1a: Chansey|Soft-Boiled|p1a: Chansey\n|-heal|p1a: Chansey|100/100 par\n|\n|upkeep\n|turn|48\n|\n|t:|1784329492\n|cant|p2a: Tauros|par\n|move|p1a: Chansey|Ice Beam|p2a: Tauros\n|-damage|p2a: Tauros|22/100 par\n|\n|upkeep\n|turn|49\n|\n|t:|1784329495\n|move|p2a: Tauros|Rest|p2a: Tauros\n|-status|p2a: Tauros|slp|[from] move: Rest\n|-heal|p2a: Tauros|100/100 slp|[silent]\n|move|p1a: Chansey|Ice Beam|p2a: Tauros\n|-damage|p2a: Tauros|71/100 slp\n|\n|upkeep\n|turn|50\n|\n|t:|1784329500\n|cant|p2a: Tauros|slp\n|move|p1a: Chansey|Ice Beam|p2a: Tauros\n|-damage|p2a: Tauros|42/100 slp\n|\n|upkeep\n|turn|51\n|\n|t:|1784329502\n|-curestatus|p2a: Tauros|slp|[msg]\n|move|p1a: Chansey|Ice Beam|p2a: Tauros\n|-damage|p2a: Tauros|14/100\n|\n|upkeep\n|turn|52\n|\n|t:|1784329512\n|switch|p2a: Alakazam|Alakazam|90/100 par\n|move|p1a: Chansey|Ice Beam|p2a: Alakazam\n|-damage|p2a: Alakazam|72/100 par\n|\n|upkeep\n|turn|53\n|\n|t:|1784329515\n|move|p2a: Alakazam|Recover|p2a: Alakazam\n|-heal|p2a: Alakazam|100/100 par\n|cant|p1a: Chansey|par\n|\n|upkeep\n|turn|54\n|\n|t:|1784329518\n|move|p2a: Alakazam|Psychic|p1a: Chansey\n|-damage|p1a: Chansey|84/100 par\n|move|p1a: Chansey|Ice Beam|p2a: Alakazam\n|-damage|p2a: Alakazam|81/100 par\n|\n|upkeep\n|turn|55\n|\n|t:|1784329521\n|move|p2a: Alakazam|Psychic|p1a: Chansey\n|-crit|p1a: Chansey\n|-damage|p1a: Chansey|49/100 par\n|-unboost|p1a: Chansey|spa|1\n|-unboost|p1a: Chansey|spd|1\n|move|p1a: Chansey|Ice Beam|p2a: Alakazam\n|-damage|p2a: Alakazam|68/100 par\n|\n|upkeep\n|turn|56\n|\n|t:|1784329522\n|move|p2a: Alakazam|Psychic|p1a: Chansey\n|-damage|p1a: Chansey|23/100 par\n|-unboost|p1a: Chansey|spa|1\n|-unboost|p1a: Chansey|spd|1\n|move|p1a: Chansey|Ice Beam|p2a: Alakazam\n|-damage|p2a: Alakazam|58/100 par\n|\n|upkeep\n|turn|57\n|\n|t:|1784329526\n|move|p2a: Alakazam|Psychic|p1a: Chansey\n|-crit|p1a: Chansey\n|-damage|p1a: Chansey|0 fnt\n|faint|p1a: Chansey\n|\n|win|Abucketofchubs\n","uploadtime":1784329526,"views":"94","formatid":"gen1ou","rating":null,"private":0,"password":null}