{"id":"smogtours-gen1ou-946184","format":"[Gen 1] OU","players":["corvinus II","Louna"],"log":"|inactive|Battle timer is ON: inactive players will automatically lose when time's up.\n|t:|1781381081\n|gametype|singles\n|player|p1|corvinus II|erika-gen1|\n|player|p2|Louna|#rbyplvmightymagmars|\n|gen|1\n|tier|[Gen 1] OU\n|rule|Desync Clause Mod: Desyncs changed to move failure.\n|rule|HP Percentage Mod: HP is shown in percentages\n|rule|Endless Battle Clause: Forcing endless battles is banned\n|rule|Sleep Clause Mod: Limit one foe put to sleep\n|rule|Freeze Clause Mod: Limit one foe frozen\n|rule|Species Clause: Limit one of each Pokémon\n|rule|OHKO Clause: OHKO moves are banned\n|rule|Evasion Moves Clause: Evasion moves are banned\n|\n|t:|1781381081\n|teamsize|p1|6\n|teamsize|p2|6\n|start\n|switch|p1a: Fighting Fit|Tauros|100/100\n|switch|p2a: Jynx|Jynx|100/100\n|turn|1\n|inactive|corvinus II also wants the timer to be on.\n|c|☆Louna|hf\n|c|☆corvinus II|glhf\n|c|☆Louna|are we supposed to link or smth\n|inactive|corvinus II has 270 seconds left.\n|inactive|Louna has 270 seconds left.\n|c|☆Louna|oh you just did\n|c|☆Louna|ty\n|c|☆corvinus II|i got it\n|\n|t:|1781381122\n|switch|p2a: Skyrio|Snorlax|100/100\n|move|p1a: Fighting Fit|Body Slam|p2a: Skyrio\n|-crit|p2a: Skyrio\n|-damage|p2a: Skyrio|48/100\n|\n|upkeep\n|turn|2\n|inactive|corvinus II has 270 seconds left.\n|inactive|Louna has 270 seconds left.\n|c|+Frrf|go louna\n|inactive|corvinus II has 240 seconds left.\n|\n|t:|1781381200\n|move|p1a: Fighting Fit|Body Slam|p2a: Skyrio\n|-damage|p2a: Skyrio|23/100\n|move|p2a: Skyrio|Body Slam|p1a: Fighting Fit\n|-damage|p1a: Fighting Fit|72/100\n|\n|upkeep\n|turn|3\n|inactive|Louna has 270 seconds left.\n|\n|t:|1781381210\n|move|p1a: Fighting Fit|Body Slam|p2a: Skyrio\n|-damage|p2a: Skyrio|0 fnt\n|faint|p2a: Skyrio\n|\n|t:|1781381214\n|switch|p2a: Starmie|Starmie|100/100\n|turn|4\n|inactive|corvinus II has 240 seconds left.\n|\n|t:|1781381224\n|switch|p1a: Save Me I'm Yours|Chansey|100/100\n|move|p2a: Starmie|Psychic|p1a: Save Me I'm Yours\n|-damage|p1a: Save Me I'm Yours|86/100\n|-unboost|p1a: Save Me I'm Yours|spa|1\n|-unboost|p1a: Save Me I'm Yours|spd|1\n|\n|upkeep\n|turn|5\n|\n|t:|1781381228\n|switch|p2a: Jynx|Jynx|100/100\n|move|p1a: Save Me I'm Yours|Sing|p2a: Jynx\n|-status|p2a: Jynx|slp|[from] move: Sing\n|\n|upkeep\n|turn|6\n|c|+spoiledberries|go corv !!\n|inactive|corvinus II has 240 seconds left.\n|inactive|corvinus II has 210 seconds left.\n|\n|t:|1781381273\n|switch|p2a: Chansey|Chansey|100/100\n|move|p1a: Save Me I'm Yours|Seismic Toss|p2a: Chansey\n|-damage|p2a: Chansey|86/100\n|\n|upkeep\n|turn|7\n|inactive|corvinus II has 210 seconds left.\n|\n|t:|1781381300\n|move|p2a: Chansey|Sing|p1a: Save Me I'm Yours|[miss]\n|-miss|p2a: Chansey\n|move|p1a: Save Me I'm Yours|Thunder Wave|p2a: Chansey\n|-status|p2a: Chansey|par\n|\n|upkeep\n|turn|8\n|\n|t:|1781381322\n|switch|p1a: Fighting Fit|Tauros|72/100\n|move|p2a: Chansey|Sing|p1a: Fighting Fit\n|-status|p1a: Fighting Fit|slp|[from] move: Sing\n|\n|upkeep\n|turn|9\n|inactive|corvinus II has 180 seconds left.\n|\n|t:|1781381344\n|switch|p1a: Save Me I'm Yours|Chansey|86/100\n|cant|p2a: Chansey|par\n|\n|upkeep\n|turn|10\n|\n|t:|1781381347\n|move|p1a: Save Me I'm Yours|Seismic Toss|p2a: Chansey\n|-damage|p2a: Chansey|72/100 par\n|move|p2a: Chansey|Ice Beam|p1a: Save Me I'm Yours\n|-crit|p1a: Save Me I'm Yours\n|-damage|p1a: Save Me I'm Yours|65/100\n|\n|upkeep\n|turn|11\n|\n|t:|1781381353\n|move|p1a: Save Me I'm Yours|Soft-Boiled|p1a: Save Me I'm Yours\n|-heal|p1a: Save Me I'm Yours|100/100\n|move|p2a: Chansey|Soft-Boiled|p2a: Chansey\n|-heal|p2a: Chansey|100/100 par\n|\n|upkeep\n|turn|12\n|\n|t:|1781381357\n|move|p1a: Save Me I'm Yours|Seismic Toss|p2a: Chansey\n|-damage|p2a: Chansey|86/100 par\n|cant|p2a: Chansey|par\n|\n|upkeep\n|turn|13\n|\n|t:|1781381359\n|move|p1a: Save Me I'm Yours|Seismic Toss|p2a: Chansey\n|-damage|p2a: Chansey|72/100 par\n|move|p2a: Chansey|Ice Beam|p1a: Save Me I'm Yours\n|-damage|p1a: Save Me I'm Yours|89/100\n|\n|upkeep\n|turn|14\n|\n|t:|1781381363\n|switch|p1a: We Could Be Kings|Snorlax|100/100\n|move|p2a: Chansey|Soft-Boiled|p2a: Chansey\n|-heal|p2a: Chansey|100/100 par\n|\n|upkeep\n|turn|15\n|\n|t:|1781381368\n|switch|p1a: Save Me I'm Yours|Chansey|89/100\n|move|p2a: Chansey|Thunder Wave|p1a: Save Me I'm Yours\n|-status|p1a: Save Me I'm Yours|par\n|\n|upkeep\n|turn|16\n|\n|t:|1781381372\n|move|p2a: Chansey|Thunder Wave|p1a: Save Me I'm Yours\n|-fail|p1a: Save Me I'm Yours|par\n|move|p1a: Save Me I'm Yours|Seismic Toss|p2a: Chansey\n|-damage|p2a: Chansey|86/100 par\n|\n|upkeep\n|turn|17\n|\n|t:|1781381381\n|move|p1a: Save Me I'm Yours|Seismic Toss|p2a: Chansey\n|-damage|p2a: Chansey|72/100 par\n|move|p2a: Chansey|Ice Beam|p1a: Save Me I'm Yours\n|-crit|p1a: Save Me I'm Yours\n|-damage|p1a: Save Me I'm Yours|70/100 par\n|\n|upkeep\n|turn|18\n|inactive|corvinus II has 240 seconds left.\n|\n|t:|1781381400\n|move|p1a: Save Me I'm Yours|Thunder Wave|p2a: Chansey\n|-fail|p2a: Chansey|par\n|move|p2a: Chansey|Soft-Boiled|p2a: Chansey\n|-heal|p2a: Chansey|100/100 par\n|\n|upkeep\n|turn|19\n|\n|t:|1781381414\n|switch|p2a: Sandslash|Sandslash|100/100\n|move|p1a: Save Me I'm Yours|Thunder Wave|p2a: Sandslash\n|-immune|p2a: Sandslash\n|\n|upkeep\n|turn|20\n|inactive|corvinus II has 240 seconds left.\n|inactive|Louna has 270 seconds left.\n|inactive|corvinus II has 210 seconds left.\n|\n|t:|1781381467\n|switch|p1a: SpeakToMeSomeone|Starmie|100/100\n|move|p2a: Sandslash|Earthquake|p1a: SpeakToMeSomeone\n|-damage|p1a: SpeakToMeSomeone|60/100\n|\n|upkeep\n|turn|21\n|\n|t:|1781381476\n|move|p1a: SpeakToMeSomeone|Recover|p1a: SpeakToMeSomeone\n|-heal|p1a: SpeakToMeSomeone|100/100\n|move|p2a: Sandslash|Body Slam|p1a: SpeakToMeSomeone\n|-damage|p1a: SpeakToMeSomeone|79/100\n|\n|upkeep\n|turn|22\n|\n|t:|1781381478\n|switch|p2a: Chansey|Chansey|100/100 par\n|move|p1a: SpeakToMeSomeone|Surf|p2a: Chansey\n|-damage|p2a: Chansey|85/100 par\n|\n|upkeep\n|turn|23\n|inactive|corvinus II has 210 seconds left.\n|\n|t:|1781381509\n|switch|p1a: Where Are They Now|Golem|100/100\n|switch|p2a: Sandslash|Sandslash|100/100\n|\n|upkeep\n|turn|24\n|inactive|corvinus II has 210 seconds left.\n|inactive|corvinus II has 180 seconds left.\n|\n|t:|1781381567\n|move|p2a: Sandslash|Earthquake|p1a: Where Are They Now\n|-supereffective|p1a: Where Are They Now\n|-damage|p1a: Where Are They Now|48/100\n|move|p1a: Where Are They Now|Body Slam|p2a: Sandslash\n|-damage|p2a: Sandslash|82/100\n|\n|upkeep\n|turn|25\n|\n|t:|1781381574\n|switch|p1a: SpeakToMeSomeone|Starmie|79/100\n|move|p2a: Sandslash|Earthquake|p1a: SpeakToMeSomeone\n|-damage|p1a: SpeakToMeSomeone|38/100\n|\n|upkeep\n|turn|26\n|\n|t:|1781381581\n|switch|p2a: Chansey|Chansey|85/100 par\n|move|p1a: SpeakToMeSomeone|Recover|p1a: SpeakToMeSomeone\n|-heal|p1a: SpeakToMeSomeone|88/100\n|\n|upkeep\n|turn|27\n|inactive|corvinus II has 180 seconds left.\n|\n|t:|1781381604\n|switch|p1a: Save Me I'm Yours|Chansey|70/100 par\n|move|p2a: Chansey|Ice Beam|p1a: Save Me I'm Yours\n|-damage|p1a: Save Me I'm Yours|60/100 par\n|\n|upkeep\n|turn|28\n|inactive|corvinus II has 150 seconds left.\n|inactive|corvinus II has 120 seconds left.\n|\n|t:|1781381667\n|switch|p2a: Sandslash|Sandslash|82/100\n|move|p1a: Save Me I'm Yours|Seismic Toss|p2a: Sandslash\n|-damage|p2a: Sandslash|54/100\n|\n|upkeep\n|turn|29\n|inactive|corvinus II has 120 seconds left.\n|\n|t:|1781381690\n|switch|p1a: SpeakToMeSomeone|Starmie|88/100\n|move|p2a: Sandslash|Body Slam|p1a: SpeakToMeSomeone\n|-damage|p1a: SpeakToMeSomeone|66/100\n|\n|upkeep\n|turn|30\n|\n|t:|1781381697\n|switch|p2a: Chansey|Chansey|85/100 par\n|move|p1a: SpeakToMeSomeone|Recover|p1a: SpeakToMeSomeone\n|-heal|p1a: SpeakToMeSomeone|100/100\n|\n|upkeep\n|turn|31\n|inactive|corvinus II has 120 seconds left.\n|inactive|corvinus II has 90 seconds left.\n|\n|t:|1781381745\n|switch|p1a: Long Sleeves|Lapras|100/100\n|cant|p2a: Chansey|par\n|\n|upkeep\n|turn|32\n|\n|t:|1781381759\n|move|p1a: Long Sleeves|Confuse Ray|p2a: Chansey\n|-start|p2a: Chansey|confusion\n|-activate|p2a: Chansey|confusion\n|move|p2a: Chansey|Ice Beam|p1a: Long Sleeves\n|-resisted|p1a: Long Sleeves\n|-damage|p1a: Long Sleeves|96/100\n|\n|upkeep\n|turn|33\n|\n|t:|1781381766\n|move|p1a: Long Sleeves|Blizzard|p2a: Chansey\n|-damage|p2a: Chansey|65/100 par\n|-activate|p2a: Chansey|confusion\n|move|p2a: Chansey|Thunder Wave|p1a: Long Sleeves\n|-status|p1a: Long Sleeves|par\n|\n|upkeep\n|turn|34\n|\n|t:|1781381787\n|move|p1a: Long Sleeves|Blizzard|p2a: Chansey\n|-damage|p2a: Chansey|45/100 par\n|-end|p2a: Chansey|confusion\n|cant|p2a: Chansey|par\n|\n|upkeep\n|turn|35\n|\n|t:|1781381793\n|cant|p1a: Long Sleeves|par\n|move|p2a: Chansey|Soft-Boiled|p2a: Chansey\n|-heal|p2a: Chansey|95/100 par\n|\n|upkeep\n|turn|36\n|\n|t:|1781381798\n|switch|p1a: Save Me I'm Yours|Chansey|60/100 par\n|switch|p2a: Jynx|Jynx|100/100 slp\n|\n|upkeep\n|turn|37\n|\n|t:|1781381803\n|switch|p2a: Sandslash|Sandslash|54/100\n|cant|p1a: Save Me I'm Yours|par\n|\n|upkeep\n|turn|38\n|inactive|corvinus II has 120 seconds left.\n|\n|t:|1781381814\n|switch|p1a: SpeakToMeSomeone|Starmie|100/100\n|move|p2a: Sandslash|Earthquake|p1a: SpeakToMeSomeone\n|-crit|p1a: SpeakToMeSomeone\n|-damage|p1a: SpeakToMeSomeone|24/100\n|\n|upkeep\n|turn|39\n|inactive|corvinus II has 120 seconds left.\n|\n|t:|1781381820\n|move|p1a: SpeakToMeSomeone|Surf|p2a: Sandslash\n|-supereffective|p2a: Sandslash\n|-damage|p2a: Sandslash|0 fnt\n|faint|p2a: Sandslash\n|\n|t:|1781381822\n|switch|p2a: Starmie|Starmie|100/100\n|turn|40\n|inactive|corvinus II has 120 seconds left.\n|\n|t:|1781381839\n|switch|p2a: Tauros|Tauros|100/100\n|switch|p1a: Save Me I'm Yours|Chansey|60/100 par\n|\n|upkeep\n|turn|41\n|inactive|corvinus II has 120 seconds left.\n|inactive|corvinus II has 90 seconds left.\n|\n|t:|1781381905\n|switch|p1a: Long Sleeves|Lapras|96/100 par\n|move|p2a: Tauros|Body Slam|p1a: Long Sleeves\n|-damage|p1a: Long Sleeves|71/100 par\n|\n|upkeep\n|turn|42\n|\n|t:|1781381914\n|switch|p2a: Starmie|Starmie|100/100\n|move|p1a: Long Sleeves|Blizzard|p2a: Starmie\n|-resisted|p2a: Starmie\n|-damage|p2a: Starmie|80/100\n|\n|upkeep\n|turn|43\n|\n|t:|1781381927\n|move|p2a: Starmie|Thunderbolt|p1a: Long Sleeves\n|-supereffective|p1a: Long Sleeves\n|-damage|p1a: Long Sleeves|36/100 par\n|move|p1a: Long Sleeves|Thunderbolt|p2a: Starmie\n|-supereffective|p2a: Starmie\n|-damage|p2a: Starmie|34/100\n|\n|upkeep\n|turn|44\n|\n|t:|1781381939\n|move|p2a: Starmie|Recover|p2a: Starmie\n|-heal|p2a: Starmie|83/100\n|cant|p1a: Long Sleeves|par\n|\n|upkeep\n|turn|45\n|\n|t:|1781381945\n|move|p2a: Starmie|Psychic|p1a: Long Sleeves\n|-damage|p1a: Long Sleeves|14/100 par\n|move|p1a: Long Sleeves|Thunderbolt|p2a: Starmie\n|-supereffective|p2a: Starmie\n|-damage|p2a: Starmie|37/100\n|\n|upkeep\n|turn|46\n|inactive|corvinus II has 90 seconds left.\n|\n|t:|1781381979\n|switch|p1a: Save Me I'm Yours|Chansey|60/100 par\n|move|p2a: Starmie|Recover|p2a: Starmie\n|-heal|p2a: Starmie|87/100\n|\n|upkeep\n|turn|47\n|\n|t:|1781381995\n|switch|p2a: Tauros|Tauros|100/100\n|move|p1a: Save Me I'm Yours|Soft-Boiled|p1a: Save Me I'm Yours\n|-heal|p1a: Save Me I'm Yours|100/100 par\n|\n|upkeep\n|turn|48\n|\n|t:|1781382004\n|move|p2a: Tauros|Body Slam|p1a: Save Me I'm Yours\n|-damage|p1a: Save Me I'm Yours|62/100 par\n|move|p1a: Save Me I'm Yours|Thunder Wave|p2a: Tauros\n|-status|p2a: Tauros|par\n|\n|upkeep\n|turn|49\n|inactive|corvinus II has 90 seconds left.\n|\n|t:|1781382023\n|switch|p1a: Long Sleeves|Lapras|14/100 par\n|move|p2a: Tauros|Body Slam|p1a: Long Sleeves\n|-damage|p1a: Long Sleeves|0 fnt\n|faint|p1a: Long Sleeves\n|\n|t:|1781382032\n|switch|p1a: We Could Be Kings|Snorlax|100/100\n|turn|50\n|inactive|corvinus II has 90 seconds left.\n|\n|t:|1781382041\n|move|p1a: We Could Be Kings|Body Slam|p2a: Tauros\n|-damage|p2a: Tauros|68/100 par\n|move|p2a: Tauros|Body Slam|p1a: We Could Be Kings\n|-damage|p1a: We Could Be Kings|77/100\n|\n|upkeep\n|turn|51\n|inactive|corvinus II has 90 seconds left.\n|inactive|Louna has 270 seconds left.\n|\n|t:|1781382075\n|switch|p2a: Jynx|Jynx|100/100 slp\n|move|p1a: We Could Be Kings|Counter|p2a: Jynx\n|-damage|p2a: Jynx|27/100 slp\n|\n|upkeep\n|turn|52\n|inactive|corvinus II has 90 seconds left.\n|\n|t:|1781382085\n|cant|p2a: Jynx|slp\n|move|p1a: We Could Be Kings|Counter|p2a: Jynx\n|-damage|p2a: Jynx|0 fnt\n|faint|p2a: Jynx\n|\n|t:|1781382087\n|switch|p2a: Starmie|Starmie|87/100\n|turn|53\n|inactive|corvinus II has 90 seconds left.\n|inactive|Louna has 270 seconds left.\n|\n|t:|1781382120\n|switch|p2a: Chansey|Chansey|95/100 par\n|move|p1a: We Could Be Kings|Self-Destruct|p2a: Chansey\n|-damage|p2a: Chansey|0 fnt\n|faint|p2a: Chansey\n|faint|p1a: We Could Be Kings\n|\n|t:|1781382150\n|switch|p1a: Fighting Fit|Tauros|72/100 slp\n|switch|p2a: Starmie|Starmie|87/100\n|turn|54\n|\n|t:|1781382156\n|move|p2a: Starmie|Psychic|p1a: Fighting Fit\n|-damage|p1a: Fighting Fit|36/100 slp\n|cant|p1a: Fighting Fit|slp\n|\n|upkeep\n|turn|55\n|\n|t:|1781382160\n|move|p2a: Starmie|Psychic|p1a: Fighting Fit\n|-damage|p1a: Fighting Fit|1/100 slp\n|cant|p1a: Fighting Fit|slp\n|\n|upkeep\n|turn|56\n|\n|t:|1781382163\n|move|p2a: Starmie|Psychic|p1a: Fighting Fit\n|-crit|p1a: Fighting Fit\n|-damage|p1a: Fighting Fit|0 fnt\n|faint|p1a: Fighting Fit\n|inactive|corvinus II has 90 seconds left.\n|\n|t:|1781382170\n|switch|p1a: Save Me I'm Yours|Chansey|62/100 par\n|turn|57\n|\n|t:|1781382173\n|switch|p2a: Tauros|Tauros|68/100 par\n|move|p1a: Save Me I'm Yours|Soft-Boiled|p1a: Save Me I'm Yours\n|-heal|p1a: Save Me I'm Yours|100/100 par\n|\n|upkeep\n|turn|58\n|\n|t:|1781382183\n|move|p2a: Tauros|Body Slam|p1a: Save Me I'm Yours\n|-crit|p1a: Save Me I'm Yours\n|-damage|p1a: Save Me I'm Yours|20/100 par\n|move|p1a: Save Me I'm Yours|Seismic Toss|p2a: Tauros\n|-damage|p2a: Tauros|40/100 par\n|\n|upkeep\n|turn|59\n|\n|t:|1781382196\n|switch|p1a: Where Are They Now|Golem|48/100\n|move|p2a: Tauros|Body Slam|p1a: Where Are They Now\n|-resisted|p1a: Where Are They Now\n|-damage|p1a: Where Are They Now|37/100\n|-status|p1a: Where Are They Now|par\n|\n|upkeep\n|turn|60\n|\n|t:|1781382215\n|move|p2a: Tauros|Blizzard|p1a: Where Are They Now\n|-crit|p1a: Where Are They Now\n|-supereffective|p1a: Where Are They Now\n|-damage|p1a: Where Are They Now|0 fnt\n|faint|p1a: Where Are They Now\n|\n|t:|1781382222\n|switch|p1a: SpeakToMeSomeone|Starmie|24/100\n|turn|61\n|\n|t:|1781382225\n|move|p1a: SpeakToMeSomeone|Recover|p1a: SpeakToMeSomeone\n|-heal|p1a: SpeakToMeSomeone|74/100\n|cant|p2a: Tauros|par\n|\n|upkeep\n|turn|62\n|inactive|corvinus II has 120 seconds left.\n|\n|t:|1781382246\n|move|p1a: SpeakToMeSomeone|Surf|p2a: Tauros\n|-crit|p2a: Tauros\n|-damage|p2a: Tauros|0 fnt\n|faint|p2a: Tauros\n|\n|t:|1781382262\n|switch|p2a: Starmie|Starmie|87/100\n|turn|63\n|\n|t:|1781382266\n|move|p2a: Starmie|Thunder Wave|p1a: SpeakToMeSomeone\n|-status|p1a: SpeakToMeSomeone|par\n|move|p1a: SpeakToMeSomeone|Thunder Wave|p2a: Starmie\n|-status|p2a: Starmie|par\n|\n|upkeep\n|turn|64\n|\n|t:|1781382271\n|move|p1a: SpeakToMeSomeone|Thunderbolt|p2a: Starmie\n|-supereffective|p2a: Starmie\n|-damage|p2a: Starmie|42/100 par\n|move|p2a: Starmie|Thunderbolt|p1a: SpeakToMeSomeone\n|-supereffective|p1a: SpeakToMeSomeone\n|-damage|p1a: SpeakToMeSomeone|30/100 par\n|\n|upkeep\n|turn|65\n|\n|t:|1781382276\n|move|p1a: SpeakToMeSomeone|Thunderbolt|p2a: Starmie\n|-supereffective|p2a: Starmie\n|-damage|p2a: Starmie|0 fnt\n|faint|p2a: Starmie\n|\n|win|corvinus II\n|c|☆corvinus II|gg\n|c|☆Louna|gg\n|player|p2|\n|player|p2|Louna|#rbyplvmightymagmars|\n|player|p2|\n","uploadtime":1781382276,"views":"83","formatid":"gen1ou","rating":null,"private":0,"password":null}