{"id":"smogtours-gen1ou-956717","format":"[Gen 1] OU","players":["marcoasd","Abucketofchubs"],"log":"|inactive|Battle timer is ON: inactive players will automatically lose when time's up.\n|t:|1784327285\n|gametype|singles\n|player|p1|marcoasd|1|\n|player|p2|Abucketofchubs|youngster-gen4dp|\n|gen|1\n|tier|[Gen 1] OU\n|rule|Desync Clause Mod: Desyncs resolve to link battle behavior from the acting player's perspective.\n|rule|HP Percentage Mod: HP is shown in percentages\n|rule|Endless Battle Clause: Forcing endless battles is banned\n|rule|Sleep Clause Mod: Limit one foe put to sleep\n|rule|Freeze Clause Mod: Limit one foe frozen\n|rule|Species Clause: Limit one of each Pokémon\n|rule|OHKO Clause: OHKO moves are banned\n|rule|Evasion Moves Clause: Evasion moves are banned\n|\n|t:|1784327285\n|teamsize|p1|6\n|teamsize|p2|6\n|start\n|switch|p1a: Starmie|Starmie|100/100\n|switch|p2a: Jynx|Jynx|100/100\n|turn|1\n|\n|t:|1784327295\n|switch|p2a: Chansey|Chansey|100/100\n|move|p1a: Starmie|Thunder Wave|p2a: Chansey\n|-status|p2a: Chansey|par\n|\n|upkeep\n|turn|2\n|\n|t:|1784327298\n|move|p1a: Starmie|Psychic|p2a: Chansey\n|-damage|p2a: Chansey|86/100 par\n|move|p2a: Chansey|Sing|p1a: Starmie\n|-status|p1a: Starmie|slp|[from] move: Sing\n|\n|upkeep\n|turn|3\n|\n|t:|1784327307\n|switch|p1a: Snorlax|Snorlax|100/100\n|switch|p2a: Tauros|Tauros|100/100\n|\n|upkeep\n|turn|4\n|\n|t:|1784327310\n|switch|p2a: Cloyster|Cloyster|100/100\n|move|p1a: Snorlax|Body Slam|p2a: Cloyster\n|-damage|p2a: Cloyster|77/100\n|-status|p2a: Cloyster|par\n|\n|upkeep\n|turn|5\n|\n|t:|1784327330\n|switch|p1a: Chansey|Chansey|100/100\n|move|p2a: Cloyster|Blizzard|p1a: Chansey\n|-damage|p1a: Chansey|82/100\n|\n|upkeep\n|turn|6\n|\n|t:|1784327352\n|switch|p1a: Starmie|Starmie|100/100 slp\n|switch|p2a: Chansey|Chansey|86/100 par\n|\n|upkeep\n|turn|7\n|\n|t:|1784327358\n|switch|p1a: Snorlax|Snorlax|100/100\n|switch|p2a: Tauros|Tauros|100/100\n|\n|upkeep\n|turn|8\n|\n|t:|1784327361\n|move|p2a: Tauros|Body Slam|p1a: Snorlax\n|-crit|p1a: Snorlax\n|-damage|p1a: Snorlax|52/100\n|move|p1a: Snorlax|Body Slam|p2a: Tauros\n|-damage|p2a: Tauros|67/100\n|\n|upkeep\n|turn|9\n|\n|t:|1784327370\n|switch|p2a: Cloyster|Cloyster|77/100 par\n|move|p1a: Snorlax|Body Slam|p2a: Cloyster\n|-damage|p2a: Cloyster|55/100 par\n|\n|upkeep\n|turn|10\n|\n|t:|1784327383\n|switch|p1a: Starmie|Starmie|100/100 slp\n|cant|p2a: Cloyster|par\n|\n|upkeep\n|turn|11\n|\n|t:|1784327389\n|switch|p1a: Chansey|Chansey|82/100\n|cant|p2a: Cloyster|par\n|\n|upkeep\n|turn|12\n|\n|t:|1784327407\n|switch|p2a: Chansey|Chansey|86/100 par\n|move|p1a: Chansey|Thunderbolt|p2a: Chansey\n|-damage|p2a: Chansey|75/100 par\n|\n|upkeep\n|turn|13\n|\n|t:|1784327418\n|switch|p1a: Snorlax|Snorlax|52/100\n|move|p2a: Chansey|Thunder Wave|p1a: Snorlax\n|-status|p1a: Snorlax|par\n|\n|upkeep\n|turn|14\n|\n|t:|1784327423\n|switch|p2a: Cloyster|Cloyster|55/100 par\n|move|p1a: Snorlax|Rest|p1a: Snorlax\n|-status|p1a: Snorlax|slp|[from] move: Rest\n|-heal|p1a: Snorlax|100/100 slp|[silent]\n|\n|upkeep\n|turn|15\n|\n|t:|1784327429\n|cant|p2a: Cloyster|par\n|cant|p1a: Snorlax|slp\n|\n|upkeep\n|turn|16\n|\n|t:|1784327438\n|move|p2a: Cloyster|Blizzard|p1a: Snorlax\n|-crit|p1a: Snorlax\n|-damage|p1a: Snorlax|43/100 slp\n|-curestatus|p1a: Snorlax|slp|[msg]\n|\n|upkeep\n|turn|17\n|\n|t:|1784327459\n|move|p2a: Cloyster|Rest|p2a: Cloyster\n|-status|p2a: Cloyster|slp|[from] move: Rest\n|-heal|p2a: Cloyster|100/100 slp|[silent]\n|move|p1a: Snorlax|Rest|p1a: Snorlax\n|-status|p1a: Snorlax|slp|[from] move: Rest\n|-heal|p1a: Snorlax|100/100 slp|[silent]\n|\n|upkeep\n|turn|18\n|\n|t:|1784327469\n|cant|p2a: Cloyster|slp\n|cant|p1a: Snorlax|slp\n|\n|upkeep\n|turn|19\n|\n|t:|1784327474\n|-curestatus|p2a: Cloyster|slp|[msg]\n|-curestatus|p1a: Snorlax|slp|[msg]\n|\n|upkeep\n|turn|20\n|\n|t:|1784327482\n|switch|p1a: Starmie|Starmie|100/100 slp\n|move|p2a: Cloyster|Blizzard|p1a: Starmie\n|-resisted|p1a: Starmie\n|-damage|p1a: Starmie|80/100 slp\n|\n|upkeep\n|turn|21\n|\n|t:|1784327489\n|switch|p1a: Chansey|Chansey|82/100\n|move|p2a: Cloyster|Blizzard|p1a: Chansey\n|-damage|p1a: Chansey|64/100\n|\n|upkeep\n|turn|22\n|\n|t:|1784327511\n|move|p1a: Chansey|Soft-Boiled|p1a: Chansey\n|-heal|p1a: Chansey|100/100\n|move|p2a: Cloyster|Blizzard|p1a: Chansey\n|-damage|p1a: Chansey|82/100\n|\n|upkeep\n|turn|23\n|\n|t:|1784327521\n|switch|p2a: Chansey|Chansey|75/100 par\n|move|p1a: Chansey|Thunderbolt|p2a: Chansey\n|-damage|p2a: Chansey|65/100 par\n|\n|upkeep\n|turn|24\n|\n|t:|1784327527\n|switch|p1a: Snorlax|Snorlax|100/100\n|cant|p2a: Chansey|par\n|\n|upkeep\n|turn|25\n|\n|t:|1784327531\n|switch|p2a: Cloyster|Cloyster|100/100\n|move|p1a: Snorlax|Body Slam|p2a: Cloyster\n|-damage|p2a: Cloyster|76/100\n|\n|upkeep\n|turn|26\n|\n|t:|1784327536\n|move|p2a: Cloyster|Clamp|p1a: Snorlax\n|-crit|p1a: Snorlax\n|-damage|p1a: Snorlax|83/100\n|cant|p1a: Snorlax|partiallytrapped\n|\n|upkeep\n|turn|27\n|\n|t:|1784327541\n|switch|p1a: Chansey|Chansey|82/100\n|move|p2a: Cloyster|Clamp|p1a: Chansey|[miss]\n|-miss|p2a: Cloyster\n|\n|upkeep\n|turn|28\n|\n|t:|1784327569\n|switch|p2a: Chansey|Chansey|65/100 par\n|switch|p1a: Starmie|Starmie|80/100 slp\n|\n|upkeep\n|turn|29\n|\n|t:|1784327572\n|switch|p1a: Snorlax|Snorlax|83/100\n|move|p2a: Chansey|Soft-Boiled|p2a: Chansey\n|-heal|p2a: Chansey|100/100 par\n|\n|upkeep\n|turn|30\n|\n|t:|1784327578\n|switch|p2a: Cloyster|Cloyster|76/100\n|move|p1a: Snorlax|Body Slam|p2a: Cloyster\n|-damage|p2a: Cloyster|52/100\n|\n|upkeep\n|turn|31\n|\n|t:|1784327583\n|move|p2a: Cloyster|Blizzard|p1a: Snorlax\n|-damage|p1a: Snorlax|51/100\n|move|p1a: Snorlax|Body Slam|p2a: Cloyster\n|-damage|p2a: Cloyster|28/100\n|\n|upkeep\n|turn|32\n|inactive|marcoasd has 270 seconds left.\n|\n|t:|1784327618\n|move|p2a: Cloyster|Rest|p2a: Cloyster\n|-status|p2a: Cloyster|slp|[from] move: Rest\n|-heal|p2a: Cloyster|100/100 slp|[silent]\n|move|p1a: Snorlax|Body Slam|p2a: Cloyster\n|-damage|p2a: Cloyster|78/100 slp\n|\n|upkeep\n|turn|33\n|inactive|marcoasd has 270 seconds left.\n|\n|t:|1784327646\n|switch|p1a: Tauros|Tauros|100/100\n|cant|p2a: Cloyster|slp\n|\n|upkeep\n|turn|34\n|\n|t:|1784327654\n|move|p1a: Tauros|Thunderbolt|p2a: Cloyster\n|-supereffective|p2a: Cloyster\n|-damage|p2a: Cloyster|31/100 slp\n|-curestatus|p2a: Cloyster|slp|[msg]\n|\n|upkeep\n|turn|35\n|inactive|marcoasd has 270 seconds left.\n|\n|t:|1784327664\n|switch|p2a: Starmie|Starmie|100/100\n|move|p1a: Tauros|Body Slam|p2a: Starmie\n|-damage|p2a: Starmie|64/100\n|\n|upkeep\n|turn|36\n|\n|t:|1784327674\n|switch|p1a: Chansey|Chansey|82/100\n|move|p2a: Starmie|Thunder Wave|p1a: Chansey\n|-status|p1a: Chansey|par\n|\n|upkeep\n|turn|37\n|\n|t:|1784327691\n|switch|p2a: Rhydon|Rhydon|100/100\n|move|p1a: Chansey|Thunderbolt|p2a: Rhydon\n|-immune|p2a: Rhydon\n|\n|upkeep\n|turn|38\n|\n|t:|1784327706\n|switch|p1a: Exeggutor|Exeggutor|100/100\n|move|p2a: Rhydon|Body Slam|p1a: Exeggutor\n|-damage|p1a: Exeggutor|79/100\n|\n|upkeep\n|turn|39\n|\n|t:|1784327711\n|switch|p2a: Chansey|Chansey|100/100 par\n|move|p1a: Exeggutor|Psychic|p2a: Chansey\n|-damage|p2a: Chansey|83/100 par\n|\n|upkeep\n|turn|40\n|\n|t:|1784327722\n|switch|p1a: Chansey|Chansey|82/100 par\n|move|p2a: Chansey|Thunder Wave|p1a: Chansey\n|-fail|p1a: Chansey|par\n|\n|upkeep\n|turn|41\n|\n|t:|1784327748\n|move|p1a: Chansey|Thunderbolt|p2a: Chansey\n|-damage|p2a: Chansey|72/100 par\n|move|p2a: Chansey|Ice Beam|p1a: Chansey\n|-damage|p1a: Chansey|72/100 par\n|\n|upkeep\n|turn|42\n|\n|t:|1784327753\n|move|p2a: Chansey|Soft-Boiled|p2a: Chansey\n|-heal|p2a: Chansey|100/100 par\n|cant|p1a: Chansey|par\n|\n|upkeep\n|turn|43\n|inactive|Abucketofchubs has 270 seconds left.\n|\n|t:|1784327792\n|move|p2a: Chansey|Ice Beam|p1a: Chansey\n|-damage|p1a: Chansey|61/100 par\n|move|p1a: Chansey|Soft-Boiled|p1a: Chansey\n|-heal|p1a: Chansey|100/100 par\n|\n|upkeep\n|turn|44\n|\n|t:|1784327801\n|move|p2a: Chansey|Ice Beam|p1a: Chansey\n|-damage|p1a: Chansey|89/100 par\n|move|p1a: Chansey|Ice Beam|p2a: Chansey\n|-damage|p2a: Chansey|90/100 par\n|\n|upkeep\n|turn|45\n|\n|t:|1784327804\n|cant|p1a: Chansey|par\n|move|p2a: Chansey|Thunder Wave|p1a: Chansey\n|-fail|p1a: Chansey|par\n|\n|upkeep\n|turn|46\n|\n|t:|1784327807\n|move|p1a: Chansey|Thunderbolt|p2a: Chansey\n|-damage|p2a: Chansey|80/100 par\n|move|p2a: Chansey|Thunder Wave|p1a: Chansey\n|-fail|p1a: Chansey|par\n|\n|upkeep\n|turn|47\n|\n|t:|1784327810\n|move|p1a: Chansey|Thunderbolt|p2a: Chansey\n|-crit|p2a: Chansey\n|-damage|p2a: Chansey|59/100 par\n|move|p2a: Chansey|Soft-Boiled|p2a: Chansey\n|-heal|p2a: Chansey|100/100 par\n|\n|upkeep\n|turn|48\n|\n|t:|1784327815\n|move|p2a: Chansey|Thunder Wave|p1a: Chansey\n|-fail|p1a: Chansey|par\n|cant|p1a: Chansey|par\n|\n|upkeep\n|turn|49\n|\n|t:|1784327818\n|move|p1a: Chansey|Ice Beam|p2a: Chansey\n|-damage|p2a: Chansey|90/100 par\n|move|p2a: Chansey|Thunder Wave|p1a: Chansey\n|-fail|p1a: Chansey|par\n|\n|upkeep\n|turn|50\n|\n|t:|1784327823\n|move|p2a: Chansey|Ice Beam|p1a: Chansey\n|-damage|p1a: Chansey|78/100 par\n|cant|p1a: Chansey|par\n|\n|upkeep\n|turn|51\n|\n|t:|1784327829\n|cant|p1a: Chansey|par\n|move|p2a: Chansey|Thunder Wave|p1a: Chansey\n|-fail|p1a: Chansey|par\n|\n|upkeep\n|turn|52\n|\n|t:|1784327832\n|move|p2a: Chansey|Thunder Wave|p1a: Chansey\n|-fail|p1a: Chansey|par\n|move|p1a: Chansey|Soft-Boiled|p1a: Chansey\n|-heal|p1a: Chansey|100/100 par\n|\n|upkeep\n|turn|53\n|\n|t:|1784327837\n|cant|p1a: Chansey|par\n|move|p2a: Chansey|Thunder Wave|p1a: Chansey\n|-fail|p1a: Chansey|par\n|\n|upkeep\n|turn|54\n|\n|t:|1784327840\n|move|p1a: Chansey|Ice Beam|p2a: Chansey\n|-damage|p2a: Chansey|80/100 par\n|move|p2a: Chansey|Thunder Wave|p1a: Chansey\n|-fail|p1a: Chansey|par\n|\n|upkeep\n|turn|55\n|\n|t:|1784327843\n|move|p1a: Chansey|Ice Beam|p2a: Chansey\n|-crit|p2a: Chansey\n|-damage|p2a: Chansey|61/100 par\n|cant|p2a: Chansey|par\n|\n|upkeep\n|turn|56\n|\n|t:|1784327847\n|switch|p1a: Snorlax|Snorlax|51/100\n|move|p2a: Chansey|Thunder Wave|p1a: Snorlax\n|-status|p1a: Snorlax|par\n|\n|upkeep\n|turn|57\n|\n|t:|1784327854\n|switch|p2a: Cloyster|Cloyster|31/100\n|move|p1a: Snorlax|Rest|p1a: Snorlax\n|-status|p1a: Snorlax|slp|[from] move: Rest\n|-heal|p1a: Snorlax|100/100 slp|[silent]\n|\n|upkeep\n|turn|58\n|\n|t:|1784327859\n|move|p2a: Cloyster|Blizzard|p1a: Snorlax\n|-damage|p1a: Snorlax|71/100 slp\n|cant|p1a: Snorlax|slp\n|\n|upkeep\n|turn|59\n|\n|t:|1784327865\n|move|p2a: Cloyster|Explosion|p1a: Snorlax\n|-crit|p1a: Snorlax\n|-damage|p1a: Snorlax|0 fnt\n|faint|p1a: Snorlax\n|faint|p2a: Cloyster\n|\n|t:|1784327890\n|switch|p2a: Chansey|Chansey|61/100 par\n|switch|p1a: Tauros|Tauros|100/100\n|turn|60\n|inactive|marcoasd has 270 seconds left.\n|inactive|Abucketofchubs has 270 seconds left.\n|inactive|marcoasd has 240 seconds left.\n|inactive|marcoasd has 210 seconds left.\n|inactive|marcoasd has 180 seconds left.\n|inactive|marcoasd has 150 seconds left.\n|inactive|marcoasd has 120 seconds left.\n|\n|t:|1784328072\n|switch|p2a: Rhydon|Rhydon|100/100\n|move|p1a: Tauros|Body Slam|p2a: Rhydon\n|-resisted|p2a: Rhydon\n|-damage|p2a: Rhydon|91/100\n|\n|upkeep\n|turn|61\n|\n|t:|1784328079\n|move|p1a: Tauros|Blizzard|p2a: Rhydon\n|-supereffective|p2a: Rhydon\n|-damage|p2a: Rhydon|35/100\n|move|p2a: Rhydon|Earthquake|p1a: Tauros\n|-crit|p1a: Tauros\n|-damage|p1a: Tauros|14/100\n|\n|upkeep\n|turn|62\n|inactive|marcoasd has 120 seconds left.\n|inactive|Abucketofchubs has 270 seconds left.\n|\n|t:|1784328114\n|switch|p2a: Starmie|Starmie|64/100\n|move|p1a: Tauros|Body Slam|p2a: Starmie\n|-damage|p2a: Starmie|32/100\n|\n|upkeep\n|turn|63\n|\n|t:|1784328126\n|switch|p1a: Chansey|Chansey|100/100 par\n|move|p2a: Starmie|Recover|p2a: Starmie\n|-heal|p2a: Starmie|82/100\n|\n|upkeep\n|turn|64\n|\n|t:|1784328137\n|move|p2a: Starmie|Surf|p1a: Chansey\n|-damage|p1a: Chansey|86/100 par\n|cant|p1a: Chansey|par\n|\n|upkeep\n|turn|65\n|\n|t:|1784328142\n|move|p2a: Starmie|Surf|p1a: Chansey\n|-damage|p1a: Chansey|71/100 par\n|move|p1a: Chansey|Ice Beam|p2a: Starmie\n|-resisted|p2a: Starmie\n|-damage|p2a: Starmie|69/100\n|\n|upkeep\n|turn|66\n|\n|t:|1784328150\n|switch|p2a: Chansey|Chansey|61/100 par\n|move|p1a: Chansey|Thunderbolt|p2a: Chansey\n|-damage|p2a: Chansey|50/100 par\n|\n|upkeep\n|turn|67\n|inactive|marcoasd has 120 seconds left.\n|\n|t:|1784328180\n|move|p2a: Chansey|Soft-Boiled|p2a: Chansey\n|-heal|p2a: Chansey|99/100 par\n|move|p1a: Chansey|Soft-Boiled|p1a: Chansey\n|-heal|p1a: Chansey|100/100 par\n|\n|upkeep\n|turn|68\n|inactive|Abucketofchubs has 270 seconds left.\n|\n|t:|1784328223\n|move|p2a: Chansey|Ice Beam|p1a: Chansey\n|-damage|p1a: Chansey|89/100 par\n|move|p1a: Chansey|Thunderbolt|p2a: Chansey\n|-damage|p2a: Chansey|90/100 par\n|\n|upkeep\n|turn|69\n|\n|t:|1784328229\n|move|p1a: Chansey|Thunderbolt|p2a: Chansey\n|-crit|p2a: Chansey\n|-damage|p2a: Chansey|70/100 par\n|move|p2a: Chansey|Thunder Wave|p1a: Chansey\n|-fail|p1a: Chansey|par\n|\n|upkeep\n|turn|70\n|\n|t:|1784328232\n|move|p2a: Chansey|Soft-Boiled|p2a: Chansey\n|-heal|p2a: Chansey|100/100 par\n|move|p1a: Chansey|Thunderbolt|p2a: Chansey\n|-damage|p2a: Chansey|89/100 par\n|\n|upkeep\n|turn|71\n|\n|t:|1784328240\n|move|p2a: Chansey|Thunder Wave|p1a: Chansey\n|-fail|p1a: Chansey|par\n|move|p1a: Chansey|Ice Beam|p2a: Chansey\n|-damage|p2a: Chansey|79/100 par\n|\n|upkeep\n|turn|72\n|\n|t:|1784328248\n|move|p2a: Chansey|Ice Beam|p1a: Chansey\n|-damage|p1a: Chansey|78/100 par\n|cant|p1a: Chansey|par\n|\n|upkeep\n|turn|73\n|\n|t:|1784328252\n|move|p2a: Chansey|Soft-Boiled|p2a: Chansey\n|-heal|p2a: Chansey|100/100 par\n|move|p1a: Chansey|Thunderbolt|p2a: Chansey\n|-damage|p2a: Chansey|90/100 par\n|\n|upkeep\n|turn|74\n|\n|t:|1784328255\n|move|p1a: Chansey|Thunderbolt|p2a: Chansey\n|-damage|p2a: Chansey|79/100 par\n|cant|p2a: Chansey|par\n|\n|upkeep\n|turn|75\n|\n|t:|1784328259\n|move|p2a: Chansey|Soft-Boiled|p2a: Chansey\n|-heal|p2a: Chansey|100/100 par\n|move|p1a: Chansey|Ice Beam|p2a: Chansey\n|-damage|p2a: Chansey|91/100 par\n|\n|upkeep\n|turn|76\n|\n|t:|1784328262\n|move|p2a: Chansey|Thunder Wave|p1a: Chansey\n|-fail|p1a: Chansey|par\n|move|p1a: Chansey|Ice Beam|p2a: Chansey\n|-damage|p2a: Chansey|81/100 par\n|\n|upkeep\n|turn|77\n|inactive|marcoasd has 180 seconds left.\n|\n|t:|1784328269\n|move|p2a: Chansey|Thunder Wave|p1a: Chansey\n|-fail|p1a: Chansey|par\n|move|p1a: Chansey|Ice Beam|p2a: Chansey\n|-damage|p2a: Chansey|71/100 par\n|\n|upkeep\n|turn|78\n|\n|t:|1784328273\n|cant|p1a: Chansey|par\n|move|p2a: Chansey|Soft-Boiled|p2a: Chansey\n|-heal|p2a: Chansey|100/100 par\n|\n|upkeep\n|turn|79\n|\n|t:|1784328278\n|move|p2a: Chansey|Thunder Wave|p1a: Chansey\n|-fail|p1a: Chansey|par\n|move|p1a: Chansey|Thunderbolt|p2a: Chansey\n|-damage|p2a: Chansey|90/100 par\n|\n|upkeep\n|turn|80\n|\n|t:|1784328283\n|move|p1a: Chansey|Thunderbolt|p2a: Chansey\n|-damage|p2a: Chansey|79/100 par\n|move|p2a: Chansey|Sing|p1a: Chansey|[miss]\n|-miss|p2a: Chansey\n|\n|upkeep\n|turn|81\n|\n|t:|1784328287\n|move|p1a: Chansey|Thunderbolt|p2a: Chansey\n|-damage|p2a: Chansey|68/100 par\n|move|p2a: Chansey|Ice Beam|p1a: Chansey\n|-damage|p1a: Chansey|69/100 par\n|\n|upkeep\n|turn|82\n|\n|t:|1784328290\n|move|p1a: Chansey|Soft-Boiled|p1a: Chansey\n|-heal|p1a: Chansey|100/100 par\n|move|p2a: Chansey|Soft-Boiled|p2a: Chansey\n|-heal|p2a: Chansey|100/100 par\n|\n|upkeep\n|turn|83\n|\n|t:|1784328295\n|move|p1a: Chansey|Thunderbolt|p2a: Chansey\n|-crit|p2a: Chansey\n|-damage|p2a: Chansey|80/100 par\n|cant|p2a: Chansey|par\n|\n|upkeep\n|turn|84\n|\n|t:|1784328299\n|move|p1a: Chansey|Thunderbolt|p2a: Chansey\n|-damage|p2a: Chansey|69/100 par\n|move|p2a: Chansey|Thunder Wave|p1a: Chansey\n|-fail|p1a: Chansey|par\n|\n|upkeep\n|turn|85\n|\n|t:|1784328303\n|switch|p1a: Exeggutor|Exeggutor|79/100\n|move|p2a: Chansey|Ice Beam|p1a: Exeggutor\n|-supereffective|p1a: Exeggutor\n|-damage|p1a: Exeggutor|45/100\n|\n|upkeep\n|turn|86\n|\n|t:|1784328312\n|move|p1a: Exeggutor|Explosion|p2a: Chansey\n|-damage|p2a: Chansey|0 fnt\n|faint|p2a: Chansey\n|faint|p1a: Exeggutor\n|\n|t:|1784328324\n|switch|p1a: Chansey|Chansey|100/100 par\n|switch|p2a: Tauros|Tauros|67/100\n|turn|87\n|\n|t:|1784328337\n|move|p2a: Tauros|Body Slam|p1a: Chansey\n|-damage|p1a: Chansey|63/100 par\n|cant|p1a: Chansey|par\n|\n|upkeep\n|turn|88\n|\n|t:|1784328344\n|move|p2a: Tauros|Body Slam|p1a: Chansey\n|-damage|p1a: Chansey|25/100 par\n|move|p1a: Chansey|Thunder Wave|p2a: Tauros\n|-status|p2a: Tauros|par\n|\n|upkeep\n|turn|89\n|inactive|marcoasd has 270 seconds left.\n|\n|t:|1784328360\n|switch|p1a: Starmie|Starmie|80/100 slp\n|move|p2a: Tauros|Body Slam|p1a: Starmie\n|-damage|p1a: Starmie|44/100 slp\n|\n|upkeep\n|turn|90\n|\n|t:|1784328364\n|-curestatus|p1a: Starmie|slp|[msg]\n|move|p2a: Tauros|Hyper Beam|p1a: Starmie|[miss]\n|-miss|p2a: Tauros\n|\n|upkeep\n|turn|91\n|inactive|marcoasd has 270 seconds left.\n|\n|t:|1784328377\n|switch|p2a: Jynx|Jynx|100/100\n|move|p1a: Starmie|Recover|p1a: Starmie\n|-heal|p1a: Starmie|94/100\n|\n|upkeep\n|turn|92\n|\n|t:|1784328384\n|move|p1a: Starmie|Thunder Wave|p2a: Jynx\n|-status|p2a: Jynx|par\n|move|p2a: Jynx|Lovely Kiss|p1a: Starmie|[miss]\n|-miss|p2a: Jynx\n|\n|upkeep\n|turn|93\n|\n|t:|1784328394\n|switch|p1a: Chansey|Chansey|25/100 par\n|cant|p2a: Jynx|par\n|\n|upkeep\n|turn|94\n|\n|t:|1784328401\n|switch|p2a: Tauros|Tauros|67/100 par\n|move|p1a: Chansey|Soft-Boiled|p1a: Chansey\n|-heal|p1a: Chansey|75/100 par\n|\n|upkeep\n|turn|95\n|\n|t:|1784328414\n|switch|p1a: Starmie|Starmie|94/100\n|cant|p2a: Tauros|par\n|\n|upkeep\n|turn|96\n|\n|t:|1784328422\n|switch|p2a: Jynx|Jynx|100/100 par\n|move|p1a: Starmie|Psychic|p2a: Jynx\n|-crit|p2a: Jynx\n|-resisted|p2a: Jynx\n|-damage|p2a: Jynx|68/100 par\n|\n|upkeep\n|turn|97\n|\n|t:|1784328431\n|switch|p1a: Chansey|Chansey|75/100 par\n|cant|p2a: Jynx|par\n|\n|upkeep\n|turn|98\n|\n|t:|1784328444\n|cant|p2a: Jynx|par\n|cant|p1a: Chansey|par\n|\n|upkeep\n|turn|99\n|\n|t:|1784328447\n|move|p2a: Jynx|Psychic|p1a: Chansey\n|-damage|p1a: Chansey|61/100 par\n|move|p1a: Chansey|Thunderbolt|p2a: Jynx\n|-damage|p2a: Jynx|44/100 par\n|\n|upkeep\n|turn|100\n|\n|t:|1784328455\n|move|p2a: Jynx|Rest|p2a: Jynx\n|-status|p2a: Jynx|slp|[from] move: Rest\n|-heal|p2a: Jynx|100/100 slp|[silent]\n|move|p1a: Chansey|Soft-Boiled|p1a: Chansey\n|-heal|p1a: Chansey|100/100 par\n|\n|upkeep\n|turn|101\n|\n|t:|1784328462\n|switch|p2a: Tauros|Tauros|67/100 par\n|switch|p1a: Tauros|Tauros|14/100\n|\n|upkeep\n|turn|102\n|\n|t:|1784328472\n|switch|p1a: Starmie|Starmie|94/100\n|cant|p2a: Tauros|par\n|\n|upkeep\n|turn|103\n|\n|t:|1784328480\n|switch|p2a: Jynx|Jynx|100/100 slp\n|move|p1a: Starmie|Psychic|p2a: Jynx\n|-resisted|p2a: Jynx\n|-damage|p2a: Jynx|85/100 slp\n|\n|upkeep\n|turn|104\n|\n|t:|1784328487\n|switch|p1a: Tauros|Tauros|14/100\n|switch|p2a: Starmie|Starmie|69/100\n|\n|upkeep\n|turn|105\n|\n|t:|1784328498\n|switch|p1a: Chansey|Chansey|100/100 par\n|move|p2a: Starmie|Recover|p2a: Starmie\n|-heal|p2a: Starmie|100/100\n|\n|upkeep\n|turn|106\n|\n|t:|1784328506\n|switch|p2a: Tauros|Tauros|67/100 par\n|move|p1a: Chansey|Thunderbolt|p2a: Tauros\n|-damage|p2a: Tauros|37/100 par\n|\n|upkeep\n|turn|107\n|\n|t:|1784328514\n|switch|p1a: Starmie|Starmie|94/100\n|cant|p2a: Tauros|par\n|\n|upkeep\n|turn|108\n|\n|t:|1784328521\n|switch|p2a: Starmie|Starmie|100/100\n|move|p1a: Starmie|Psychic|p2a: Starmie\n|-resisted|p2a: Starmie\n|-damage|p2a: Starmie|84/100\n|-unboost|p2a: Starmie|spa|1\n|-unboost|p2a: Starmie|spd|1\n|\n|upkeep\n|turn|109\n|\n|t:|1784328533\n|move|p2a: Starmie|Thunder Wave|p1a: Starmie\n|-status|p1a: Starmie|par\n|move|p1a: Starmie|Thunder Wave|p2a: Starmie\n|-status|p2a: Starmie|par\n|\n|upkeep\n|turn|110\n|\n|t:|1784328546\n|switch|p2a: Jynx|Jynx|85/100 slp\n|switch|p1a: Chansey|Chansey|100/100 par\n|\n|upkeep\n|turn|111\n|\n|t:|1784328551\n|switch|p2a: Starmie|Starmie|84/100 par\n|switch|p1a: Tauros|Tauros|14/100\n|\n|upkeep\n|turn|112\n|\n|t:|1784328558\n|switch|p1a: Chansey|Chansey|100/100 par\n|move|p2a: Starmie|Recover|p2a: Starmie\n|-heal|p2a: Starmie|100/100 par\n|\n|upkeep\n|turn|113\n|\n|t:|1784328565\n|switch|p2a: Tauros|Tauros|37/100 par\n|move|p1a: Chansey|Thunderbolt|p2a: Tauros\n|-damage|p2a: Tauros|12/100 par\n|\n|upkeep\n|turn|114\n|\n|t:|1784328586\n|switch|p1a: Starmie|Starmie|94/100 par\n|move|p2a: Tauros|Rest|p2a: Tauros\n|-status|p2a: Tauros|slp|[from] move: Rest\n|-heal|p2a: Tauros|100/100 slp|[silent]\n|\n|upkeep\n|turn|115\n|\n|t:|1784328597\n|switch|p2a: Starmie|Starmie|100/100 par\n|move|p1a: Starmie|Psychic|p2a: Starmie\n|-resisted|p2a: Starmie\n|-damage|p2a: Starmie|85/100 par\n|-unboost|p2a: Starmie|spa|1\n|-unboost|p2a: Starmie|spd|1\n|\n|upkeep\n|turn|116\n|\n|t:|1784328606\n|move|p1a: Starmie|Psychic|p2a: Starmie\n|-resisted|p2a: Starmie\n|-damage|p2a: Starmie|62/100 par\n|-unboost|p2a: Starmie|spa|1\n|-unboost|p2a: Starmie|spd|1\n|move|p2a: Starmie|Recover|p2a: Starmie\n|-heal|p2a: Starmie|100/100 par\n|\n|upkeep\n|turn|117\n|\n|t:|1784328631\n|switch|p1a: Chansey|Chansey|100/100 par\n|cant|p2a: Starmie|par\n|\n|upkeep\n|turn|118\n|\n|t:|1784328638\n|switch|p1a: Tauros|Tauros|14/100\n|switch|p2a: Tauros|Tauros|100/100 slp\n|\n|upkeep\n|turn|119\n|\n|t:|1784328644\n|cant|p2a: Tauros|slp\n|move|p1a: Tauros|Body Slam|p2a: Tauros\n|-damage|p2a: Tauros|69/100 slp\n|\n|upkeep\n|turn|120\n|\n|t:|1784328650\n|-curestatus|p2a: Tauros|slp|[msg]\n|move|p1a: Tauros|Body Slam|p2a: Tauros\n|-crit|p2a: Tauros\n|-damage|p2a: Tauros|8/100\n|\n|upkeep\n|turn|121\n|inactive|marcoasd has 270 seconds left.\n|inactive|marcoasd has 240 seconds left.\n|inactive|marcoasd has 210 seconds left.\n|\n|t:|1784328747\n|move|p2a: Tauros|Body Slam|p1a: Tauros\n|-damage|p1a: Tauros|0 fnt\n|faint|p1a: Tauros\n|\n|t:|1784328755\n|switch|p1a: Starmie|Starmie|94/100 par\n|turn|122\n|inactive|Abucketofchubs has 270 seconds left.\n|inactive|Abucketofchubs has 240 seconds left.\n|inactive|Abucketofchubs has 210 seconds left.\n|\n|t:|1784328846\n|switch|p2a: Jynx|Jynx|85/100 slp\n|move|p1a: Starmie|Psychic|p2a: Jynx\n|-resisted|p2a: Jynx\n|-damage|p2a: Jynx|68/100 slp\n|\n|upkeep\n|turn|123\n|\n|t:|1784328857\n|switch|p1a: Zapdos|Zapdos|100/100\n|cant|p2a: Jynx|slp\n|\n|upkeep\n|turn|124\n|\n|t:|1784328863\n|switch|p2a: Rhydon|Rhydon|35/100\n|move|p1a: Zapdos|Drill Peck|p2a: Rhydon\n|-resisted|p2a: Rhydon\n|-damage|p2a: Rhydon|25/100\n|\n|upkeep\n|turn|125\n|\n|t:|1784328874\n|move|p1a: Zapdos|Drill Peck|p2a: Rhydon\n|-crit|p2a: Rhydon\n|-resisted|p2a: Rhydon\n|-damage|p2a: Rhydon|8/100\n|move|p2a: Rhydon|Rest|p2a: Rhydon\n|-status|p2a: Rhydon|slp|[from] move: Rest\n|-heal|p2a: Rhydon|100/100 slp|[silent]\n|\n|upkeep\n|turn|126\n|inactive|Abucketofchubs has 240 seconds left.\n|\n|t:|1784328888\n|switch|p1a: Chansey|Chansey|100/100 par\n|cant|p2a: Rhydon|slp\n|\n|upkeep\n|turn|127\n|\n|t:|1784328894\n|switch|p2a: Jynx|Jynx|68/100 slp\n|move|p1a: Chansey|Thunderbolt|p2a: Jynx\n|-damage|p2a: Jynx|43/100 slp\n|\n|upkeep\n|turn|128\n|inactive|marcoasd has 240 seconds left.\n|\n|t:|1784328900\n|-curestatus|p2a: Jynx|slp|[msg]\n|move|p1a: Chansey|Thunderbolt|p2a: Jynx\n|-damage|p2a: Jynx|18/100\n|\n|upkeep\n|turn|129\n|inactive|marcoasd has 240 seconds left.\n|\n|t:|1784328912\n|move|p2a: Jynx|Rest|p2a: Jynx\n|-status|p2a: Jynx|slp|[from] move: Rest\n|-heal|p2a: Jynx|100/100 slp|[silent]\n|cant|p1a: Chansey|par\n|\n|upkeep\n|turn|130\n|inactive|Abucketofchubs has 270 seconds left.\n|\n|t:|1784328918\n|switch|p1a: Starmie|Starmie|94/100 par\n|cant|p2a: Jynx|slp\n|\n|upkeep\n|turn|131\n|\n|t:|1784328927\n|switch|p2a: Starmie|Starmie|100/100 par\n|move|p1a: Starmie|Psychic|p2a: Starmie\n|-resisted|p2a: Starmie\n|-damage|p2a: Starmie|85/100 par\n|-unboost|p2a: Starmie|spa|1\n|-unboost|p2a: Starmie|spd|1\n|\n|upkeep\n|turn|132\n|\n|t:|1784328931\n|move|p1a: Starmie|Psychic|p2a: Starmie\n|-resisted|p2a: Starmie\n|-damage|p2a: Starmie|62/100 par\n|-unboost|p2a: Starmie|spa|1\n|-unboost|p2a: Starmie|spd|1\n|cant|p2a: Starmie|par\n|\n|upkeep\n|turn|133\n|\n|t:|1784328936\n|switch|p2a: Jynx|Jynx|100/100 slp\n|move|p1a: Starmie|Psychic|p2a: Jynx\n|-resisted|p2a: Jynx\n|-damage|p2a: Jynx|84/100 slp\n|\n|upkeep\n|turn|134\n|\n|t:|1784328941\n|-curestatus|p2a: Jynx|slp|[msg]\n|move|p1a: Starmie|Psychic|p2a: Jynx\n|-crit|p2a: Jynx\n|-resisted|p2a: Jynx\n|-damage|p2a: Jynx|55/100\n|\n|upkeep\n|turn|135\n|\n|t:|1784328944\n|move|p2a: Jynx|Rest|p2a: Jynx\n|-status|p2a: Jynx|slp|[from] move: Rest\n|-heal|p2a: Jynx|100/100 slp|[silent]\n|move|p1a: Starmie|Psychic|p2a: Jynx\n|-crit|p2a: Jynx\n|-resisted|p2a: Jynx\n|-damage|p2a: Jynx|69/100 slp\n|\n|upkeep\n|turn|136\n|\n|t:|1784328947\n|cant|p2a: Jynx|slp\n|move|p1a: Starmie|Psychic|p2a: Jynx\n|-resisted|p2a: Jynx\n|-damage|p2a: Jynx|54/100 slp\n|\n|upkeep\n|turn|137\n|\n|t:|1784328955\n|-curestatus|p2a: Jynx|slp|[msg]\n|move|p1a: Starmie|Thunder Wave|p2a: Jynx\n|-status|p2a: Jynx|par\n|\n|upkeep\n|turn|138\n|\n|t:|1784328957\n|move|p1a: Starmie|Psychic|p2a: Jynx\n|-resisted|p2a: Jynx\n|-damage|p2a: Jynx|38/100 par\n|-unboost|p2a: Jynx|spa|1\n|-unboost|p2a: Jynx|spd|1\n|move|p2a: Jynx|Rest|p2a: Jynx\n|-status|p2a: Jynx|slp|[from] move: Rest\n|-heal|p2a: Jynx|100/100 slp|[silent]\n|\n|upkeep\n|turn|139\n|\n|t:|1784328967\n|move|p1a: Starmie|Psychic|p2a: Jynx\n|-crit|p2a: Jynx\n|-resisted|p2a: Jynx\n|-damage|p2a: Jynx|67/100 slp\n|cant|p2a: Jynx|slp\n|\n|upkeep\n|turn|140\n|\n|t:|1784328971\n|move|p1a: Starmie|Psychic|p2a: Jynx\n|-resisted|p2a: Jynx\n|-damage|p2a: Jynx|42/100 slp\n|-curestatus|p2a: Jynx|slp|[msg]\n|\n|upkeep\n|turn|141\n|\n|t:|1784328976\n|switch|p2a: Starmie|Starmie|62/100 par\n|move|p1a: Starmie|Thunder Wave|p2a: Starmie\n|-fail|p2a: Starmie|par\n|\n|upkeep\n|turn|142\n|\n|t:|1784328979\n|switch|p1a: Chansey|Chansey|100/100 par\n|cant|p2a: Starmie|par\n|\n|upkeep\n|turn|143\n|\n|t:|1784328983\n|switch|p2a: Jynx|Jynx|42/100\n|move|p1a: Chansey|Thunderbolt|p2a: Jynx\n|-damage|p2a: Jynx|19/100\n|\n|upkeep\n|turn|144\n|\n|t:|1784328988\n|switch|p1a: Zapdos|Zapdos|100/100\n|move|p2a: Jynx|Rest|p2a: Jynx\n|-status|p2a: Jynx|slp|[from] move: Rest\n|-heal|p2a: Jynx|100/100 slp|[silent]\n|\n|upkeep\n|turn|145\n|\n|t:|1784328995\n|switch|p1a: Chansey|Chansey|100/100 par\n|switch|p2a: Rhydon|Rhydon|100/100 slp\n|\n|upkeep\n|turn|146\n|\n|t:|1784329001\n|switch|p2a: Jynx|Jynx|100/100 slp\n|cant|p1a: Chansey|par\n|\n|upkeep\n|turn|147\n|c|☆marcoasd|gg\n|-message|marcoasd forfeited.\n|\n|win|Abucketofchubs\n|player|p1|\n","uploadtime":1784329013,"views":"81","formatid":"gen1ou","rating":null,"private":0,"password":null}