{"id":"smogtours-gen1ou-900536","format":"[Gen 1] OU","players":["Serpi n_n","Ct0wn"],"log":"|inactive|Battle timer is ON: inactive players will automatically lose when time's up.\n|t:|1768766064\n|gametype|singles\n|player|p1|Serpi n_n|#splxviibigs2|\n|player|p2|Ct0wn|#splxviiclassiest2|\n|gen|1\n|tier|[Gen 1] OU\n|rule|Desync Clause Mod: Desyncs changed to move failure.\n|rule|Sleep Clause Mod: Limit one foe put to sleep\n|rule|Freeze Clause Mod: Limit one foe frozen\n|rule|Species Clause: Limit one of each Pokémon\n|rule|OHKO Clause: OHKO moves are banned\n|rule|Evasion Moves Clause: Evasion moves are banned\n|rule|Endless Battle Clause: Forcing endless battles is banned\n|rule|HP Percentage Mod: HP is shown in percentages\n|\n|t:|1768766064\n|teamsize|p1|6\n|teamsize|p2|6\n|start\n|switch|p1a: Tauros|Tauros|100/100\n|switch|p2a: Jynx|Jynx|100/100\n|turn|1\n|c|☆Ct0wn|Hf\n|inactive|Serpi n_n has 270 seconds left.\n|inactive|Ct0wn has 270 seconds left.\n|c|☆Serpi n_n|u2\n|\n|t:|1768766113\n|move|p1a: Tauros|Body Slam|p2a: Jynx\n|-damage|p2a: Jynx|50/100\n|move|p2a: Jynx|Lovely Kiss|p1a: Tauros\n|-status|p1a: Tauros|slp|[from] move: Lovely Kiss\n|\n|upkeep\n|turn|2\n|\n|t:|1768766131\n|-curestatus|p1a: Tauros|slp|[msg]\n|move|p2a: Jynx|Ice Beam|p1a: Tauros\n|-damage|p1a: Tauros|61/100\n|\n|upkeep\n|turn|3\n|\n|t:|1768766136\n|switch|p2a: Cloyster|Cloyster|100/100\n|move|p1a: Tauros|Body Slam|p2a: Cloyster\n|-damage|p2a: Cloyster|77/100\n|\n|upkeep\n|turn|4\n|\n|t:|1768766161\n|switch|p1a: Starmie|Starmie|100/100\n|move|p2a: Cloyster|Blizzard|p1a: Starmie\n|-resisted|p1a: Starmie\n|-damage|p1a: Starmie|80/100\n|\n|upkeep\n|turn|5\n|inactive|Serpi n_n has 270 seconds left.\n|\n|t:|1768766191\n|switch|p1a: Exeggutor|Exeggutor|100/100\n|switch|p2a: Chansey|Chansey|100/100\n|\n|upkeep\n|turn|6\n|inactive|Serpi n_n has 270 seconds left.\n|\n|t:|1768766202\n|switch|p1a: Tauros|Tauros|61/100\n|switch|p2a: Jynx|Jynx|50/100\n|\n|upkeep\n|turn|7\n|\n|t:|1768766208\n|switch|p2a: Rhydon|Rhydon|100/100\n|move|p1a: Tauros|Body Slam|p2a: Rhydon\n|-crit|p2a: Rhydon\n|-resisted|p2a: Rhydon\n|-damage|p2a: Rhydon|78/100\n|-status|p2a: Rhydon|par\n|\n|upkeep\n|turn|8\n|inactive|Serpi n_n has 270 seconds left.\n|\n|t:|1768766227\n|switch|p1a: Exeggutor|Exeggutor|100/100\n|switch|p2a: Starmie|Starmie|100/100\n|\n|upkeep\n|turn|9\n|inactive|Serpi n_n has 270 seconds left.\n|\n|t:|1768766237\n|move|p2a: Starmie|Thunder Wave|p1a: Exeggutor\n|-status|p1a: Exeggutor|par\n|move|p1a: Exeggutor|Sleep Powder|p2a: Starmie\n|-status|p2a: Starmie|slp|[from] move: Sleep Powder\n|\n|upkeep\n|turn|10\n|rated|Smogon Premier League\n|inactive|Serpi n_n has 270 seconds left.\n|inactive|Serpi n_n has 240 seconds left.\n|inactive|Serpi n_n has 210 seconds left.\n|\n|t:|1768766309\n|switch|p1a: Tauros|Tauros|61/100\n|cant|p2a: Starmie|slp\n|\n|upkeep\n|turn|11\n|inactive|Serpi n_n has 210 seconds left.\n|\n|t:|1768766331\n|cant|p2a: Starmie|slp\n|move|p1a: Tauros|Body Slam|p2a: Starmie\n|-crit|p2a: Starmie\n|-damage|p2a: Starmie|39/100 slp\n|\n|upkeep\n|turn|12\n|\n|t:|1768766340\n|switch|p2a: Cloyster|Cloyster|77/100\n|move|p1a: Tauros|Body Slam|p2a: Cloyster\n|-damage|p2a: Cloyster|56/100\n|\n|upkeep\n|turn|13\n|inactive|Serpi n_n has 210 seconds left.\n|inactive|Serpi n_n has 180 seconds left.\n|\n|t:|1768766393\n|switch|p1a: Chansey|Chansey|100/100\n|move|p2a: Cloyster|Blizzard|p1a: Chansey\n|-damage|p1a: Chansey|83/100\n|\n|upkeep\n|turn|14\n|inactive|Serpi n_n has 150 seconds left.\n|\n|t:|1768766424\n|move|p2a: Cloyster|Clamp|p1a: Chansey|[miss]\n|-miss|p2a: Cloyster\n|move|p1a: Chansey|Thunder Wave|p2a: Cloyster\n|-status|p2a: Cloyster|par\n|\n|upkeep\n|turn|15\n|inactive|Serpi n_n has 150 seconds left.\n|\n|t:|1768766433\n|switch|p2a: Chansey|Chansey|100/100\n|move|p1a: Chansey|Thunderbolt|p2a: Chansey\n|-damage|p2a: Chansey|89/100\n|\n|upkeep\n|turn|16\n|inactive|Serpi n_n has 150 seconds left.\n|\n|t:|1768766464\n|switch|p1a: Exeggutor|Exeggutor|100/100 par\n|move|p2a: Chansey|Sing|p1a: Exeggutor\n|-fail|p1a: Exeggutor\n|\n|upkeep\n|turn|17\n|\n|t:|1768766477\n|move|p2a: Chansey|Seismic Toss|p1a: Exeggutor\n|-damage|p1a: Exeggutor|75/100 par\n|move|p1a: Exeggutor|Stun Spore|p2a: Chansey|[miss]\n|-miss|p1a: Exeggutor\n|\n|upkeep\n|turn|18\n|\n|t:|1768766492\n|switch|p2a: Jynx|Jynx|50/100\n|move|p1a: Exeggutor|Stun Spore|p2a: Jynx|[miss]\n|-miss|p1a: Exeggutor\n|\n|upkeep\n|turn|19\n|inactive|Serpi n_n has 120 seconds left.\n|\n|t:|1768766522\n|switch|p1a: Starmie|Starmie|80/100\n|move|p2a: Jynx|Lovely Kiss|p1a: Starmie\n|-status|p1a: Starmie|slp|[from] move: Lovely Kiss\n|\n|upkeep\n|turn|20\n|inactive|Serpi n_n has 120 seconds left.\n|\n|t:|1768766539\n|switch|p2a: Tauros|Tauros|100/100\n|cant|p1a: Starmie|slp\n|\n|upkeep\n|turn|21\n|\n|t:|1768766553\n|switch|p1a: Snorlax|Snorlax|100/100\n|move|p2a: Tauros|Body Slam|p1a: Snorlax\n|-damage|p1a: Snorlax|74/100\n|\n|upkeep\n|turn|22\n|\n|t:|1768766569\n|move|p2a: Tauros|Body Slam|p1a: Snorlax\n|-damage|p1a: Snorlax|51/100\n|move|p1a: Snorlax|Body Slam|p2a: Tauros\n|-damage|p2a: Tauros|72/100\n|\n|upkeep\n|turn|23\n|\n|t:|1768766578\n|switch|p2a: Rhydon|Rhydon|78/100 par\n|move|p1a: Snorlax|Body Slam|p2a: Rhydon\n|-crit|p2a: Rhydon\n|-resisted|p2a: Rhydon\n|-damage|p2a: Rhydon|55/100 par\n|\n|upkeep\n|turn|24\n|inactive|Serpi n_n has 120 seconds left.\n|\n|t:|1768766615\n|switch|p1a: Chansey|Chansey|83/100\n|switch|p2a: Cloyster|Cloyster|56/100 par\n|\n|upkeep\n|turn|25\n|inactive|Serpi n_n has 90 seconds left.\n|\n|t:|1768766653\n|switch|p2a: Chansey|Chansey|89/100\n|move|p1a: Chansey|Thunder Wave|p2a: Chansey\n|-status|p2a: Chansey|par\n|\n|upkeep\n|turn|26\n|\n|t:|1768766670\n|move|p1a: Chansey|Thunder Wave|p2a: Chansey\n|-fail|p2a: Chansey|par\n|move|p2a: Chansey|Seismic Toss|p1a: Chansey\n|-damage|p1a: Chansey|69/100\n|\n|upkeep\n|turn|27\n|\n|t:|1768766684\n|switch|p1a: Rhydon|Rhydon|100/100\n|move|p2a: Chansey|Seismic Toss|p1a: Rhydon\n|-damage|p1a: Rhydon|76/100\n|\n|upkeep\n|turn|28\n|\n|t:|1768766705\n|switch|p2a: Starmie|Starmie|39/100 slp\n|move|p1a: Rhydon|Substitute|p1a: Rhydon\n|-start|p1a: Rhydon|Substitute\n|-damage|p1a: Rhydon|51/100\n|\n|upkeep\n|turn|29\n|\n|t:|1768766708\n|-curestatus|p2a: Starmie|slp|[msg]\n|move|p1a: Rhydon|Earthquake|p2a: Starmie\n|-damage|p2a: Starmie|0 fnt\n|faint|p2a: Starmie\n|\n|t:|1768766711\n|switch|p2a: Tauros|Tauros|72/100\n|turn|30\n|\n|t:|1768766713\n|move|p2a: Tauros|Earthquake|p1a: Rhydon\n|-supereffective|p1a: Rhydon\n|-end|p1a: Rhydon|Substitute\n|move|p1a: Rhydon|Earthquake|p2a: Tauros\n|-damage|p2a: Tauros|32/100\n|\n|upkeep\n|turn|31\n|\n|t:|1768766729\n|switch|p1a: Exeggutor|Exeggutor|75/100 par\n|move|p2a: Tauros|Body Slam|p1a: Exeggutor\n|-damage|p1a: Exeggutor|47/100 par\n|\n|upkeep\n|turn|32\n|inactive|Serpi n_n has 90 seconds left.\n|inactive|Ct0wn has 270 seconds left.\n|\n|t:|1768766772\n|move|p2a: Tauros|Body Slam|p1a: Exeggutor\n|-damage|p1a: Exeggutor|18/100 par\n|move|p1a: Exeggutor|Psychic|p2a: Tauros\n|-damage|p2a: Tauros|0 fnt\n|faint|p2a: Tauros\n|\n|t:|1768766778\n|switch|p2a: Jynx|Jynx|50/100\n|turn|33\n|inactive|Ct0wn has 270 seconds left.\n|\n|t:|1768766791\n|move|p2a: Jynx|Ice Beam|p1a: Exeggutor\n|-supereffective|p1a: Exeggutor\n|-damage|p1a: Exeggutor|0 fnt\n|faint|p1a: Exeggutor\n|\n|t:|1768766793\n|switch|p1a: Tauros|Tauros|61/100\n|turn|34\n|\n|t:|1768766810\n|switch|p2a: Rhydon|Rhydon|55/100 par\n|move|p1a: Tauros|Body Slam|p2a: Rhydon\n|-resisted|p2a: Rhydon\n|-damage|p2a: Rhydon|44/100 par\n|\n|upkeep\n|turn|35\n|\n|t:|1768766828\n|move|p1a: Tauros|Earthquake|p2a: Rhydon\n|-supereffective|p2a: Rhydon\n|-damage|p2a: Rhydon|9/100 par\n|move|p2a: Rhydon|Earthquake|p1a: Tauros\n|-damage|p1a: Tauros|18/100\n|\n|upkeep\n|turn|36\n|\n|t:|1768766838\n|move|p1a: Tauros|Body Slam|p2a: Rhydon\n|-crit|p2a: Rhydon\n|-resisted|p2a: Rhydon\n|-damage|p2a: Rhydon|0 fnt\n|faint|p2a: Rhydon\n|\n|t:|1768766839\n|switch|p2a: Cloyster|Cloyster|56/100 par\n|turn|37\n|inactive|Serpi n_n has 60 seconds left.\n|inactive|Serpi n_n has 30 seconds left.\n|\n|t:|1768766901\n|switch|p1a: Chansey|Chansey|69/100\n|move|p2a: Cloyster|Rest|p2a: Cloyster\n|-status|p2a: Cloyster|slp|[from] move: Rest\n|-heal|p2a: Cloyster|100/100 slp|[silent]\n|\n|upkeep\n|turn|38\n|inactive|Serpi n_n has 30 seconds left.\n|\n|t:|1768766919\n|move|p1a: Chansey|Thunderbolt|p2a: Cloyster\n|-supereffective|p2a: Cloyster\n|-damage|p2a: Cloyster|45/100 slp\n|cant|p2a: Cloyster|slp\n|\n|upkeep\n|turn|39\n|\n|t:|1768766924\n|switch|p2a: Chansey|Chansey|89/100 par\n|move|p1a: Chansey|Thunderbolt|p2a: Chansey\n|-damage|p2a: Chansey|80/100 par\n|\n|upkeep\n|turn|40\n|\n|t:|1768766936\n|switch|p2a: Jynx|Jynx|50/100\n|move|p1a: Chansey|Soft-Boiled|p1a: Chansey\n|-heal|p1a: Chansey|100/100\n|\n|upkeep\n|turn|41\n|inactive|Serpi n_n has 30 seconds left.\n|\n|t:|1768766965\n|move|p2a: Jynx|Ice Beam|p1a: Chansey\n|-damage|p1a: Chansey|85/100\n|move|p1a: Chansey|Thunder Wave|p2a: Jynx\n|-status|p2a: Jynx|par\n|\n|upkeep\n|turn|42\n|inactive|Serpi n_n has 30 seconds left.\n|inactive|Serpi n_n has 20 seconds left.\n|\n|t:|1768766983\n|move|p1a: Chansey|Thunderbolt|p2a: Jynx\n|-damage|p2a: Jynx|25/100 par\n|cant|p2a: Jynx|par\n|\n|upkeep\n|turn|43\n|inactive|Serpi n_n has 30 seconds left this turn.\n|\n|t:|1768766991\n|move|p1a: Chansey|Thunderbolt|p2a: Jynx\n|-damage|p2a: Jynx|3/100 par\n|move|p2a: Jynx|Ice Beam|p1a: Chansey\n|-damage|p1a: Chansey|70/100\n|\n|upkeep\n|turn|44\n|\n|t:|1768766996\n|move|p1a: Chansey|Thunderbolt|p2a: Jynx\n|-damage|p2a: Jynx|0 fnt\n|faint|p2a: Jynx\n|\n|t:|1768766997\n|switch|p2a: Chansey|Chansey|80/100 par\n|turn|45\n|\n|t:|1768767006\n|move|p1a: Chansey|Thunderbolt|p2a: Chansey\n|-damage|p2a: Chansey|69/100 par\n|move|p2a: Chansey|Seismic Toss|p1a: Chansey\n|-damage|p1a: Chansey|56/100\n|\n|upkeep\n|turn|46\n|\n|t:|1768767019\n|move|p1a: Chansey|Thunderbolt|p2a: Chansey\n|-damage|p2a: Chansey|59/100 par\n|cant|p2a: Chansey|par\n|\n|upkeep\n|turn|47\n|\n|t:|1768767026\n|switch|p1a: Rhydon|Rhydon|51/100\n|switch|p2a: Cloyster|Cloyster|45/100 slp\n|\n|upkeep\n|turn|48\n|\n|t:|1768767049\n|-curestatus|p2a: Cloyster|slp|[msg]\n|move|p1a: Rhydon|Earthquake|p2a: Cloyster\n|-damage|p2a: Cloyster|13/100\n|\n|upkeep\n|turn|49\n|\n|t:|1768767077\n|move|p2a: Cloyster|Blizzard|p1a: Rhydon\n|-crit|p1a: Rhydon\n|-supereffective|p1a: Rhydon\n|-damage|p1a: Rhydon|0 fnt\n|faint|p1a: Rhydon\n|\n|t:|1768767080\n|switch|p1a: Tauros|Tauros|18/100\n|turn|50\n|\n|t:|1768767085\n|move|p1a: Tauros|Body Slam|p2a: Cloyster\n|-crit|p2a: Cloyster\n|-damage|p2a: Cloyster|0 fnt\n|faint|p2a: Cloyster\n|\n|t:|1768767087\n|switch|p2a: Chansey|Chansey|59/100 par\n|turn|51\n|\n|t:|1768767093\n|move|p1a: Tauros|Hyper Beam|p2a: Chansey\n|-damage|p2a: Chansey|0 fnt\n|faint|p2a: Chansey\n|\n|win|Serpi n_n\n|c|☆Ct0wn|Gg\n|c|☆Serpi n_n|gg\n|player|p1|\n|player|p1|Serpi n_n|#splxviibigs2|\n|player|p1|\n|player|p2|\n","uploadtime":1768767093,"views":"1372","formatid":"gen1ou","rating":null,"private":0,"password":null}