{"id":"smogtours-gen1ou-960591","format":"[Gen 1] OU","players":["shiloh","1000papercranes"],"log":"|inactive|Battle timer is ON: inactive players will automatically lose when time's up.\n|t:|1785540296\n|gametype|singles\n|player|p1|shiloh|#bwpliicrustlepalace|\n|player|p2|1000papercranes|psychic-gen1rb|\n|gen|1\n|tier|[Gen 1] OU\n|rule|Desync Clause Mod: Desyncs resolve to link battle behavior from the acting player's perspective.\n|rule|HP Percentage Mod: HP is shown in percentages\n|rule|Endless Battle Clause: Forcing endless battles is banned\n|rule|Sleep Clause Mod: Limit one foe put to sleep\n|rule|Freeze Clause Mod: Limit one foe frozen\n|rule|Species Clause: Limit one of each Pokémon\n|rule|OHKO Clause: OHKO moves are banned\n|rule|Evasion Moves Clause: Evasion moves are banned\n|\n|t:|1785540296\n|teamsize|p1|6\n|teamsize|p2|6\n|start\n|switch|p1a: Jynx|Jynx|100/100\n|switch|p2a: Jynx|Jynx|100/100\n|turn|1\n|inactive|shiloh also wants the timer to be on.\n|c|☆1000papercranes|Gl Hf\n|\n|t:|1785540303\n|move|p2a: Jynx|Lovely Kiss|p1a: Jynx\n|-status|p1a: Jynx|slp|[from] move: Lovely Kiss\n|cant|p1a: Jynx|slp\n|\n|upkeep\n|turn|2\n|\n|t:|1785540306\n|move|p2a: Jynx|Body Slam|p1a: Jynx\n|-damage|p1a: Jynx|77/100 slp\n|cant|p1a: Jynx|slp\n|\n|upkeep\n|turn|3\n|\n|t:|1785540326\n|cant|p1a: Jynx|slp\n|move|p2a: Jynx|Body Slam|p1a: Jynx\n|-crit|p1a: Jynx\n|-damage|p1a: Jynx|29/100 slp\n|\n|upkeep\n|turn|4\n|\n|t:|1785540330\n|cant|p1a: Jynx|slp\n|move|p2a: Jynx|Blizzard|p1a: Jynx\n|-crit|p1a: Jynx\n|-resisted|p1a: Jynx\n|-damage|p1a: Jynx|0 fnt\n|faint|p1a: Jynx\n|\n|t:|1785540336\n|switch|p1a: Tauros|Tauros|100/100\n|turn|5\n|\n|t:|1785540342\n|move|p1a: Tauros|Body Slam|p2a: Jynx\n|-damage|p2a: Jynx|48/100\n|move|p2a: Jynx|Lovely Kiss|p1a: Tauros|[miss]\n|-miss|p2a: Jynx\n|\n|upkeep\n|turn|6\n|\n|t:|1785540349\n|switch|p2a: Snorlax|Snorlax|100/100\n|move|p1a: Tauros|Body Slam|p2a: Snorlax\n|-damage|p2a: Snorlax|75/100\n|\n|upkeep\n|turn|7\n|\n|t:|1785540351\n|move|p1a: Tauros|Blizzard|p2a: Snorlax\n|-damage|p2a: Snorlax|55/100\n|move|p2a: Snorlax|Body Slam|p1a: Tauros\n|-damage|p1a: Tauros|67/100\n|\n|upkeep\n|turn|8\n|\n|t:|1785540354\n|switch|p1a: Cloyster|Cloyster|100/100\n|move|p2a: Snorlax|Body Slam|p1a: Cloyster\n|-damage|p1a: Cloyster|77/100\n|\n|upkeep\n|turn|9\n|\n|t:|1785540356\n|switch|p2a: Jynx|Jynx|48/100\n|move|p1a: Cloyster|Clamp|p2a: Jynx\n|-damage|p2a: Jynx|35/100\n|\n|upkeep\n|turn|10\n|\n|t:|1785540359\n|switch|p2a: Starmie|Starmie|100/100\n|switch|p1a: Tauros|Tauros|67/100\n|\n|upkeep\n|turn|11\n|\n|t:|1785540364\n|switch|p2a: Jynx|Jynx|35/100\n|move|p1a: Tauros|Body Slam|p2a: Jynx\n|-damage|p2a: Jynx|0 fnt\n|faint|p2a: Jynx\n|\n|t:|1785540369\n|switch|p2a: Snorlax|Snorlax|55/100\n|turn|12\n|\n|t:|1785540372\n|switch|p1a: Cloyster|Cloyster|77/100\n|move|p2a: Snorlax|Body Slam|p1a: Cloyster\n|-damage|p1a: Cloyster|56/100\n|-status|p1a: Cloyster|par\n|\n|upkeep\n|turn|13\n|\n|t:|1785540375\n|switch|p2a: Starmie|Starmie|100/100\n|move|p1a: Cloyster|Rest|p1a: Cloyster\n|-status|p1a: Cloyster|slp|[from] move: Rest\n|-heal|p1a: Cloyster|100/100 slp|[silent]\n|\n|upkeep\n|turn|14\n|\n|t:|1785540378\n|switch|p1a: Chansey|Chansey|100/100\n|move|p2a: Starmie|Thunderbolt|p1a: Chansey\n|-damage|p1a: Chansey|91/100\n|-status|p1a: Chansey|par\n|\n|upkeep\n|turn|15\n|\n|t:|1785540380\n|switch|p2a: Snorlax|Snorlax|55/100\n|cant|p1a: Chansey|par\n|\n|upkeep\n|turn|16\n|\n|t:|1785540383\n|switch|p1a: Cloyster|Cloyster|100/100 slp\n|move|p2a: Snorlax|Earthquake|p1a: Cloyster\n|-damage|p1a: Cloyster|81/100 slp\n|\n|upkeep\n|turn|17\n|\n|t:|1785540384\n|cant|p1a: Cloyster|slp\n|move|p2a: Snorlax|Body Slam|p1a: Cloyster\n|-damage|p1a: Cloyster|59/100 slp\n|\n|upkeep\n|turn|18\n|\n|t:|1785540387\n|-curestatus|p1a: Cloyster|slp|[msg]\n|move|p2a: Snorlax|Body Slam|p1a: Cloyster\n|-damage|p1a: Cloyster|35/100\n|\n|upkeep\n|turn|19\n|\n|t:|1785540393\n|switch|p2a: Starmie|Starmie|100/100\n|move|p1a: Cloyster|Rest|p1a: Cloyster\n|-status|p1a: Cloyster|slp|[from] move: Rest\n|-heal|p1a: Cloyster|100/100 slp|[silent]\n|\n|upkeep\n|turn|20\n|\n|t:|1785540396\n|switch|p2a: Snorlax|Snorlax|55/100\n|switch|p1a: Chansey|Chansey|91/100 par\n|\n|upkeep\n|turn|21\n|\n|t:|1785540398\n|switch|p1a: Cloyster|Cloyster|100/100 slp\n|move|p2a: Snorlax|Body Slam|p1a: Cloyster\n|-damage|p1a: Cloyster|78/100 slp\n|\n|upkeep\n|turn|22\n|\n|t:|1785540400\n|cant|p1a: Cloyster|slp\n|move|p2a: Snorlax|Body Slam|p1a: Cloyster\n|-damage|p1a: Cloyster|57/100 slp\n|\n|upkeep\n|turn|23\n|\n|t:|1785540401\n|-curestatus|p1a: Cloyster|slp|[msg]\n|move|p2a: Snorlax|Body Slam|p1a: Cloyster\n|-crit|p1a: Cloyster\n|-damage|p1a: Cloyster|12/100\n|\n|upkeep\n|turn|24\n|\n|t:|1785540405\n|switch|p2a: Starmie|Starmie|100/100\n|move|p1a: Cloyster|Rest|p1a: Cloyster\n|-status|p1a: Cloyster|slp|[from] move: Rest\n|-heal|p1a: Cloyster|100/100 slp|[silent]\n|\n|upkeep\n|turn|25\n|\n|t:|1785540407\n|switch|p2a: Snorlax|Snorlax|55/100\n|switch|p1a: Chansey|Chansey|91/100 par\n|\n|upkeep\n|turn|26\n|\n|t:|1785540408\n|switch|p1a: Cloyster|Cloyster|100/100 slp\n|move|p2a: Snorlax|Body Slam|p1a: Cloyster\n|-damage|p1a: Cloyster|76/100 slp\n|\n|upkeep\n|turn|27\n|\n|t:|1785540410\n|cant|p1a: Cloyster|slp\n|move|p2a: Snorlax|Body Slam|p1a: Cloyster\n|-damage|p1a: Cloyster|55/100 slp\n|\n|upkeep\n|turn|28\n|\n|t:|1785540411\n|-curestatus|p1a: Cloyster|slp|[msg]\n|move|p2a: Snorlax|Body Slam|p1a: Cloyster\n|-damage|p1a: Cloyster|33/100\n|\n|upkeep\n|turn|29\n|\n|t:|1785540417\n|move|p1a: Cloyster|Rest|p1a: Cloyster\n|-status|p1a: Cloyster|slp|[from] move: Rest\n|-heal|p1a: Cloyster|100/100 slp|[silent]\n|move|p2a: Snorlax|Body Slam|p1a: Cloyster\n|-damage|p1a: Cloyster|77/100 slp\n|\n|upkeep\n|turn|30\n|\n|t:|1785540419\n|cant|p1a: Cloyster|slp\n|move|p2a: Snorlax|Body Slam|p1a: Cloyster\n|-damage|p1a: Cloyster|53/100 slp\n|\n|upkeep\n|turn|31\n|\n|t:|1785540421\n|-curestatus|p1a: Cloyster|slp|[msg]\n|move|p2a: Snorlax|Body Slam|p1a: Cloyster\n|-damage|p1a: Cloyster|30/100\n|-status|p1a: Cloyster|par\n|\n|upkeep\n|turn|32\n|\n|t:|1785540424\n|move|p2a: Snorlax|Hyper Beam|p1a: Cloyster\n|-damage|p1a: Cloyster|0 fnt\n|faint|p1a: Cloyster\n|\n|t:|1785540426\n|switch|p1a: Snorlax|Snorlax|100/100\n|turn|33\n|\n|t:|1785540435\n|move|p1a: Snorlax|Reflect|p1a: Snorlax\n|-start|p1a: Snorlax|Reflect\n|move|p2a: Snorlax|Body Slam|p1a: Snorlax\n|-damage|p1a: Snorlax|87/100\n|\n|upkeep\n|turn|34\n|\n|t:|1785540439\n|switch|p2a: Exeggutor|Exeggutor|100/100\n|move|p1a: Snorlax|Body Slam|p2a: Exeggutor\n|-damage|p2a: Exeggutor|69/100\n|\n|upkeep\n|turn|35\n|\n|t:|1785540442\n|switch|p1a: Chansey|Chansey|91/100 par\n|move|p2a: Exeggutor|Psychic|p1a: Chansey\n|-damage|p1a: Chansey|74/100 par\n|-unboost|p1a: Chansey|spa|1\n|-unboost|p1a: Chansey|spd|1\n|\n|upkeep\n|turn|36\n|\n|t:|1785540444\n|switch|p2a: Snorlax|Snorlax|55/100\n|move|p1a: Chansey|Thunder Wave|p2a: Snorlax\n|-status|p2a: Snorlax|par\n|\n|upkeep\n|turn|37\n|\n|t:|1785540446\n|switch|p1a: Snorlax|Snorlax|87/100\n|cant|p2a: Snorlax|par\n|\n|upkeep\n|turn|38\n|\n|t:|1785540451\n|move|p1a: Snorlax|Body Slam|p2a: Snorlax\n|-damage|p2a: Snorlax|27/100 par\n|move|p2a: Snorlax|Body Slam|p1a: Snorlax\n|-damage|p1a: Snorlax|63/100\n|\n|upkeep\n|turn|39\n|\n|t:|1785540455\n|move|p1a: Snorlax|Body Slam|p2a: Snorlax\n|-damage|p2a: Snorlax|0 fnt\n|faint|p2a: Snorlax\n|\n|t:|1785540457\n|switch|p2a: Exeggutor|Exeggutor|69/100\n|turn|40\n|\n|t:|1785540463\n|switch|p2a: Tauros|Tauros|100/100\n|switch|p1a: Chansey|Chansey|74/100 par\n|\n|upkeep\n|turn|41\n|\n|t:|1785540467\n|move|p2a: Tauros|Body Slam|p1a: Chansey\n|-crit|p1a: Chansey\n|-damage|p1a: Chansey|1/100 par\n|cant|p1a: Chansey|par\n|\n|upkeep\n|turn|42\n|\n|t:|1785540472\n|move|p2a: Tauros|Body Slam|p1a: Chansey\n|-damage|p1a: Chansey|0 fnt\n|faint|p1a: Chansey\n|\n|t:|1785540481\n|switch|p1a: Tauros|Tauros|67/100\n|turn|43\n|\n|t:|1785540483\n|move|p2a: Tauros|Body Slam|p1a: Tauros\n|-damage|p1a: Tauros|39/100\n|move|p1a: Tauros|Body Slam|p2a: Tauros\n|-crit|p2a: Tauros\n|-damage|p2a: Tauros|46/100\n|\n|upkeep\n|turn|44\n|\n|t:|1785540487\n|switch|p2a: Exeggutor|Exeggutor|69/100\n|move|p1a: Tauros|Body Slam|p2a: Exeggutor\n|-damage|p2a: Exeggutor|40/100\n|\n|upkeep\n|turn|45\n|\n|t:|1785540494\n|switch|p2a: Starmie|Starmie|100/100\n|move|p1a: Tauros|Hyper Beam|p2a: Starmie|[miss]\n|-miss|p1a: Tauros\n|\n|upkeep\n|turn|46\n|\n|t:|1785540497\n|switch|p1a: Alakazam|Alakazam|100/100\n|move|p2a: Starmie|Blizzard|p1a: Alakazam\n|-crit|p1a: Alakazam\n|-damage|p1a: Alakazam|53/100\n|\n|upkeep\n|turn|47\n|\n|t:|1785540501\n|switch|p2a: Exeggutor|Exeggutor|40/100\n|move|p1a: Alakazam|Recover|p1a: Alakazam\n|-heal|p1a: Alakazam|100/100\n|\n|upkeep\n|turn|48\n|\n|t:|1785540507\n|switch|p1a: Snorlax|Snorlax|63/100\n|move|p2a: Exeggutor|Explosion|p1a: Snorlax\n|-damage|p1a: Snorlax|3/100\n|faint|p2a: Exeggutor\n|\n|t:|1785540514\n|switch|p2a: Tauros|Tauros|46/100\n|turn|49\n|\n|t:|1785540516\n|move|p2a: Tauros|Body Slam|p1a: Snorlax\n|-damage|p1a: Snorlax|0 fnt\n|faint|p1a: Snorlax\n|\n|t:|1785540527\n|switch|p1a: Alakazam|Alakazam|100/100\n|turn|50\n|\n|t:|1785540530\n|switch|p2a: Starmie|Starmie|100/100\n|move|p1a: Alakazam|Psychic|p2a: Starmie\n|-resisted|p2a: Starmie\n|-damage|p2a: Starmie|80/100\n|-unboost|p2a: Starmie|spa|1\n|-unboost|p2a: Starmie|spd|1\n|\n|upkeep\n|turn|51\n|\n|t:|1785540532\n|move|p1a: Alakazam|Thunder Wave|p2a: Starmie\n|-status|p2a: Starmie|par\n|cant|p2a: Starmie|par\n|\n|upkeep\n|turn|52\n|\n|t:|1785540542\n|move|p1a: Alakazam|Psychic|p2a: Starmie\n|-crit|p2a: Starmie\n|-resisted|p2a: Starmie\n|-damage|p2a: Starmie|38/100 par\n|cant|p2a: Starmie|par\n|\n|upkeep\n|turn|53\n|\n|t:|1785540548\n|move|p1a: Alakazam|Psychic|p2a: Starmie\n|-resisted|p2a: Starmie\n|-damage|p2a: Starmie|8/100 par\n|cant|p2a: Starmie|par\n|\n|upkeep\n|turn|54\n|\n|t:|1785540552\n|move|p1a: Alakazam|Psychic|p2a: Starmie\n|-resisted|p2a: Starmie\n|-damage|p2a: Starmie|0 fnt\n|faint|p2a: Starmie\n|\n|t:|1785540553\n|switch|p2a: Zapdos|Zapdos|100/100\n|turn|55\n|\n|t:|1785540556\n|move|p1a: Alakazam|Thunder Wave|p2a: Zapdos\n|-status|p2a: Zapdos|par\n|move|p2a: Zapdos|Thunder Wave|p1a: Alakazam\n|-status|p1a: Alakazam|par\n|\n|upkeep\n|turn|56\n|\n|t:|1785540560\n|move|p1a: Alakazam|Psychic|p2a: Zapdos\n|-damage|p2a: Zapdos|72/100 par\n|move|p2a: Zapdos|Agility|p2a: Zapdos\n|-boost|p2a: Zapdos|spe|2\n|\n|upkeep\n|turn|57\n|\n|t:|1785540562\n|move|p2a: Zapdos|Drill Peck|p1a: Alakazam\n|-crit|p1a: Alakazam\n|-damage|p1a: Alakazam|9/100 par\n|cant|p1a: Alakazam|par\n|\n|upkeep\n|turn|58\n|\n|t:|1785540565\n|move|p2a: Zapdos|Drill Peck|p1a: Alakazam\n|-damage|p1a: Alakazam|0 fnt\n|faint|p1a: Alakazam\n|\n|t:|1785540566\n|switch|p1a: Tauros|Tauros|39/100\n|turn|59\n|\n|t:|1785540574\n|move|p2a: Zapdos|Thunderbolt|p1a: Tauros\n|-crit|p1a: Tauros\n|-damage|p1a: Tauros|0 fnt\n|faint|p1a: Tauros\n|\n|win|1000papercranes\n|c|☆shiloh|gg\n|c|☆1000papercranes|gg\n|player|p1|\n|player|p2|\n","uploadtime":1785540574,"views":"55","formatid":"gen1ou","rating":null,"private":0,"password":null}