{"id":"smogtours-gen1ou-909037","format":"[Gen 1] OU","players":["BeeOrSomething","Laroxyl"],"log":"|inactive|Battle timer is ON: inactive players will automatically lose when time's up.\n|t:|1771111879\n|gametype|singles\n|player|p1|BeeOrSomething|#beeorsomething|\n|player|p2|Laroxyl|#splxviitigers2|\n|gen|1\n|tier|[Gen 1] OU\n|rule|Desync Clause Mod: Desyncs changed to move failure.\n|rule|Sleep Clause Mod: Limit one foe put to sleep\n|rule|Freeze Clause Mod: Limit one foe frozen\n|rule|Species Clause: Limit one of each Pokémon\n|rule|OHKO Clause: OHKO moves are banned\n|rule|Evasion Moves Clause: Evasion moves are banned\n|rule|Endless Battle Clause: Forcing endless battles is banned\n|rule|HP Percentage Mod: HP is shown in percentages\n|\n|t:|1771111879\n|teamsize|p1|6\n|teamsize|p2|6\n|start\n|switch|p1a: :spit:|Jynx|100/100\n|switch|p2a: Starmie|Starmie|100/100\n|turn|1\n|rated|Smogon Premier League\n|c|☆BeeOrSomething|glhf\n|c|☆Laroxyl|u2\n|\n|t:|1771111905\n|move|p2a: Starmie|Thunder Wave|p1a: :spit:\n|-status|p1a: :spit:|par\n|move|p1a: :spit:|Lovely Kiss|p2a: Starmie\n|-status|p2a: Starmie|slp|[from] move: Lovely Kiss\n|\n|upkeep\n|turn|2\n|\n|t:|1771111912\n|-curestatus|p2a: Starmie|slp|[msg]\n|move|p1a: :spit:|Blizzard|p2a: Starmie\n|-resisted|p2a: Starmie\n|-damage|p2a: Starmie|79/100\n|\n|upkeep\n|turn|3\n|\n|t:|1771111917\n|move|p2a: Starmie|Thunderbolt|p1a: :spit:\n|-damage|p1a: :spit:|77/100 par\n|move|p1a: :spit:|Lovely Kiss|p2a: Starmie\n|-status|p2a: Starmie|slp|[from] move: Lovely Kiss\n|\n|upkeep\n|turn|4\n|\n|t:|1771111934\n|switch|p2a: Chansey|Chansey|100/100\n|switch|p1a: :stare:|Tauros|100/100\n|\n|upkeep\n|turn|5\n|\n|t:|1771111948\n|switch|p1a: :spit:|Jynx|77/100 par\n|move|p2a: Chansey|Thunderbolt|p1a: :spit:\n|-damage|p1a: :spit:|55/100 par\n|\n|upkeep\n|turn|6\n|\n|t:|1771111953\n|switch|p1a: :wigglyslap:|Chansey|100/100\n|move|p2a: Chansey|Thunderbolt|p1a: :wigglyslap:\n|-damage|p1a: :wigglyslap:|90/100\n|\n|upkeep\n|turn|7\n|\n|t:|1771111967\n|move|p2a: Chansey|Ice Beam|p1a: :wigglyslap:\n|-damage|p1a: :wigglyslap:|78/100\n|move|p1a: :wigglyslap:|Ice Beam|p2a: Chansey\n|-damage|p2a: Chansey|90/100\n|\n|upkeep\n|turn|8\n|\n|t:|1771111979\n|move|p1a: :wigglyslap:|Ice Beam|p2a: Chansey\n|-damage|p2a: Chansey|79/100\n|move|p2a: Chansey|Ice Beam|p1a: :wigglyslap:\n|-damage|p1a: :wigglyslap:|68/100\n|\n|upkeep\n|turn|9\n|\n|t:|1771111986\n|move|p2a: Chansey|Ice Beam|p1a: :wigglyslap:\n|-damage|p1a: :wigglyslap:|57/100\n|move|p1a: :wigglyslap:|Ice Beam|p2a: Chansey\n|-damage|p2a: Chansey|69/100\n|-status|p2a: Chansey|frz\n|\n|upkeep\n|turn|10\n|\n|t:|1771112004\n|switch|p2a: Starmie|Starmie|79/100 slp\n|move|p1a: :wigglyslap:|Thunder Wave|p2a: Starmie\n|-fail|p2a: Starmie\n|\n|upkeep\n|turn|11\n|\n|t:|1771112018\n|cant|p2a: Starmie|slp\n|move|p1a: :wigglyslap:|Thunder Wave|p2a: Starmie\n|-fail|p2a: Starmie\n|\n|upkeep\n|turn|12\n|\n|t:|1771112021\n|switch|p2a: Exeggutor|Exeggutor|100/100\n|move|p1a: :wigglyslap:|Thunder Wave|p2a: Exeggutor\n|-status|p2a: Exeggutor|par\n|\n|upkeep\n|turn|13\n|\n|t:|1771112035\n|switch|p2a: Tauros|Tauros|100/100\n|move|p1a: :wigglyslap:|Ice Beam|p2a: Tauros\n|-damage|p2a: Tauros|73/100\n|\n|upkeep\n|turn|14\n|\n|t:|1771112042\n|switch|p1a: :strap:|Snorlax|100/100\n|move|p2a: Tauros|Body Slam|p1a: :strap:\n|-damage|p1a: :strap:|78/100\n|\n|upkeep\n|turn|15\n|inactive|Laroxyl has 270 seconds left.\n|\n|t:|1771112074\n|switch|p2a: Snorlax|Snorlax|100/100\n|move|p1a: :strap:|Body Slam|p2a: Snorlax\n|-damage|p2a: Snorlax|74/100\n|\n|upkeep\n|turn|16\n|\n|t:|1771112081\n|move|p2a: Snorlax|Reflect|p2a: Snorlax\n|-start|p2a: Snorlax|Reflect\n|move|p1a: :strap:|Reflect|p1a: :strap:\n|-start|p1a: :strap:|Reflect\n|\n|upkeep\n|turn|17\n|\n|t:|1771112086\n|move|p2a: Snorlax|Body Slam|p1a: :strap:\n|-damage|p1a: :strap:|63/100\n|move|p1a: :strap:|Body Slam|p2a: Snorlax\n|-damage|p2a: Snorlax|60/100\n|\n|upkeep\n|turn|18\n|\n|t:|1771112090\n|move|p1a: :strap:|Body Slam|p2a: Snorlax\n|-damage|p2a: Snorlax|47/100\n|move|p2a: Snorlax|Body Slam|p1a: :strap:\n|-damage|p1a: :strap:|50/100\n|\n|upkeep\n|turn|19\n|\n|t:|1771112094\n|move|p1a: :strap:|Rest|p1a: :strap:\n|-status|p1a: :strap:|slp|[from] move: Rest\n|-heal|p1a: :strap:|100/100 slp|[silent]\n|move|p2a: Snorlax|Rest|p2a: Snorlax\n|-status|p2a: Snorlax|slp|[from] move: Rest\n|-heal|p2a: Snorlax|100/100 slp|[silent]\n|\n|upkeep\n|turn|20\n|\n|t:|1771112102\n|cant|p2a: Snorlax|slp\n|cant|p1a: :strap:|slp\n|\n|upkeep\n|turn|21\n|\n|t:|1771112106\n|-curestatus|p2a: Snorlax|slp|[msg]\n|-curestatus|p1a: :strap:|slp|[msg]\n|\n|upkeep\n|turn|22\n|\n|t:|1771112112\n|move|p1a: :strap:|Body Slam|p2a: Snorlax\n|-damage|p2a: Snorlax|86/100\n|move|p2a: Snorlax|Body Slam|p1a: :strap:\n|-damage|p1a: :strap:|86/100\n|\n|upkeep\n|turn|23\n|\n|t:|1771112116\n|move|p1a: :strap:|Body Slam|p2a: Snorlax\n|-damage|p2a: Snorlax|73/100\n|move|p2a: Snorlax|Body Slam|p1a: :strap:\n|-damage|p1a: :strap:|74/100\n|\n|upkeep\n|turn|24\n|\n|t:|1771112119\n|move|p2a: Snorlax|Body Slam|p1a: :strap:\n|-damage|p1a: :strap:|61/100\n|move|p1a: :strap:|Body Slam|p2a: Snorlax\n|-damage|p2a: Snorlax|59/100\n|\n|upkeep\n|turn|25\n|\n|t:|1771112126\n|move|p1a: :strap:|Body Slam|p2a: Snorlax\n|-damage|p2a: Snorlax|47/100\n|move|p2a: Snorlax|Body Slam|p1a: :strap:\n|-damage|p1a: :strap:|48/100\n|\n|upkeep\n|turn|26\n|inactive|BeeOrSomething has 270 seconds left.\n|inactive|Laroxyl has 270 seconds left.\n|inactive|BeeOrSomething has 240 seconds left.\n|\n|t:|1771112189\n|move|p1a: :strap:|Self-Destruct|p2a: Snorlax\n|-damage|p2a: Snorlax|7/100\n|faint|p1a: :strap:\n|\n|t:|1771112191\n|switch|p1a: :stare:|Tauros|100/100\n|turn|27\n|\n|t:|1771112214\n|switch|p2a: Chansey|Chansey|69/100 frz\n|move|p1a: :stare:|Body Slam|p2a: Chansey\n|-crit|p2a: Chansey\n|-damage|p2a: Chansey|0 fnt\n|faint|p2a: Chansey\n|inactive|Laroxyl has 240 seconds left.\n|inactive|Laroxyl has 210 seconds left.\n|\n|t:|1771112278\n|switch|p2a: Exeggutor|Exeggutor|100/100 par\n|turn|28\n|inactive|Laroxyl has 180 seconds left.\n|\n|t:|1771112309\n|switch|p1a: :pepedumb:|Exeggutor|100/100\n|switch|p2a: Tauros|Tauros|73/100\n|\n|upkeep\n|turn|29\n|inactive|Laroxyl has 180 seconds left.\n|inactive|BeeOrSomething has 240 seconds left.\n|inactive|Laroxyl has 150 seconds left.\n|\n|t:|1771112371\n|switch|p2a: Exeggutor|Exeggutor|100/100 par\n|move|p1a: :pepedumb:|Psychic|p2a: Exeggutor\n|-resisted|p2a: Exeggutor\n|-damage|p2a: Exeggutor|88/100 par\n|-unboost|p2a: Exeggutor|spa|1\n|-unboost|p2a: Exeggutor|spd|1\n|\n|upkeep\n|turn|30\n|inactive|Laroxyl has 120 seconds left.\n|inactive|BeeOrSomething has 210 seconds left.\n|\n|t:|1771112397\n|switch|p2a: Starmie|Starmie|79/100 slp\n|move|p1a: :pepedumb:|Psychic|p2a: Starmie\n|-resisted|p2a: Starmie\n|-damage|p2a: Starmie|59/100 slp\n|-unboost|p2a: Starmie|spa|1\n|-unboost|p2a: Starmie|spd|1\n|\n|upkeep\n|turn|31\n|inactive|Laroxyl has 120 seconds left.\n|\n|t:|1771112422\n|switch|p2a: Exeggutor|Exeggutor|88/100 par\n|move|p1a: :pepedumb:|Psychic|p2a: Exeggutor\n|-resisted|p2a: Exeggutor\n|-damage|p2a: Exeggutor|73/100 par\n|\n|upkeep\n|turn|32\n|inactive|BeeOrSomething has 210 seconds left.\n|inactive|Laroxyl has 90 seconds left.\n|inactive|BeeOrSomething has 180 seconds left.\n|\n|t:|1771112473\n|move|p1a: :pepedumb:|Psychic|p2a: Exeggutor\n|-resisted|p2a: Exeggutor\n|-damage|p2a: Exeggutor|61/100 par\n|-unboost|p2a: Exeggutor|spa|1\n|-unboost|p2a: Exeggutor|spd|1\n|move|p2a: Exeggutor|Sleep Powder|p1a: :pepedumb:\n|-status|p1a: :pepedumb:|slp|[from] move: Sleep Powder\n|\n|upkeep\n|turn|33\n|inactive|BeeOrSomething has 180 seconds left.\n|inactive|Laroxyl has 60 seconds left.\n|\n|t:|1771112496\n|switch|p1a: :trollaware:|Starmie|100/100\n|switch|p2a: Tauros|Tauros|73/100\n|\n|upkeep\n|turn|34\n|inactive|BeeOrSomething has 180 seconds left.\n|inactive|Laroxyl has 60 seconds left.\n|inactive|BeeOrSomething has 150 seconds left.\n|\n|t:|1771112540\n|switch|p2a: Starmie|Starmie|59/100 slp\n|move|p1a: :trollaware:|Surf|p2a: Starmie\n|-crit|p2a: Starmie\n|-resisted|p2a: Starmie\n|-damage|p2a: Starmie|24/100 slp\n|\n|upkeep\n|turn|35\n|inactive|BeeOrSomething has 150 seconds left.\n|\n|t:|1771112578\n|switch|p2a: Exeggutor|Exeggutor|61/100 par\n|move|p1a: :trollaware:|Thunderbolt|p2a: Exeggutor\n|-resisted|p2a: Exeggutor\n|-damage|p2a: Exeggutor|52/100 par\n|\n|upkeep\n|turn|36\n|inactive|BeeOrSomething has 120 seconds left.\n|inactive|Laroxyl has 30 seconds left.\n|\n|t:|1771112600\n|switch|p1a: :stare:|Tauros|100/100\n|move|p2a: Exeggutor|Psychic|p1a: :stare:\n|-damage|p1a: :stare:|56/100\n|-unboost|p1a: :stare:|spa|1\n|-unboost|p1a: :stare:|spd|1\n|\n|upkeep\n|turn|37\n|inactive|BeeOrSomething has 120 seconds left.\n|inactive|Laroxyl has 30 seconds left.\n|inactive|Laroxyl has 20 seconds left.\n|inactive|Laroxyl has 15 seconds left.\n|\n|t:|1771112629\n|switch|p1a: :wigglyslap:|Chansey|57/100\n|switch|p2a: Rhydon|Rhydon|100/100\n|\n|upkeep\n|turn|38\n|inactive|Laroxyl has 25 seconds left this turn.\n|inactive|Laroxyl has 20 seconds left.\n|inactive|Laroxyl has 15 seconds left.\n|inactive|Laroxyl has 10 seconds left.\n|\n|t:|1771112646\n|move|p1a: :wigglyslap:|Ice Beam|p2a: Rhydon\n|-supereffective|p2a: Rhydon\n|-damage|p2a: Rhydon|43/100\n|move|p2a: Rhydon|Earthquake|p1a: :wigglyslap:\n|-damage|p1a: :wigglyslap:|2/100\n|\n|upkeep\n|turn|39\n|inactive|Laroxyl has 20 seconds left this turn.\n|inactive|Laroxyl has 15 seconds left.\n|inactive|Laroxyl has 10 seconds left.\n|\n|t:|1771112665\n|switch|p2a: Snorlax|Snorlax|7/100\n|move|p1a: :wigglyslap:|Ice Beam|p2a: Snorlax\n|-damage|p2a: Snorlax|0 fnt\n|faint|p2a: Snorlax\n|inactive|Laroxyl has 15 seconds left this turn.\n|\n|t:|1771112668\n|switch|p2a: Tauros|Tauros|73/100\n|turn|40\n|inactive|Laroxyl has 25 seconds left this turn.\n|inactive|Laroxyl has 20 seconds left.\n|\n|t:|1771112676\n|move|p2a: Tauros|Body Slam|p1a: :wigglyslap:\n|-damage|p1a: :wigglyslap:|0 fnt\n|faint|p1a: :wigglyslap:\n|\n|t:|1771112677\n|switch|p1a: :trollaware:|Starmie|100/100\n|turn|41\n|inactive|Laroxyl has 30 seconds left.\n|inactive|Laroxyl has 20 seconds left.\n|\n|t:|1771112694\n|switch|p2a: Exeggutor|Exeggutor|52/100 par\n|move|p1a: :trollaware:|Surf|p2a: Exeggutor\n|-resisted|p2a: Exeggutor\n|-damage|p2a: Exeggutor|41/100 par\n|\n|upkeep\n|turn|42\n|inactive|Laroxyl has 30 seconds left this turn.\n|inactive|Laroxyl has 20 seconds left.\n|inactive|BeeOrSomething has 120 seconds left.\n|inactive|Laroxyl has 15 seconds left.\n|inactive|Laroxyl has 10 seconds left.\n|\n|t:|1771112715\n|switch|p1a: :pepedumb:|Exeggutor|100/100 slp\n|move|p2a: Exeggutor|Psychic|p1a: :pepedumb:\n|-resisted|p1a: :pepedumb:\n|-damage|p1a: :pepedumb:|88/100 slp\n|\n|upkeep\n|turn|43\n|inactive|Laroxyl has 20 seconds left this turn.\n|inactive|Laroxyl has 15 seconds left.\n|inactive|BeeOrSomething has 120 seconds left.\n|inactive|Laroxyl has 10 seconds left.\n|\n|t:|1771112733\n|switch|p1a: :trollaware:|Starmie|100/100\n|move|p2a: Exeggutor|Psychic|p1a: :trollaware:\n|-crit|p1a: :trollaware:\n|-resisted|p1a: :trollaware:\n|-damage|p1a: :trollaware:|61/100\n|\n|upkeep\n|turn|44\n|inactive|Laroxyl has 20 seconds left this turn.\n|inactive|BeeOrSomething has 120 seconds left.\n|inactive|Laroxyl has 15 seconds left.\n|inactive|Laroxyl has 10 seconds left.\n|\n|t:|1771112748\n|switch|p1a: :spit:|Jynx|55/100 par\n|cant|p2a: Exeggutor|par\n|\n|upkeep\n|turn|45\n|inactive|Laroxyl has 20 seconds left this turn.\n|inactive|Laroxyl has 15 seconds left.\n|inactive|BeeOrSomething has 120 seconds left.\n|inactive|Laroxyl has 10 seconds left.\n|\n|t:|1771112767\n|switch|p1a: :stare:|Tauros|56/100\n|switch|p2a: Starmie|Starmie|24/100 slp\n|\n|upkeep\n|turn|46\n|inactive|Laroxyl has 20 seconds left this turn.\n|inactive|BeeOrSomething has 120 seconds left.\n|\n|t:|1771112773\n|cant|p2a: Starmie|slp\n|move|p1a: :stare:|Earthquake|p2a: Starmie\n|-crit|p2a: Starmie\n|-damage|p2a: Starmie|0 fnt\n|faint|p2a: Starmie\n|inactive|Laroxyl has 25 seconds left this turn.\n|\n|t:|1771112776\n|switch|p2a: Tauros|Tauros|73/100\n|turn|47\n|\n|t:|1771112780\n|move|p1a: :stare:|Body Slam|p2a: Tauros\n|-damage|p2a: Tauros|45/100\n|move|p2a: Tauros|Body Slam|p1a: :stare:\n|-damage|p1a: :stare:|27/100\n|\n|upkeep\n|turn|48\n|\n|t:|1771112798\n|switch|p1a: :spit:|Jynx|55/100 par\n|move|p2a: Tauros|Body Slam|p1a: :spit:\n|-damage|p1a: :spit:|0 fnt\n|faint|p1a: :spit:\n|\n|t:|1771112802\n|switch|p1a: :trollaware:|Starmie|61/100\n|turn|49\n|\n|t:|1771112816\n|switch|p2a: Exeggutor|Exeggutor|41/100 par\n|move|p1a: :trollaware:|Recover|p1a: :trollaware:\n|-heal|p1a: :trollaware:|100/100\n|\n|upkeep\n|turn|50\n|\n|t:|1771112841\n|switch|p1a: :pepedumb:|Exeggutor|88/100 slp\n|move|p2a: Exeggutor|Stun Spore|p1a: :pepedumb:\n|-fail|p1a: :pepedumb:\n|\n|upkeep\n|turn|51\n|inactive|BeeOrSomething has 120 seconds left.\n|inactive|Laroxyl has 30 seconds left.\n|\n|t:|1771112871\n|switch|p1a: :trollaware:|Starmie|100/100\n|switch|p2a: Tauros|Tauros|45/100\n|\n|upkeep\n|turn|52\n|\n|t:|1771112880\n|switch|p2a: Exeggutor|Exeggutor|41/100 par\n|move|p1a: :trollaware:|Surf|p2a: Exeggutor\n|-resisted|p2a: Exeggutor\n|-damage|p2a: Exeggutor|30/100 par\n|\n|upkeep\n|turn|53\n|inactive|BeeOrSomething has 120 seconds left.\n|inactive|Laroxyl has 30 seconds left.\n|\n|t:|1771112903\n|switch|p1a: :pepedumb:|Exeggutor|88/100 slp\n|move|p2a: Exeggutor|Stun Spore|p1a: :pepedumb:\n|-fail|p1a: :pepedumb:\n|\n|upkeep\n|turn|54\n|\n|t:|1771112907\n|switch|p2a: Tauros|Tauros|45/100\n|cant|p1a: :pepedumb:|slp\n|\n|upkeep\n|turn|55\n|\n|t:|1771112910\n|move|p2a: Tauros|Body Slam|p1a: :pepedumb:\n|-damage|p1a: :pepedumb:|61/100 slp\n|cant|p1a: :pepedumb:|slp\n|\n|upkeep\n|turn|56\n|\n|t:|1771112913\n|move|p2a: Tauros|Body Slam|p1a: :pepedumb:\n|-damage|p1a: :pepedumb:|32/100 slp\n|cant|p1a: :pepedumb:|slp\n|\n|upkeep\n|turn|57\n|inactive|BeeOrSomething has 150 seconds left.\n|\n|t:|1771112923\n|move|p2a: Tauros|Body Slam|p1a: :pepedumb:\n|-crit|p1a: :pepedumb:\n|-damage|p1a: :pepedumb:|0 fnt\n|faint|p1a: :pepedumb:\n|\n|t:|1771112925\n|switch|p1a: :trollaware:|Starmie|100/100\n|turn|58\n|\n|t:|1771112945\n|switch|p2a: Rhydon|Rhydon|43/100\n|move|p1a: :trollaware:|Surf|p2a: Rhydon\n|-supereffective|p2a: Rhydon\n|-damage|p2a: Rhydon|0 fnt\n|faint|p2a: Rhydon\n|\n|t:|1771112947\n|switch|p2a: Exeggutor|Exeggutor|30/100 par\n|turn|59\n|\n|t:|1771112965\n|move|p1a: :trollaware:|Surf|p2a: Exeggutor\n|-resisted|p2a: Exeggutor\n|-damage|p2a: Exeggutor|17/100 par\n|move|p2a: Exeggutor|Sleep Powder|p1a: :trollaware:\n|-status|p1a: :trollaware:|slp|[from] move: Sleep Powder\n|\n|upkeep\n|turn|60\n|inactive|Laroxyl has 60 seconds left.\n|\n|t:|1771112980\n|cant|p1a: :trollaware:|slp\n|move|p2a: Exeggutor|Psychic|p1a: :trollaware:\n|-crit|p1a: :trollaware:\n|-resisted|p1a: :trollaware:\n|-damage|p1a: :trollaware:|64/100 slp\n|\n|upkeep\n|turn|61\n|\n|t:|1771112984\n|cant|p1a: :trollaware:|slp\n|move|p2a: Exeggutor|Explosion|p1a: :trollaware:\n|-damage|p1a: :trollaware:|0 fnt\n|faint|p1a: :trollaware:\n|faint|p2a: Exeggutor\n|\n|t:|1771112986\n|switch|p1a: :stare:|Tauros|27/100\n|switch|p2a: Tauros|Tauros|45/100\n|turn|62\n|\n|t:|1771113009\n|move|p2a: Tauros|Body Slam|p1a: :stare:\n|-damage|p1a: :stare:|0 fnt\n|faint|p1a: :stare:\n|\n|win|Laroxyl\n|c|☆Laroxyl|ggs\n|c|☆BeeOrSomething|gg\n|player|p1|\n|player|p2|\n|player|p1|BeeOrSomething|#beeorsomething|\n","uploadtime":1771113009,"views":"1208","formatid":"gen1ou","rating":null,"private":0,"password":null}