{"id":"smogtours-gen1ou-961903","format":"[Gen 1] OU","players":["wooooo rby","Nails"],"log":"|inactive|Battle timer is ON: inactive players will automatically lose when time's up.\n|t:|1786039440\n|gametype|singles\n|player|p1|wooooo rby|lucas|\n|player|p2|Nails|#scl2terrors|\n|gen|1\n|tier|[Gen 1] OU\n|rule|Desync Clause Mod: Desyncs resolve to link battle behavior from the acting player's perspective.\n|rule|HP Percentage Mod: HP is shown in percentages\n|rule|Endless Battle Clause: Forcing endless battles is banned\n|rule|Sleep Clause Mod: Limit one foe put to sleep\n|rule|Freeze Clause Mod: Limit one foe frozen\n|rule|Species Clause: Limit one of each Pokémon\n|rule|OHKO Clause: OHKO moves are banned\n|rule|Evasion Moves Clause: Evasion moves are banned\n|\n|t:|1786039440\n|teamsize|p1|6\n|teamsize|p2|6\n|start\n|switch|p1a: Jynx|Jynx|100/100\n|switch|p2a: Starmie|Starmie|100/100\n|turn|1\n|c|☆Nails|hf\n|c|☆wooooo rby|hf\n|\n|t:|1786039455\n|move|p2a: Starmie|Thunder Wave|p1a: Jynx\n|-status|p1a: Jynx|par\n|move|p1a: Jynx|Lovely Kiss|p2a: Starmie|[miss]\n|-miss|p1a: Jynx\n|\n|upkeep\n|turn|2\n|\n|t:|1786039459\n|move|p2a: Starmie|Thunderbolt|p1a: Jynx\n|-damage|p1a: Jynx|76/100 par\n|move|p1a: Jynx|Lovely Kiss|p2a: Starmie\n|-status|p2a: Starmie|slp|[from] move: Lovely Kiss\n|\n|upkeep\n|turn|3\n|\n|t:|1786039472\n|cant|p2a: Starmie|slp\n|move|p1a: Jynx|Blizzard|p2a: Starmie\n|-crit|p2a: Starmie\n|-resisted|p2a: Starmie\n|-damage|p2a: Starmie|57/100 slp\n|\n|upkeep\n|turn|4\n|\n|t:|1786039478\n|switch|p2a: Cloyster|Cloyster|100/100\n|move|p1a: Jynx|Blizzard|p2a: Cloyster\n|-crit|p2a: Cloyster\n|-resisted|p2a: Cloyster\n|-damage|p2a: Cloyster|75/100\n|\n|upkeep\n|turn|5\n|\n|t:|1786039485\n|switch|p1a: Starmie|Starmie|100/100\n|move|p2a: Cloyster|Clamp|p1a: Starmie\n|-resisted|p1a: Starmie\n|-damage|p1a: Starmie|95/100\n|\n|upkeep\n|turn|6\n|\n|t:|1786039490\n|move|p2a: Cloyster|Clamp|p1a: Starmie|[from] Clamp\n|-damage|p1a: Starmie|89/100\n|\n|upkeep\n|turn|7\n|\n|t:|1786039497\n|switch|p2a: Chansey|Chansey|100/100\n|\n|upkeep\n|turn|8\n|\n|t:|1786039508\n|move|p1a: Starmie|Thunder Wave|p2a: Chansey\n|-status|p2a: Chansey|par\n|cant|p2a: Chansey|par\n|\n|upkeep\n|turn|9\n|\n|t:|1786039525\n|switch|p1a: Jynx|Jynx|76/100 par\n|move|p2a: Chansey|Ice Beam|p1a: Jynx\n|-resisted|p1a: Jynx\n|-damage|p1a: Jynx|64/100 par\n|\n|upkeep\n|turn|10\n|\n|t:|1786039538\n|cant|p1a: Jynx|par\n|move|p2a: Chansey|Ice Beam|p1a: Jynx\n|-resisted|p1a: Jynx\n|-damage|p1a: Jynx|52/100 par\n|\n|upkeep\n|turn|11\n|inactive|Nails has 270 seconds left.\n|\n|t:|1786039564\n|move|p1a: Jynx|Blizzard|p2a: Chansey\n|-damage|p2a: Chansey|82/100 par\n|cant|p2a: Chansey|par\n|\n|upkeep\n|turn|12\n|inactive|Nails has 270 seconds left.\n|\n|t:|1786039576\n|switch|p1a: Snorlax|Snorlax|100/100\n|move|p2a: Chansey|Soft-Boiled|p2a: Chansey\n|-heal|p2a: Chansey|100/100 par\n|\n|upkeep\n|turn|13\n|inactive|Nails has 270 seconds left.\n|\n|t:|1786039590\n|switch|p2a: Snorlax|Snorlax|100/100\n|move|p1a: Snorlax|Earthquake|p2a: Snorlax\n|-damage|p2a: Snorlax|81/100\n|\n|upkeep\n|turn|14\n|\n|t:|1786039597\n|move|p1a: Snorlax|Body Slam|p2a: Snorlax\n|-damage|p2a: Snorlax|56/100\n|move|p2a: Snorlax|Reflect|p2a: Snorlax\n|-start|p2a: Snorlax|Reflect\n|\n|upkeep\n|turn|15\n|\n|t:|1786039602\n|switch|p1a: Rhydon|Rhydon|100/100\n|move|p2a: Snorlax|Body Slam|p1a: Rhydon\n|-resisted|p1a: Rhydon\n|-damage|p1a: Rhydon|90/100\n|\n|upkeep\n|turn|16\n|\n|t:|1786039609\n|move|p1a: Rhydon|Earthquake|p2a: Snorlax\n|-damage|p2a: Snorlax|38/100\n|move|p2a: Snorlax|Body Slam|p1a: Rhydon\n|-resisted|p1a: Rhydon\n|-damage|p1a: Rhydon|79/100\n|\n|upkeep\n|turn|17\n|\n|t:|1786039618\n|move|p1a: Rhydon|Earthquake|p2a: Snorlax\n|-damage|p2a: Snorlax|21/100\n|move|p2a: Snorlax|Body Slam|p1a: Rhydon\n|-crit|p1a: Rhydon\n|-resisted|p1a: Rhydon\n|-damage|p1a: Rhydon|56/100\n|\n|upkeep\n|turn|18\n|\n|t:|1786039630\n|switch|p1a: Starmie|Starmie|89/100\n|move|p2a: Snorlax|Rest|p2a: Snorlax\n|-status|p2a: Snorlax|slp|[from] move: Rest\n|-heal|p2a: Snorlax|100/100 slp|[silent]\n|\n|upkeep\n|turn|19\n|\n|t:|1786039636\n|move|p1a: Starmie|Surf|p2a: Snorlax\n|-crit|p2a: Snorlax\n|-damage|p2a: Snorlax|48/100 slp\n|cant|p2a: Snorlax|slp\n|\n|upkeep\n|turn|20\n|\n|t:|1786039648\n|switch|p1a: Snorlax|Snorlax|100/100\n|switch|p2a: Chansey|Chansey|100/100 par\n|\n|upkeep\n|turn|21\n|\n|t:|1786039653\n|move|p1a: Snorlax|Earthquake|p2a: Chansey\n|-damage|p2a: Chansey|70/100 par\n|move|p2a: Chansey|Sing|p1a: Snorlax|[miss]\n|-miss|p2a: Chansey\n|\n|upkeep\n|turn|22\n|\n|t:|1786039670\n|switch|p2a: Cloyster|Cloyster|75/100\n|move|p1a: Snorlax|Earthquake|p2a: Cloyster\n|-crit|p2a: Cloyster\n|-damage|p2a: Cloyster|38/100\n|\n|upkeep\n|turn|23\n|\n|t:|1786039678\n|switch|p1a: Starmie|Starmie|89/100\n|move|p2a: Cloyster|Clamp|p1a: Starmie|[miss]\n|-miss|p2a: Cloyster\n|\n|upkeep\n|turn|24\n|\n|t:|1786039700\n|switch|p2a: Chansey|Chansey|70/100 par\n|move|p1a: Starmie|Thunderbolt|p2a: Chansey\n|-crit|p2a: Chansey\n|-damage|p2a: Chansey|49/100 par\n|\n|upkeep\n|turn|25\n|\n|t:|1786039711\n|switch|p1a: Rhydon|Rhydon|56/100\n|move|p2a: Chansey|Soft-Boiled|p2a: Chansey\n|-heal|p2a: Chansey|99/100 par\n|\n|upkeep\n|turn|26\n|inactive|Nails has 270 seconds left.\n|\n|t:|1786039738\n|switch|p1a: Jynx|Jynx|52/100 par\n|move|p2a: Chansey|Ice Beam|p1a: Jynx\n|-resisted|p1a: Jynx\n|-damage|p1a: Jynx|39/100 par\n|\n|upkeep\n|turn|27\n|inactive|Nails has 270 seconds left.\n|\n|t:|1786039754\n|move|p1a: Jynx|Blizzard|p2a: Chansey\n|-damage|p2a: Chansey|79/100 par\n|move|p2a: Chansey|Ice Beam|p1a: Jynx\n|-resisted|p1a: Jynx\n|-damage|p1a: Jynx|27/100 par\n|\n|upkeep\n|turn|28\n|\n|t:|1786039769\n|move|p1a: Jynx|Rest|p1a: Jynx\n|-status|p1a: Jynx|slp|[from] move: Rest\n|-heal|p1a: Jynx|100/100 slp|[silent]\n|move|p2a: Chansey|Ice Beam|p1a: Jynx\n|-resisted|p1a: Jynx\n|-damage|p1a: Jynx|88/100 slp\n|\n|upkeep\n|turn|29\n|\n|t:|1786039772\n|switch|p1a: Snorlax|Snorlax|100/100\n|switch|p2a: Snorlax|Snorlax|48/100 slp\n|\n|upkeep\n|turn|30\n|\n|t:|1786039776\n|move|p1a: Snorlax|Body Slam|p2a: Snorlax\n|-damage|p2a: Snorlax|20/100 slp\n|-curestatus|p2a: Snorlax|slp|[msg]\n|\n|upkeep\n|turn|31\n|\n|t:|1786039780\n|switch|p1a: Rhydon|Rhydon|56/100\n|move|p2a: Snorlax|Self-Destruct|p1a: Rhydon\n|-resisted|p1a: Rhydon\n|-damage|p1a: Rhydon|24/100\n|faint|p2a: Snorlax\n|\n|t:|1786039783\n|switch|p2a: Tauros|Tauros|100/100\n|turn|32\n|\n|t:|1786039797\n|switch|p1a: Snorlax|Snorlax|100/100\n|move|p2a: Tauros|Earthquake|p1a: Snorlax\n|-damage|p1a: Snorlax|80/100\n|\n|upkeep\n|turn|33\n|\n|t:|1786039811\n|switch|p2a: Cloyster|Cloyster|38/100\n|move|p1a: Snorlax|Body Slam|p2a: Cloyster\n|-damage|p2a: Cloyster|14/100\n|\n|upkeep\n|turn|34\n|\n|t:|1786039840\n|switch|p2a: Tauros|Tauros|100/100\n|switch|p1a: Starmie|Starmie|89/100\n|\n|upkeep\n|turn|35\n|inactive|Nails has 270 seconds left.\n|c|☆Nails|wow i got owned there\n|\n|t:|1786039875\n|switch|p2a: Chansey|Chansey|79/100 par\n|move|p1a: Starmie|Surf|p2a: Chansey\n|-damage|p2a: Chansey|63/100 par\n|\n|upkeep\n|turn|36\n|\n|t:|1786039907\n|switch|p1a: Jynx|Jynx|88/100 slp\n|cant|p2a: Chansey|par\n|\n|upkeep\n|turn|37\n|\n|t:|1786039920\n|switch|p1a: Snorlax|Snorlax|80/100\n|move|p2a: Chansey|Soft-Boiled|p2a: Chansey\n|-heal|p2a: Chansey|100/100 par\n|\n|upkeep\n|turn|38\n|\n|t:|1786039934\n|move|p1a: Snorlax|Self-Destruct|p2a: Chansey\n|-damage|p2a: Chansey|0 fnt\n|faint|p2a: Chansey\n|faint|p1a: Snorlax\n|\n|t:|1786039946\n|switch|p1a: Alakazam|Alakazam|100/100\n|switch|p2a: Alakazam|Alakazam|100/100\n|turn|39\n|\n|t:|1786039950\n|move|p2a: Alakazam|Thunder Wave|p1a: Alakazam\n|-status|p1a: Alakazam|par\n|cant|p1a: Alakazam|par\n|\n|upkeep\n|turn|40\n|\n|t:|1786039969\n|move|p2a: Alakazam|Psychic|p1a: Alakazam\n|-resisted|p1a: Alakazam\n|-damage|p1a: Alakazam|85/100 par\n|-unboost|p1a: Alakazam|spa|1\n|-unboost|p1a: Alakazam|spd|1\n|move|p1a: Alakazam|Thunder Wave|p2a: Alakazam\n|-status|p2a: Alakazam|par\n|\n|upkeep\n|turn|41\n|inactive|Nails has 240 seconds left.\n|\n|t:|1786040003\n|move|p2a: Alakazam|Seismic Toss|p1a: Alakazam\n|-damage|p1a: Alakazam|53/100 par\n|move|p1a: Alakazam|Seismic Toss|p2a: Alakazam\n|-damage|p2a: Alakazam|69/100 par\n|\n|upkeep\n|turn|42\n|\n|t:|1786040013\n|cant|p2a: Alakazam|par\n|move|p1a: Alakazam|Recover|p1a: Alakazam\n|-heal|p1a: Alakazam|100/100 par\n|\n|upkeep\n|turn|43\n|inactive|Nails has 240 seconds left.\n|\n|t:|1786040020\n|cant|p2a: Alakazam|par\n|move|p1a: Alakazam|Seismic Toss|p2a: Alakazam\n|-damage|p2a: Alakazam|37/100 par\n|\n|upkeep\n|turn|44\n|\n|t:|1786040026\n|switch|p1a: Rhydon|Rhydon|24/100\n|cant|p2a: Alakazam|par\n|\n|upkeep\n|turn|45\n|inactive|Nails has 240 seconds left.\n|\n|t:|1786040066\n|switch|p2a: Tauros|Tauros|100/100\n|move|p1a: Rhydon|Earthquake|p2a: Tauros\n|-damage|p2a: Tauros|60/100\n|\n|upkeep\n|turn|46\n|\n|t:|1786040074\n|switch|p1a: Jynx|Jynx|88/100 slp\n|move|p2a: Tauros|Body Slam|p1a: Jynx\n|-damage|p1a: Jynx|39/100 slp\n|\n|upkeep\n|turn|47\n|\n|t:|1786040080\n|move|p2a: Tauros|Body Slam|p1a: Jynx\n|-crit|p1a: Jynx\n|-damage|p1a: Jynx|0 fnt\n|faint|p1a: Jynx\n|inactive|wooooo rby has 270 seconds left.\n|\n|t:|1786040111\n|switch|p1a: Starmie|Starmie|89/100\n|turn|48\n|inactive|Nails has 240 seconds left.\n|\n|t:|1786040144\n|move|p1a: Starmie|Surf|p2a: Tauros\n|-crit|p2a: Tauros\n|-damage|p2a: Tauros|0 fnt\n|faint|p2a: Tauros\n|\n|t:|1786040154\n|switch|p2a: Starmie|Starmie|57/100 slp\n|turn|49\n|\n|t:|1786040157\n|move|p1a: Starmie|Thunderbolt|p2a: Starmie\n|-supereffective|p2a: Starmie\n|-damage|p2a: Starmie|11/100 slp\n|cant|p2a: Starmie|slp\n|\n|upkeep\n|turn|50\n|\n|t:|1786040160\n|move|p1a: Starmie|Surf|p2a: Starmie\n|-resisted|p2a: Starmie\n|-damage|p2a: Starmie|0 fnt\n|faint|p2a: Starmie\n|-message|Nails forfeited.\n|\n|win|wooooo rby\n","uploadtime":1786040161,"views":"102","formatid":"gen1ou","rating":null,"private":0,"password":null}