{"id":"smogtours-gen1ou-817304","format":"[Gen 1] OU","players":["Amaranth","spies rby"],"log":"|inactive|Battle timer is ON: inactive players will automatically lose when time's up.\n|t:|1738437197\n|gametype|singles\n|player|p1|Amaranth|#amaranth|\n|player|p2|spies rby|#splxvityrants2|\n|teamsize|p1|6\n|teamsize|p2|6\n|gen|1\n|tier|[Gen 1] OU\n|rule|Desync Clause Mod: Desyncs changed to move failure.\n|rule|Sleep Clause Mod: Limit one foe put to sleep\n|rule|Freeze Clause Mod: Limit one foe frozen\n|rule|Species Clause: Limit one of each Pokémon\n|rule|OHKO Clause: OHKO moves are banned\n|rule|Evasion Moves Clause: Evasion moves are banned\n|rule|Endless Battle Clause: Forcing endless battles is banned\n|rule|HP Percentage Mod: HP is shown in percentages\n|\n|t:|1738437197\n|start\n|switch|p1a: Jynx|Jynx|100/100\n|switch|p2a: Alakazam|Alakazam|100/100\n|turn|1\n|c|☆Amaranth|glhf\n|rated|Smogon Premier League\n|c|☆spies rby|hf\n|\n|t:|1738437213\n|move|p2a: Alakazam|Thunder Wave|p1a: Jynx\n|-status|p1a: Jynx|par\n|move|p1a: Jynx|Lovely Kiss|p2a: Alakazam|[miss]\n|-miss|p1a: Jynx\n|\n|upkeep\n|turn|2\n|\n|t:|1738437220\n|move|p2a: Alakazam|Psychic|p1a: Jynx\n|-crit|p1a: Jynx\n|-resisted|p1a: Jynx\n|-damage|p1a: Jynx|63/100 par\n|-unboost|p1a: Jynx|spa|1\n|-unboost|p1a: Jynx|spd|1\n|cant|p1a: Jynx|par\n|\n|upkeep\n|turn|3\n|\n|t:|1738437226\n|move|p2a: Alakazam|Psychic|p1a: Jynx\n|-resisted|p1a: Jynx\n|-damage|p1a: Jynx|31/100 par\n|move|p1a: Jynx|Lovely Kiss|p2a: Alakazam\n|-status|p2a: Alakazam|slp|[from] move: Lovely Kiss\n|\n|upkeep\n|turn|4\n|\n|t:|1738437231\n|switch|p2a: Chansey|Chansey|100/100\n|move|p1a: Jynx|Rest|p1a: Jynx\n|-status|p1a: Jynx|slp|[from] move: Rest\n|-heal|p1a: Jynx|100/100 slp|[silent]\n|\n|upkeep\n|turn|5\n|\n|t:|1738437236\n|switch|p1a: Chansey|Chansey|100/100\n|move|p2a: Chansey|Thunderbolt|p1a: Chansey\n|-damage|p1a: Chansey|90/100\n|\n|upkeep\n|turn|6\n|\n|t:|1738437238\n|switch|p1a: Jynx|Jynx|100/100 slp\n|switch|p2a: Alakazam|Alakazam|100/100 slp\n|\n|upkeep\n|turn|7\n|\n|t:|1738437241\n|switch|p2a: Tauros|Tauros|100/100\n|cant|p1a: Jynx|slp\n|\n|upkeep\n|turn|8\n|\n|t:|1738437245\n|switch|p1a: Cloyster|Cloyster|100/100\n|move|p2a: Tauros|Body Slam|p1a: Cloyster\n|-damage|p1a: Cloyster|79/100\n|\n|upkeep\n|turn|9\n|\n|t:|1738437249\n|switch|p2a: Chansey|Chansey|100/100\n|move|p1a: Cloyster|Blizzard|p2a: Chansey\n|-damage|p2a: Chansey|83/100\n|\n|upkeep\n|turn|10\n|\n|t:|1738437255\n|switch|p1a: Chansey|Chansey|90/100\n|move|p2a: Chansey|Thunderbolt|p1a: Chansey\n|-damage|p1a: Chansey|80/100\n|\n|upkeep\n|turn|11\n|\n|t:|1738437259\n|switch|p2a: Alakazam|Alakazam|100/100 slp\n|move|p1a: Chansey|Thunder Wave|p2a: Alakazam\n|-fail|p2a: Alakazam\n|\n|upkeep\n|turn|12\n|\n|t:|1738437267\n|switch|p1a: Tauros|Tauros|100/100\n|cant|p2a: Alakazam|slp\n|\n|upkeep\n|turn|13\n|\n|t:|1738437270\n|switch|p2a: Gengar|Gengar|100/100\n|move|p1a: Tauros|Body Slam|p2a: Gengar\n|-immune|p2a: Gengar\n|\n|upkeep\n|turn|14\n|\n|t:|1738437280\n|switch|p1a: Jynx|Jynx|100/100 slp\n|switch|p2a: Snorlax|Snorlax|100/100\n|\n|upkeep\n|turn|15\n|\n|t:|1738437285\n|switch|p1a: Chansey|Chansey|80/100\n|move|p2a: Snorlax|Body Slam|p1a: Chansey\n|-damage|p1a: Chansey|42/100\n|\n|upkeep\n|turn|16\n|\n|t:|1738437289\n|switch|p2a: Exeggutor|Exeggutor|100/100\n|move|p1a: Chansey|Soft-Boiled|p1a: Chansey\n|-heal|p1a: Chansey|92/100\n|\n|upkeep\n|turn|17\n|\n|t:|1738437297\n|switch|p1a: Jynx|Jynx|100/100 slp\n|move|p2a: Exeggutor|Sleep Powder|p1a: Jynx\n|-fail|p1a: Jynx|slp\n|\n|upkeep\n|turn|18\n|\n|t:|1738437299\n|-curestatus|p1a: Jynx|slp|[msg]\n|move|p2a: Exeggutor|Sleep Powder|p1a: Jynx\n|-status|p1a: Jynx|slp|[from] move: Sleep Powder\n|\n|upkeep\n|turn|19\n|\n|t:|1738437306\n|switch|p1a: Chansey|Chansey|92/100\n|switch|p2a: Tauros|Tauros|100/100\n|\n|upkeep\n|turn|20\n|\n|t:|1738437310\n|switch|p2a: Chansey|Chansey|83/100\n|move|p1a: Chansey|Thunder Wave|p2a: Chansey\n|-status|p2a: Chansey|par\n|\n|upkeep\n|turn|21\n|\n|t:|1738437316\n|switch|p1a: Snorlax|Snorlax|100/100\n|move|p2a: Chansey|Thunder Wave|p1a: Snorlax\n|-status|p1a: Snorlax|par\n|\n|upkeep\n|turn|22\n|\n|t:|1738437324\n|switch|p2a: Snorlax|Snorlax|100/100\n|cant|p1a: Snorlax|par\n|\n|upkeep\n|turn|23\n|\n|t:|1738437327\n|move|p2a: Snorlax|Body Slam|p1a: Snorlax\n|-damage|p1a: Snorlax|76/100 par\n|move|p1a: Snorlax|Reflect|p1a: Snorlax\n|-start|p1a: Snorlax|Reflect\n|\n|upkeep\n|turn|24\n|\n|t:|1738437333\n|switch|p2a: Gengar|Gengar|100/100\n|move|p1a: Snorlax|Rest|p1a: Snorlax\n|-status|p1a: Snorlax|slp|[from] move: Rest\n|-heal|p1a: Snorlax|100/100 slp|[silent]\n|\n|upkeep\n|turn|25\n|\n|t:|1738437337\n|move|p2a: Gengar|Psychic|p1a: Snorlax\n|-damage|p1a: Snorlax|79/100 slp\n|-unboost|p1a: Snorlax|spa|1\n|-unboost|p1a: Snorlax|spd|1\n|cant|p1a: Snorlax|slp\n|\n|upkeep\n|turn|26\n|\n|t:|1738437348\n|switch|p1a: Chansey|Chansey|92/100\n|move|p2a: Gengar|Thunderbolt|p1a: Chansey\n|-damage|p1a: Chansey|79/100\n|\n|upkeep\n|turn|27\n|\n|t:|1738437353\n|switch|p2a: Chansey|Chansey|83/100 par\n|move|p1a: Chansey|Ice Beam|p2a: Chansey\n|-damage|p2a: Chansey|73/100 par\n|\n|upkeep\n|turn|28\n|\n|t:|1738437370\n|move|p1a: Chansey|Thunder Wave|p2a: Chansey\n|-fail|p2a: Chansey|par\n|move|p2a: Chansey|Ice Beam|p1a: Chansey\n|-damage|p1a: Chansey|67/100\n|\n|upkeep\n|turn|29\n|\n|t:|1738437374\n|switch|p1a: Snorlax|Snorlax|79/100 slp\n|cant|p2a: Chansey|par\n|\n|upkeep\n|turn|30\n|\n|t:|1738437378\n|-curestatus|p1a: Snorlax|slp|[msg]\n|move|p2a: Chansey|Thunder Wave|p1a: Snorlax\n|-status|p1a: Snorlax|par\n|\n|upkeep\n|turn|31\n|\n|t:|1738437382\n|switch|p2a: Snorlax|Snorlax|100/100\n|move|p1a: Snorlax|Earthquake|p2a: Snorlax\n|-damage|p2a: Snorlax|79/100\n|\n|upkeep\n|turn|32\n|\n|t:|1738437386\n|move|p2a: Snorlax|Body Slam|p1a: Snorlax\n|-damage|p1a: Snorlax|54/100 par\n|move|p1a: Snorlax|Reflect|p1a: Snorlax\n|-start|p1a: Snorlax|Reflect\n|\n|upkeep\n|turn|33\n|\n|t:|1738437391\n|switch|p2a: Exeggutor|Exeggutor|100/100\n|move|p1a: Snorlax|Body Slam|p2a: Exeggutor\n|-damage|p2a: Exeggutor|70/100\n|\n|upkeep\n|turn|34\n|\n|t:|1738437399\n|switch|p1a: Chansey|Chansey|67/100\n|move|p2a: Exeggutor|Psychic|p1a: Chansey\n|-damage|p1a: Chansey|51/100\n|\n|upkeep\n|turn|35\n|\n|t:|1738437402\n|switch|p2a: Chansey|Chansey|73/100 par\n|move|p1a: Chansey|Soft-Boiled|p1a: Chansey\n|-heal|p1a: Chansey|100/100\n|\n|upkeep\n|turn|36\n|\n|t:|1738437406\n|switch|p1a: Snorlax|Snorlax|54/100 par\n|move|p2a: Chansey|Thunderbolt|p1a: Snorlax\n|-damage|p1a: Snorlax|35/100 par\n|\n|upkeep\n|turn|37\n|\n|t:|1738437410\n|switch|p2a: Tauros|Tauros|100/100\n|move|p1a: Snorlax|Rest|p1a: Snorlax\n|-status|p1a: Snorlax|slp|[from] move: Rest\n|-heal|p1a: Snorlax|100/100 slp|[silent]\n|\n|upkeep\n|turn|38\n|\n|t:|1738437414\n|switch|p1a: Cloyster|Cloyster|79/100\n|move|p2a: Tauros|Body Slam|p1a: Cloyster\n|-damage|p1a: Cloyster|57/100\n|\n|upkeep\n|turn|39\n|\n|t:|1738437418\n|switch|p2a: Chansey|Chansey|73/100 par\n|move|p1a: Cloyster|Blizzard|p2a: Chansey\n|-crit|p2a: Chansey\n|-damage|p2a: Chansey|37/100 par\n|\n|upkeep\n|turn|40\n|\n|t:|1738437422\n|switch|p2a: Alakazam|Alakazam|100/100 slp\n|move|p1a: Cloyster|Clamp|p2a: Alakazam\n|-damage|p2a: Alakazam|90/100 slp\n|\n|upkeep\n|turn|41\n|\n|t:|1738437428\n|switch|p2a: Gengar|Gengar|100/100\n|switch|p1a: Tauros|Tauros|100/100\n|\n|upkeep\n|turn|42\n|\n|t:|1738437439\n|switch|p2a: Snorlax|Snorlax|79/100\n|move|p1a: Tauros|Earthquake|p2a: Snorlax\n|-damage|p2a: Snorlax|59/100\n|\n|upkeep\n|turn|43\n|\n|t:|1738437453\n|move|p1a: Tauros|Earthquake|p2a: Snorlax\n|-crit|p2a: Snorlax\n|-damage|p2a: Snorlax|21/100\n|move|p2a: Snorlax|Body Slam|p1a: Tauros\n|-damage|p1a: Tauros|69/100\n|\n|upkeep\n|turn|44\n|\n|t:|1738437467\n|move|p1a: Tauros|Body Slam|p2a: Snorlax\n|-damage|p2a: Snorlax|0 fnt\n|faint|p2a: Snorlax\n|\n|t:|1738437471\n|switch|p2a: Tauros|Tauros|100/100\n|turn|45\n|\n|t:|1738437482\n|move|p2a: Tauros|Body Slam|p1a: Tauros\n|-damage|p1a: Tauros|39/100\n|move|p1a: Tauros|Body Slam|p2a: Tauros\n|-damage|p2a: Tauros|71/100\n|\n|upkeep\n|turn|46\n|\n|t:|1738437493\n|move|p1a: Tauros|Body Slam|p2a: Tauros\n|-damage|p2a: Tauros|42/100\n|move|p2a: Tauros|Body Slam|p1a: Tauros\n|-crit|p1a: Tauros\n|-damage|p1a: Tauros|0 fnt\n|faint|p1a: Tauros\n|\n|t:|1738437508\n|switch|p1a: Zapdos|Zapdos|100/100\n|turn|47\n|\n|t:|1738437527\n|move|p2a: Tauros|Body Slam|p1a: Zapdos\n|-damage|p1a: Zapdos|73/100\n|move|p1a: Zapdos|Thunderbolt|p2a: Tauros\n|-damage|p2a: Tauros|0 fnt\n|faint|p2a: Tauros\n|inactive|spies rby has 270 seconds left.\n|inactive|spies rby has 240 seconds left.\n|\n|t:|1738437583\n|switch|p2a: Chansey|Chansey|37/100 par\n|turn|48\n|\n|t:|1738437592\n|move|p1a: Zapdos|Drill Peck|p2a: Chansey\n|-damage|p2a: Chansey|3/100 par\n|move|p2a: Chansey|Soft-Boiled|p2a: Chansey\n|-heal|p2a: Chansey|53/100 par\n|\n|upkeep\n|turn|49\n|\n|t:|1738437603\n|move|p1a: Zapdos|Drill Peck|p2a: Chansey\n|-damage|p2a: Chansey|21/100 par\n|move|p2a: Chansey|Soft-Boiled|p2a: Chansey\n|-heal|p2a: Chansey|71/100 par\n|\n|upkeep\n|turn|50\n|\n|t:|1738437608\n|switch|p1a: Snorlax|Snorlax|100/100 slp\n|move|p2a: Chansey|Soft-Boiled|p2a: Chansey\n|-heal|p2a: Chansey|100/100 par\n|\n|upkeep\n|turn|51\n|\n|t:|1738437610\n|switch|p2a: Exeggutor|Exeggutor|70/100\n|cant|p1a: Snorlax|slp\n|\n|upkeep\n|turn|52\n|\n|t:|1738437622\n|switch|p1a: Chansey|Chansey|100/100\n|move|p2a: Exeggutor|Psychic|p1a: Chansey\n|-damage|p1a: Chansey|83/100\n|-unboost|p1a: Chansey|spa|1\n|-unboost|p1a: Chansey|spd|1\n|\n|upkeep\n|turn|53\n|\n|t:|1738437628\n|switch|p2a: Chansey|Chansey|100/100 par\n|switch|p1a: Jynx|Jynx|100/100 slp\n|\n|upkeep\n|turn|54\n|\n|t:|1738437631\n|switch|p1a: Snorlax|Snorlax|100/100 slp\n|switch|p2a: Gengar|Gengar|100/100\n|\n|upkeep\n|turn|55\n|\n|t:|1738437640\n|move|p2a: Gengar|Psychic|p1a: Snorlax\n|-damage|p1a: Snorlax|79/100 slp\n|-unboost|p1a: Snorlax|spa|1\n|-unboost|p1a: Snorlax|spd|1\n|-curestatus|p1a: Snorlax|slp|[msg]\n|\n|upkeep\n|turn|56\n|\n|t:|1738437644\n|move|p2a: Gengar|Psychic|p1a: Snorlax\n|-damage|p1a: Snorlax|47/100\n|-unboost|p1a: Snorlax|spa|1\n|-unboost|p1a: Snorlax|spd|1\n|move|p1a: Snorlax|Earthquake|p2a: Gengar\n|-supereffective|p2a: Gengar\n|-damage|p2a: Gengar|31/100\n|\n|upkeep\n|turn|57\n|\n|t:|1738437668\n|switch|p1a: Chansey|Chansey|83/100\n|move|p2a: Gengar|Thunderbolt|p1a: Chansey\n|-damage|p1a: Chansey|70/100\n|\n|upkeep\n|turn|58\n|\n|t:|1738437678\n|switch|p2a: Chansey|Chansey|100/100 par\n|switch|p1a: Jynx|Jynx|100/100 slp\n|\n|upkeep\n|turn|59\n|\n|t:|1738437690\n|switch|p1a: Snorlax|Snorlax|47/100\n|cant|p2a: Chansey|par\n|\n|upkeep\n|turn|60\n|\n|t:|1738437696\n|move|p1a: Snorlax|Body Slam|p2a: Chansey\n|-damage|p2a: Chansey|58/100 par\n|cant|p2a: Chansey|par\n|\n|upkeep\n|turn|61\n|\n|t:|1738437713\n|switch|p2a: Exeggutor|Exeggutor|70/100\n|move|p1a: Snorlax|Body Slam|p2a: Exeggutor\n|-damage|p2a: Exeggutor|40/100\n|-status|p2a: Exeggutor|par\n|\n|upkeep\n|turn|62\n|\n|t:|1738437731\n|switch|p1a: Cloyster|Cloyster|57/100\n|move|p2a: Exeggutor|Explosion|p1a: Cloyster\n|-damage|p1a: Cloyster|5/100\n|faint|p2a: Exeggutor\n|\n|t:|1738437736\n|switch|p2a: Gengar|Gengar|31/100\n|turn|63\n|\n|t:|1738437744\n|switch|p1a: Chansey|Chansey|70/100\n|move|p2a: Gengar|Thunderbolt|p1a: Chansey\n|-damage|p1a: Chansey|58/100\n|\n|upkeep\n|turn|64\n|\n|t:|1738437749\n|switch|p2a: Chansey|Chansey|58/100 par\n|move|p1a: Chansey|Soft-Boiled|p1a: Chansey\n|-heal|p1a: Chansey|100/100\n|\n|upkeep\n|turn|65\n|\n|t:|1738437753\n|switch|p1a: Snorlax|Snorlax|47/100\n|move|p2a: Chansey|Ice Beam|p1a: Snorlax\n|-damage|p1a: Snorlax|27/100\n|\n|upkeep\n|turn|66\n|\n|t:|1738437758\n|switch|p2a: Alakazam|Alakazam|90/100 slp\n|move|p1a: Snorlax|Earthquake|p2a: Alakazam\n|-damage|p2a: Alakazam|47/100 slp\n|\n|upkeep\n|turn|67\n|\n|t:|1738437762\n|-curestatus|p2a: Alakazam|slp|[msg]\n|move|p1a: Snorlax|Body Slam|p2a: Alakazam\n|-damage|p2a: Alakazam|0 fnt\n|faint|p2a: Alakazam\n|\n|t:|1738437765\n|switch|p2a: Gengar|Gengar|31/100\n|turn|68\n|inactive|Amaranth has 270 seconds left.\n|\n|t:|1738437803\n|move|p2a: Gengar|Thunderbolt|p1a: Snorlax\n|-crit|p1a: Snorlax\n|-damage|p1a: Snorlax|0 fnt\n|faint|p1a: Snorlax\n|\n|t:|1738437805\n|switch|p1a: Zapdos|Zapdos|73/100\n|turn|69\n|\n|t:|1738437820\n|move|p2a: Gengar|Explosion|p1a: Zapdos\n|-damage|p1a: Zapdos|16/100\n|faint|p2a: Gengar\n|\n|t:|1738437822\n|switch|p2a: Chansey|Chansey|58/100 par\n|turn|70\n|\n|t:|1738437824\n|move|p1a: Zapdos|Drill Peck|p2a: Chansey\n|-damage|p2a: Chansey|24/100 par\n|move|p2a: Chansey|Ice Beam|p1a: Zapdos\n|-supereffective|p1a: Zapdos\n|-damage|p1a: Zapdos|0 fnt\n|faint|p1a: Zapdos\n|\n|t:|1738437826\n|switch|p1a: Cloyster|Cloyster|5/100\n|turn|71\n|\n|t:|1738437829\n|move|p1a: Cloyster|Explosion|p2a: Chansey\n|-damage|p2a: Chansey|0 fnt\n|faint|p2a: Chansey\n|faint|p1a: Cloyster\n|\n|win|Amaranth\n|c|☆Amaranth|ggs\n|c|☆spies rby|ggs\n|player|p1|\n|player|p2|\n","uploadtime":1738437829,"views":"1784","formatid":"gen1ou","rating":null,"private":0,"password":null}