{"id":"smogtours-gen1ou-956587","format":"[Gen 1] OU","players":["stunner047","Soda Eesti"],"log":"|inactive|Battle timer is ON: inactive players will automatically lose when time's up.\n|t:|1784312922\n|gametype|singles\n|player|p1|stunner047|#rbypliiidingdangdewgongs|\n|player|p2|Soda Eesti|gwynn|\n|gen|1\n|tier|[Gen 1] OU\n|rule|Desync Clause Mod: Desyncs resolve to link battle behavior from the acting player's perspective.\n|rule|HP Percentage Mod: HP is shown in percentages\n|rule|Endless Battle Clause: Forcing endless battles is banned\n|rule|Sleep Clause Mod: Limit one foe put to sleep\n|rule|Freeze Clause Mod: Limit one foe frozen\n|rule|Species Clause: Limit one of each Pokémon\n|rule|OHKO Clause: OHKO moves are banned\n|rule|Evasion Moves Clause: Evasion moves are banned\n|\n|t:|1784312922\n|teamsize|p1|6\n|teamsize|p2|6\n|start\n|switch|p1a: Gengar|Gengar|100/100\n|switch|p2a: House Tour|Gengar|100/100\n|turn|1\n|c|☆stunner047|gl hf\n|\n|t:|1784312933\n|move|p1a: Gengar|Hypnosis|p2a: House Tour|[miss]\n|-miss|p1a: Gengar\n|move|p2a: House Tour|Psychic|p1a: Gengar\n|-crit|p1a: Gengar\n|-supereffective|p1a: Gengar\n|-damage|p1a: Gengar|12/100\n|\n|upkeep\n|turn|2\n|\n|t:|1784312937\n|move|p2a: House Tour|Psychic|p1a: Gengar\n|-supereffective|p1a: Gengar\n|-damage|p1a: Gengar|0 fnt\n|faint|p1a: Gengar\n|\n|t:|1784312940\n|switch|p1a: Starmie|Starmie|100/100\n|turn|3\n|\n|t:|1784312943\n|move|p1a: Starmie|Thunder Wave|p2a: House Tour\n|-status|p2a: House Tour|par\n|cant|p2a: House Tour|par\n|\n|upkeep\n|turn|4\n|\n|t:|1784312947\n|move|p1a: Starmie|Blizzard|p2a: House Tour\n|-damage|p2a: House Tour|75/100 par\n|move|p2a: House Tour|Hypnosis|p1a: Starmie\n|-status|p1a: Starmie|slp|[from] move: Hypnosis\n|\n|upkeep\n|turn|5\n|\n|t:|1784312951\n|switch|p1a: Exeggutor|Exeggutor|100/100\n|move|p2a: House Tour|Night Shade|p1a: Exeggutor\n|-damage|p1a: Exeggutor|75/100\n|\n|upkeep\n|turn|6\n|\n|t:|1784312955\n|move|p1a: Exeggutor|Psychic|p2a: House Tour\n|-supereffective|p2a: House Tour\n|-damage|p2a: House Tour|13/100 par\n|move|p2a: House Tour|Explosion|p1a: Exeggutor\n|-damage|p1a: Exeggutor|19/100\n|faint|p2a: House Tour\n|\n|t:|1784312958\n|switch|p2a: Never Getting Laid|Tauros|100/100\n|turn|7\n|\n|t:|1784312966\n|switch|p1a: Snorlax|Snorlax|100/100\n|move|p2a: Never Getting Laid|Body Slam|p1a: Snorlax\n|-damage|p1a: Snorlax|77/100\n|\n|upkeep\n|turn|8\n|\n|t:|1784312969\n|switch|p2a: Tears|Snorlax|100/100\n|move|p1a: Snorlax|Reflect|p1a: Snorlax\n|-start|p1a: Snorlax|Reflect\n|\n|upkeep\n|turn|9\n|\n|t:|1784312972\n|move|p2a: Tears|Reflect|p2a: Tears\n|-start|p2a: Tears|Reflect\n|move|p1a: Snorlax|Reflect|p1a: Snorlax\n|-fail|p1a: Snorlax\n|\n|upkeep\n|turn|10\n|\n|t:|1784312973\n|move|p1a: Snorlax|Body Slam|p2a: Tears\n|-damage|p2a: Tears|88/100\n|move|p2a: Tears|Body Slam|p1a: Snorlax\n|-damage|p1a: Snorlax|62/100\n|\n|upkeep\n|turn|11\n|\n|t:|1784312976\n|move|p2a: Tears|Body Slam|p1a: Snorlax\n|-damage|p1a: Snorlax|49/100\n|move|p1a: Snorlax|Body Slam|p2a: Tears\n|-damage|p2a: Tears|74/100\n|\n|upkeep\n|turn|12\n|\n|t:|1784312979\n|move|p1a: Snorlax|Body Slam|p2a: Tears\n|-damage|p2a: Tears|61/100\n|move|p2a: Tears|Body Slam|p1a: Snorlax\n|-damage|p1a: Snorlax|36/100\n|\n|upkeep\n|turn|13\n|\n|t:|1784312981\n|move|p1a: Snorlax|Rest|p1a: Snorlax\n|-status|p1a: Snorlax|slp|[from] move: Rest\n|-heal|p1a: Snorlax|100/100 slp|[silent]\n|move|p2a: Tears|Body Slam|p1a: Snorlax\n|-damage|p1a: Snorlax|88/100 slp\n|\n|upkeep\n|turn|14\n|\n|t:|1784312984\n|switch|p2a: Go Go Juice|Zapdos|100/100\n|cant|p1a: Snorlax|slp\n|\n|upkeep\n|turn|15\n|\n|t:|1784312987\n|move|p2a: Go Go Juice|Thunderbolt|p1a: Snorlax\n|-damage|p1a: Snorlax|56/100 slp\n|-curestatus|p1a: Snorlax|slp|[msg]\n|\n|upkeep\n|turn|16\n|\n|t:|1784312992\n|move|p2a: Go Go Juice|Thunder Wave|p1a: Snorlax\n|-status|p1a: Snorlax|par\n|move|p1a: Snorlax|Body Slam|p2a: Go Go Juice\n|-damage|p2a: Go Go Juice|71/100\n|\n|upkeep\n|turn|17\n|\n|t:|1784312995\n|move|p2a: Go Go Juice|Thunderbolt|p1a: Snorlax\n|-damage|p1a: Snorlax|24/100 par\n|move|p1a: Snorlax|Body Slam|p2a: Go Go Juice\n|-damage|p2a: Go Go Juice|39/100\n|-status|p2a: Go Go Juice|par\n|\n|upkeep\n|turn|18\n|\n|t:|1784312997\n|move|p2a: Go Go Juice|Thunderbolt|p1a: Snorlax\n|-damage|p1a: Snorlax|0 fnt\n|faint|p1a: Snorlax\n|\n|t:|1784312999\n|switch|p1a: Exeggutor|Exeggutor|19/100\n|turn|19\n|\n|t:|1784313001\n|move|p1a: Exeggutor|Psychic|p2a: Go Go Juice\n|-damage|p2a: Go Go Juice|12/100 par\n|-unboost|p2a: Go Go Juice|spa|1\n|-unboost|p2a: Go Go Juice|spd|1\n|move|p2a: Go Go Juice|Drill Peck|p1a: Exeggutor\n|-supereffective|p1a: Exeggutor\n|-damage|p1a: Exeggutor|0 fnt\n|faint|p1a: Exeggutor\n|\n|t:|1784313004\n|switch|p1a: Chansey|Chansey|100/100\n|turn|20\n|\n|t:|1784313008\n|switch|p2a: Tears|Snorlax|61/100\n|move|p1a: Chansey|Ice Beam|p2a: Tears\n|-crit|p2a: Tears\n|-damage|p2a: Tears|22/100\n|\n|upkeep\n|turn|21\n|\n|t:|1784313011\n|move|p1a: Chansey|Ice Beam|p2a: Tears\n|-damage|p2a: Tears|2/100\n|move|p2a: Tears|Body Slam|p1a: Chansey\n|-damage|p1a: Chansey|59/100\n|\n|upkeep\n|turn|22\n|\n|t:|1784313013\n|move|p1a: Chansey|Ice Beam|p2a: Tears\n|-damage|p2a: Tears|0 fnt\n|faint|p2a: Tears\n|\n|t:|1784313015\n|switch|p2a: Nobody's Son|Exeggutor|100/100\n|turn|23\n|\n|t:|1784313017\n|move|p2a: Nobody's Son|Stun Spore|p1a: Chansey\n|-status|p1a: Chansey|par\n|move|p1a: Chansey|Thunder Wave|p2a: Nobody's Son\n|-status|p2a: Nobody's Son|par\n|\n|upkeep\n|turn|24\n|\n|t:|1784313019\n|move|p2a: Nobody's Son|Psychic|p1a: Chansey\n|-damage|p1a: Chansey|42/100 par\n|move|p1a: Chansey|Ice Beam|p2a: Nobody's Son\n|-supereffective|p2a: Nobody's Son\n|-damage|p2a: Nobody's Son|68/100 par\n|\n|upkeep\n|turn|25\n|\n|t:|1784313022\n|switch|p2a: Never Getting Laid|Tauros|100/100\n|move|p1a: Chansey|Soft-Boiled|p1a: Chansey\n|-heal|p1a: Chansey|92/100 par\n|\n|upkeep\n|turn|26\n|\n|t:|1784313025\n|switch|p2a: Nobody's Son|Exeggutor|68/100 par\n|switch|p1a: Starmie|Starmie|100/100 slp\n|\n|upkeep\n|turn|27\n|\n|t:|1784313028\n|cant|p1a: Starmie|slp\n|move|p2a: Nobody's Son|Psychic|p1a: Starmie\n|-crit|p1a: Starmie\n|-resisted|p1a: Starmie\n|-damage|p1a: Starmie|62/100 slp\n|-unboost|p1a: Starmie|spa|1\n|-unboost|p1a: Starmie|spd|1\n|\n|upkeep\n|turn|28\n|\n|t:|1784313030\n|switch|p1a: Chansey|Chansey|92/100 par\n|move|p2a: Nobody's Son|Psychic|p1a: Chansey\n|-damage|p1a: Chansey|76/100 par\n|\n|upkeep\n|turn|29\n|\n|t:|1784313033\n|switch|p1a: Starmie|Starmie|62/100 slp\n|move|p2a: Nobody's Son|Psychic|p1a: Starmie\n|-resisted|p1a: Starmie\n|-damage|p1a: Starmie|44/100 slp\n|\n|upkeep\n|turn|30\n|\n|t:|1784313036\n|switch|p2a: Never Getting Laid|Tauros|100/100\n|cant|p1a: Starmie|slp\n|\n|upkeep\n|turn|31\n|\n|t:|1784313039\n|cant|p1a: Starmie|slp\n|move|p2a: Never Getting Laid|Body Slam|p1a: Starmie\n|-crit|p1a: Starmie\n|-damage|p1a: Starmie|0 fnt\n|faint|p1a: Starmie\n|\n|t:|1784313041\n|switch|p1a: Tauros|Tauros|100/100\n|turn|32\n|\n|t:|1784313044\n|move|p1a: Tauros|Blizzard|p2a: Never Getting Laid\n|-damage|p2a: Never Getting Laid|76/100\n|move|p2a: Never Getting Laid|Body Slam|p1a: Tauros\n|-damage|p1a: Tauros|73/100\n|\n|upkeep\n|turn|33\n|\n|t:|1784313047\n|move|p1a: Tauros|Blizzard|p2a: Never Getting Laid\n|-crit|p2a: Never Getting Laid\n|-damage|p2a: Never Getting Laid|26/100\n|-status|p2a: Never Getting Laid|frz\n|cant|p2a: Never Getting Laid|frz\n|\n|upkeep\n|turn|34\n|\n|t:|1784313050\n|move|p1a: Tauros|Body Slam|p2a: Never Getting Laid\n|-crit|p2a: Never Getting Laid\n|-damage|p2a: Never Getting Laid|0 fnt\n|faint|p2a: Never Getting Laid\n|\n|t:|1784313052\n|switch|p2a: Nobody's Son|Exeggutor|68/100 par\n|turn|35\n|\n|t:|1784313055\n|switch|p1a: Chansey|Chansey|76/100 par\n|move|p2a: Nobody's Son|Psychic|p1a: Chansey\n|-crit|p1a: Chansey\n|-damage|p1a: Chansey|44/100 par\n|\n|upkeep\n|turn|36\n|\n|t:|1784313057\n|move|p2a: Nobody's Son|Explosion|p1a: Chansey\n|-damage|p1a: Chansey|0 fnt\n|faint|p1a: Chansey\n|faint|p2a: Nobody's Son\n|\n|t:|1784313058\n|switch|p2a: Goodbye|Venusaur|100/100\n|switch|p1a: Tauros|Tauros|73/100\n|turn|37\n|\n|t:|1784313065\n|move|p1a: Tauros|Body Slam|p2a: Goodbye\n|-damage|p2a: Goodbye|69/100\n|move|p2a: Goodbye|Sleep Powder|p1a: Tauros|[miss]\n|-miss|p2a: Goodbye\n|\n|upkeep\n|turn|38\n|\n|t:|1784313070\n|move|p1a: Tauros|Body Slam|p2a: Goodbye\n|-damage|p2a: Goodbye|40/100\n|move|p2a: Goodbye|Sleep Powder|p1a: Tauros|[miss]\n|-miss|p2a: Goodbye\n|\n|upkeep\n|turn|39\n|c|☆Soda Eesti|god fucking damn it venusaur\n|c|☆Soda Eesti|ur raising my heartrate\n|-message|Soda Eesti forfeited.\n|\n|win|stunner047\n|c|☆stunner047|mine too\n|c|☆stunner047|gg\n|c|☆stunner047|/log stunner047 made the replay of this battle unlisted.\n|player|p2|\n|player|p1|\n|player|p2|Soda Eesti|gwynn|\n|player|p2|\n","uploadtime":1784313090,"views":"46","formatid":"gen1ou","rating":null,"private":2,"password":null}