{"id":"smogtours-gen1ou-950625","format":"[Gen 1] OU","players":["Soda Krys","TG2513"],"log":"|inactive|Battle timer is ON: inactive players will automatically lose when time's up.\n|t:|1782576563\n|gametype|singles\n|player|p1|Soda Krys|gwynn|\n|player|p2|TG2513|brycenman|\n|gen|1\n|tier|[Gen 1] OU\n|rule|Desync Clause Mod: Desyncs changed to move failure.\n|rule|HP Percentage Mod: HP is shown in percentages\n|rule|Endless Battle Clause: Forcing endless battles is banned\n|rule|Sleep Clause Mod: Limit one foe put to sleep\n|rule|Freeze Clause Mod: Limit one foe frozen\n|rule|Species Clause: Limit one of each Pokémon\n|rule|OHKO Clause: OHKO moves are banned\n|rule|Evasion Moves Clause: Evasion moves are banned\n|\n|t:|1782576563\n|teamsize|p1|6\n|teamsize|p2|6\n|start\n|switch|p1a: Starmie|Starmie|100/100\n|switch|p2a: Alakazam|Alakazam|100/100\n|turn|1\n|c|☆TG2513|HF\n|\n|t:|1782576571\n|move|p2a: Alakazam|Thunder Wave|p1a: Starmie\n|-status|p1a: Starmie|par\n|cant|p1a: Starmie|par\n|\n|upkeep\n|turn|2\n|\n|t:|1782576580\n|switch|p2a: Snorlax|Snorlax|100/100\n|move|p1a: Starmie|Blizzard|p2a: Snorlax\n|-damage|p2a: Snorlax|76/100\n|\n|upkeep\n|turn|3\n|\n|t:|1782576584\n|switch|p1a: Exeggutor|Exeggutor|100/100\n|move|p2a: Snorlax|Body Slam|p1a: Exeggutor\n|-damage|p1a: Exeggutor|71/100\n|-status|p1a: Exeggutor|par\n|\n|upkeep\n|turn|4\n|\n|t:|1782576588\n|switch|p2a: Alakazam|Alakazam|100/100\n|move|p1a: Exeggutor|Sleep Powder|p2a: Alakazam\n|-status|p2a: Alakazam|slp|[from] move: Sleep Powder\n|\n|upkeep\n|turn|5\n|\n|t:|1782576597\n|switch|p2a: Exeggutor|Exeggutor|100/100\n|move|p1a: Exeggutor|Stun Spore|p2a: Exeggutor\n|-status|p2a: Exeggutor|par\n|\n|upkeep\n|turn|6\n|c|☆Soda Krys|has exeggutor ever been able to switch in without paraslam this set\n|c|☆Soda Krys|on either side\n|c|☆Soda Krys|idr it not happenng\n|c|☆TG2513|curse of egg\n|inactive|Soda Krys has 270 seconds left.\n|\n|t:|1782576629\n|move|p1a: Exeggutor|Psychic|p2a: Exeggutor\n|-resisted|p2a: Exeggutor\n|-damage|p2a: Exeggutor|86/100 par\n|move|p2a: Exeggutor|Double-Edge|p1a: Exeggutor\n|-damage|p1a: Exeggutor|51/100 par\n|-damage|p2a: Exeggutor|81/100 par|[from] Recoil|[of] p1a: Exeggutor\n|\n|upkeep\n|turn|7\n|\n|t:|1782576632\n|move|p1a: Exeggutor|Psychic|p2a: Exeggutor\n|-resisted|p2a: Exeggutor\n|-damage|p2a: Exeggutor|67/100 par\n|move|p2a: Exeggutor|Double-Edge|p1a: Exeggutor\n|-damage|p1a: Exeggutor|30/100 par\n|-damage|p2a: Exeggutor|62/100 par|[from] Recoil|[of] p1a: Exeggutor\n|\n|upkeep\n|turn|8\n|\n|t:|1782576640\n|move|p2a: Exeggutor|Double-Edge|p1a: Exeggutor\n|-damage|p1a: Exeggutor|9/100 par\n|-damage|p2a: Exeggutor|57/100 par|[from] Recoil|[of] p1a: Exeggutor\n|move|p1a: Exeggutor|Psychic|p2a: Exeggutor\n|-resisted|p2a: Exeggutor\n|-damage|p2a: Exeggutor|44/100 par\n|\n|upkeep\n|turn|9\n|\n|t:|1782576644\n|switch|p1a: Snorlax|Snorlax|100/100\n|cant|p2a: Exeggutor|par\n|\n|upkeep\n|turn|10\n|\n|t:|1782576647\n|move|p1a: Snorlax|Hyper Beam|p2a: Exeggutor\n|-damage|p2a: Exeggutor|0 fnt\n|faint|p2a: Exeggutor\n|\n|t:|1782576655\n|switch|p2a: Chansey|Chansey|100/100\n|turn|11\n|\n|t:|1782576659\n|switch|p1a: Chansey|Chansey|100/100\n|move|p2a: Chansey|Sing|p1a: Chansey|[miss]\n|-miss|p2a: Chansey\n|\n|upkeep\n|turn|12\n|\n|t:|1782576663\n|switch|p1a: Starmie|Starmie|100/100 par\n|move|p2a: Chansey|Sing|p1a: Starmie\n|-fail|p1a: Starmie\n|\n|upkeep\n|turn|13\n|\n|t:|1782576669\n|switch|p2a: Snorlax|Snorlax|76/100\n|move|p1a: Starmie|Blizzard|p2a: Snorlax|[miss]\n|-miss|p1a: Starmie\n|\n|upkeep\n|turn|14\n|\n|t:|1782576674\n|move|p2a: Snorlax|Reflect|p2a: Snorlax\n|-start|p2a: Snorlax|Reflect\n|move|p1a: Starmie|Thunder Wave|p2a: Snorlax\n|-status|p2a: Snorlax|par\n|\n|upkeep\n|turn|15\n|\n|t:|1782576676\n|cant|p1a: Starmie|par\n|move|p2a: Snorlax|Body Slam|p1a: Starmie\n|-damage|p1a: Starmie|62/100 par\n|\n|upkeep\n|turn|16\n|\n|t:|1782576678\n|move|p1a: Starmie|Recover|p1a: Starmie\n|-heal|p1a: Starmie|100/100 par\n|move|p2a: Snorlax|Body Slam|p1a: Starmie\n|-damage|p1a: Starmie|64/100 par\n|\n|upkeep\n|turn|17\n|\n|t:|1782576680\n|cant|p1a: Starmie|par\n|move|p2a: Snorlax|Body Slam|p1a: Starmie\n|-damage|p1a: Starmie|28/100 par\n|\n|upkeep\n|turn|18\n|\n|t:|1782576682\n|move|p1a: Starmie|Recover|p1a: Starmie\n|-heal|p1a: Starmie|78/100 par\n|cant|p2a: Snorlax|par\n|\n|upkeep\n|turn|19\n|\n|t:|1782576684\n|move|p1a: Starmie|Psychic|p2a: Snorlax\n|-damage|p2a: Snorlax|48/100 par\n|-unboost|p2a: Snorlax|spa|1\n|-unboost|p2a: Snorlax|spd|1\n|move|p2a: Snorlax|Body Slam|p1a: Starmie\n|-damage|p1a: Starmie|38/100 par\n|\n|upkeep\n|turn|20\n|\n|t:|1782576688\n|cant|p1a: Starmie|par\n|move|p2a: Snorlax|Body Slam|p1a: Starmie\n|-damage|p1a: Starmie|0 fnt\n|faint|p1a: Starmie\n|\n|t:|1782576708\n|switch|p1a: Slowbro|Slowbro|100/100\n|turn|21\n|\n|t:|1782576713\n|switch|p2a: Chansey|Chansey|100/100\n|move|p1a: Slowbro|Amnesia|p1a: Slowbro\n|-boost|p1a: Slowbro|spa|2\n|-boost|p1a: Slowbro|spd|2\n|\n|upkeep\n|turn|22\n|\n|t:|1782576719\n|switch|p1a: Chansey|Chansey|100/100\n|move|p2a: Chansey|Sing|p1a: Chansey|[miss]\n|-miss|p2a: Chansey\n|\n|upkeep\n|turn|23\n|\n|t:|1782576721\n|move|p2a: Chansey|Sing|p1a: Chansey|[miss]\n|-miss|p2a: Chansey\n|move|p1a: Chansey|Ice Beam|p2a: Chansey\n|-damage|p2a: Chansey|91/100\n|\n|upkeep\n|turn|24\n|\n|t:|1782576724\n|move|p2a: Chansey|Sing|p1a: Chansey|[miss]\n|-miss|p2a: Chansey\n|move|p1a: Chansey|Ice Beam|p2a: Chansey\n|-damage|p2a: Chansey|79/100\n|\n|upkeep\n|turn|25\n|\n|t:|1782576726\n|move|p2a: Chansey|Sing|p1a: Chansey|[miss]\n|-miss|p2a: Chansey\n|move|p1a: Chansey|Ice Beam|p2a: Chansey\n|-damage|p2a: Chansey|69/100\n|\n|upkeep\n|turn|26\n|\n|t:|1782576728\n|move|p1a: Chansey|Ice Beam|p2a: Chansey\n|-damage|p2a: Chansey|58/100\n|move|p2a: Chansey|Sing|p1a: Chansey\n|-status|p1a: Chansey|slp|[from] move: Sing\n|\n|upkeep\n|turn|27\n|\n|t:|1782576730\n|switch|p1a: Snorlax|Snorlax|100/100\n|switch|p2a: Zapdos|Zapdos|100/100\n|\n|upkeep\n|turn|28\n|\n|t:|1782576738\n|switch|p2a: Snorlax|Snorlax|48/100 par\n|move|p1a: Snorlax|Body Slam|p2a: Snorlax\n|-damage|p2a: Snorlax|23/100 par\n|\n|upkeep\n|turn|29\n|\n|t:|1782576741\n|move|p1a: Snorlax|Body Slam|p2a: Snorlax\n|-damage|p2a: Snorlax|0 fnt\n|faint|p2a: Snorlax\n|\n|t:|1782576743\n|switch|p2a: Tauros|Tauros|100/100\n|turn|30\n|\n|t:|1782576747\n|move|p2a: Tauros|Body Slam|p1a: Snorlax\n|-damage|p1a: Snorlax|77/100\n|move|p1a: Snorlax|Body Slam|p2a: Tauros\n|-damage|p2a: Tauros|68/100\n|\n|upkeep\n|turn|31\n|\n|t:|1782576751\n|move|p2a: Tauros|Body Slam|p1a: Snorlax\n|-damage|p1a: Snorlax|52/100\n|move|p1a: Snorlax|Body Slam|p2a: Tauros\n|-damage|p2a: Tauros|36/100\n|\n|upkeep\n|turn|32\n|\n|t:|1782576761\n|switch|p1a: Tauros|Tauros|100/100\n|move|p2a: Tauros|Hyper Beam|p1a: Tauros\n|-crit|p1a: Tauros\n|-damage|p1a: Tauros|0 fnt\n|faint|p1a: Tauros\n|\n|t:|1782576766\n|switch|p1a: Snorlax|Snorlax|52/100\n|turn|33\n|\n|t:|1782576768\n|move|p2a: Tauros|Hyper Beam|p1a: Snorlax\n|-damage|p1a: Snorlax|7/100\n|-mustrecharge|p2a: Tauros\n|move|p1a: Snorlax|Hyper Beam|p2a: Tauros\n|-damage|p2a: Tauros|0 fnt\n|faint|p2a: Tauros\n|\n|t:|1782576784\n|switch|p2a: Chansey|Chansey|58/100\n|turn|34\n|\n|t:|1782576789\n|switch|p1a: Slowbro|Slowbro|100/100\n|move|p2a: Chansey|Ice Beam|p1a: Slowbro\n|-resisted|p1a: Slowbro\n|-damage|p1a: Slowbro|88/100\n|\n|upkeep\n|turn|35\n|\n|t:|1782576793\n|move|p2a: Chansey|Thunder Wave|p1a: Slowbro\n|-status|p1a: Slowbro|par\n|cant|p1a: Slowbro|par\n|\n|upkeep\n|turn|36\n|\n|t:|1782576796\n|move|p2a: Chansey|Soft-Boiled|p2a: Chansey\n|-heal|p2a: Chansey|100/100\n|move|p1a: Slowbro|Thunder Wave|p2a: Chansey\n|-status|p2a: Chansey|par\n|\n|upkeep\n|turn|37\n|\n|t:|1782576798\n|switch|p2a: Zapdos|Zapdos|100/100\n|move|p1a: Slowbro|Amnesia|p1a: Slowbro\n|-boost|p1a: Slowbro|spa|2\n|-boost|p1a: Slowbro|spd|2\n|\n|upkeep\n|turn|38\n|\n|t:|1782576803\n|move|p2a: Zapdos|Thunderbolt|p1a: Slowbro\n|-supereffective|p1a: Slowbro\n|-damage|p1a: Slowbro|49/100 par\n|move|p1a: Slowbro|Thunder Wave|p2a: Zapdos\n|-status|p2a: Zapdos|par\n|\n|upkeep\n|turn|39\n|\n|t:|1782576810\n|move|p2a: Zapdos|Thunderbolt|p1a: Slowbro\n|-supereffective|p1a: Slowbro\n|-damage|p1a: Slowbro|12/100 par\n|move|p1a: Slowbro|Rest|p1a: Slowbro\n|-status|p1a: Slowbro|slp|[from] move: Rest\n|-heal|p1a: Slowbro|100/100 slp|[silent]\n|\n|upkeep\n|turn|40\n|\n|t:|1782576814\n|move|p2a: Zapdos|Thunderbolt|p1a: Slowbro\n|-supereffective|p1a: Slowbro\n|-damage|p1a: Slowbro|65/100 slp\n|cant|p1a: Slowbro|slp\n|\n|upkeep\n|turn|41\n|\n|t:|1782576816\n|cant|p2a: Zapdos|par\n|-curestatus|p1a: Slowbro|slp|[msg]\n|\n|upkeep\n|turn|42\n|\n|t:|1782576817\n|move|p2a: Zapdos|Thunderbolt|p1a: Slowbro\n|-supereffective|p1a: Slowbro\n|-damage|p1a: Slowbro|29/100\n|move|p1a: Slowbro|Psychic|p2a: Zapdos\n|-damage|p2a: Zapdos|57/100 par\n|-unboost|p2a: Zapdos|spa|1\n|-unboost|p2a: Zapdos|spd|1\n|\n|upkeep\n|turn|43\n|\n|t:|1782576828\n|move|p1a: Slowbro|Amnesia|p1a: Slowbro\n|-boost|p1a: Slowbro|spa|2\n|-boost|p1a: Slowbro|spd|2\n|move|p2a: Zapdos|Thunderbolt|p1a: Slowbro\n|-supereffective|p1a: Slowbro\n|-damage|p1a: Slowbro|11/100\n|\n|upkeep\n|turn|44\n|\n|t:|1782576835\n|switch|p2a: Chansey|Chansey|100/100 par\n|move|p1a: Slowbro|Rest|p1a: Slowbro\n|-status|p1a: Slowbro|slp|[from] move: Rest\n|-heal|p1a: Slowbro|100/100 slp|[silent]\n|\n|upkeep\n|turn|45\n|\n|t:|1782576839\n|switch|p2a: Zapdos|Zapdos|57/100 par\n|cant|p1a: Slowbro|slp\n|\n|upkeep\n|turn|46\n|\n|t:|1782576845\n|move|p2a: Zapdos|Thunderbolt|p1a: Slowbro\n|-supereffective|p1a: Slowbro\n|-damage|p1a: Slowbro|75/100 slp\n|-curestatus|p1a: Slowbro|slp|[msg]\n|\n|upkeep\n|turn|47\n|\n|t:|1782576849\n|cant|p2a: Zapdos|par\n|move|p1a: Slowbro|Psychic|p2a: Zapdos\n|-damage|p2a: Zapdos|0 fnt\n|faint|p2a: Zapdos\n|\n|t:|1782576851\n|switch|p2a: Chansey|Chansey|100/100 par\n|turn|48\n|\n|t:|1782576852\n|move|p2a: Chansey|Ice Beam|p1a: Slowbro\n|-crit|p1a: Slowbro\n|-resisted|p1a: Slowbro\n|-damage|p1a: Slowbro|54/100\n|move|p1a: Slowbro|Amnesia|p1a: Slowbro\n|-boost|p1a: Slowbro|spa|2\n|-boost|p1a: Slowbro|spd|2\n|\n|upkeep\n|turn|49\n|\n|t:|1782576856\n|move|p1a: Slowbro|Psychic|p2a: Chansey\n|-damage|p2a: Chansey|56/100 par\n|move|p2a: Chansey|Ice Beam|p1a: Slowbro\n|-resisted|p1a: Slowbro\n|-damage|p1a: Slowbro|51/100\n|\n|upkeep\n|turn|50\n|\n|t:|1782576858\n|move|p1a: Slowbro|Psychic|p2a: Chansey\n|-damage|p2a: Chansey|7/100 par\n|move|p2a: Chansey|Soft-Boiled|p2a: Chansey\n|-heal|p2a: Chansey|57/100 par\n|\n|upkeep\n|turn|51\n|\n|t:|1782576864\n|move|p1a: Slowbro|Psychic|p2a: Chansey\n|-damage|p2a: Chansey|12/100 par\n|-unboost|p2a: Chansey|spa|1\n|-unboost|p2a: Chansey|spd|1\n|move|p2a: Chansey|Soft-Boiled|p2a: Chansey\n|-heal|p2a: Chansey|62/100 par\n|\n|upkeep\n|turn|52\n|\n|t:|1782576866\n|move|p1a: Slowbro|Psychic|p2a: Chansey\n|-damage|p2a: Chansey|0 fnt\n|faint|p2a: Chansey\n|\n|t:|1782576867\n|switch|p2a: Alakazam|Alakazam|100/100 slp\n|turn|53\n|\n|t:|1782576870\n|cant|p2a: Alakazam|slp\n|move|p1a: Slowbro|Psychic|p2a: Alakazam\n|-resisted|p2a: Alakazam\n|-damage|p2a: Alakazam|54/100 slp\n|\n|upkeep\n|turn|54\n|\n|t:|1782576871\n|cant|p2a: Alakazam|slp\n|move|p1a: Slowbro|Psychic|p2a: Alakazam\n|-resisted|p2a: Alakazam\n|-damage|p2a: Alakazam|7/100 slp\n|\n|upkeep\n|turn|55\n|\n|t:|1782576873\n|-curestatus|p2a: Alakazam|slp|[msg]\n|move|p1a: Slowbro|Psychic|p2a: Alakazam\n|-resisted|p2a: Alakazam\n|-damage|p2a: Alakazam|0 fnt\n|faint|p2a: Alakazam\n|\n|win|Soda Krys\n|c|☆Soda Krys|10-12\n|c|☆Soda Krys|gg\n|c|☆TG2513|why cant I beat these mons\n","uploadtime":1782576873,"views":"57","formatid":"gen1ou","rating":null,"private":0,"password":null}