{"id":"smogtours-gen1ou-917726","format":"[Gen 1] OU","players":["Ct0wn","Girls See Ghosts"],"log":"|inactive|Battle timer is ON: inactive players will automatically lose when time's up.\n|t:|1773605910\n|gametype|singles\n|player|p1|Ct0wn|battlegirl-gen4|\n|player|p2|Girls See Ghosts|#rbywc2025|\n|gen|1\n|tier|[Gen 1] OU\n|rule|Desync Clause Mod: Desyncs changed to move failure.\n|rule|HP Percentage Mod: HP is shown in percentages\n|rule|Endless Battle Clause: Forcing endless battles is banned\n|rule|Sleep Clause Mod: Limit one foe put to sleep\n|rule|Freeze Clause Mod: Limit one foe frozen\n|rule|Species Clause: Limit one of each Pokémon\n|rule|OHKO Clause: OHKO moves are banned\n|rule|Evasion Moves Clause: Evasion moves are banned\n|\n|t:|1773605910\n|teamsize|p1|6\n|teamsize|p2|6\n|start\n|switch|p1a: Gengar|Gengar|100/100\n|switch|p2a: Gengar|Gengar|100/100\n|turn|1\n|c|☆Girls See Ghosts|glhf\n|c|☆Ct0wn|U2 bro\n|inactive|Ct0wn has 270 seconds left.\n|\n|t:|1773605946\n|move|p2a: Gengar|Hypnosis|p1a: Gengar\n|-status|p1a: Gengar|slp|[from] move: Hypnosis\n|cant|p1a: Gengar|slp\n|\n|upkeep\n|turn|2\n|\n|t:|1773605954\n|switch|p1a: Chansey|Chansey|100/100\n|move|p2a: Gengar|Night Shade|p1a: Chansey\n|-damage|p1a: Chansey|86/100\n|\n|upkeep\n|turn|3\n|\n|t:|1773605959\n|move|p2a: Gengar|Night Shade|p1a: Chansey\n|-damage|p1a: Chansey|72/100\n|move|p1a: Chansey|Sing|p2a: Gengar|[miss]\n|-miss|p1a: Chansey\n|\n|upkeep\n|turn|4\n|\n|t:|1773605965\n|switch|p1a: Gengar|Gengar|100/100 slp\n|move|p2a: Gengar|Thunderbolt|p1a: Gengar\n|-damage|p1a: Gengar|78/100 slp\n|\n|upkeep\n|turn|5\n|rated|Smogon Premier League\n|\n|t:|1773605972\n|switch|p1a: Chansey|Chansey|72/100\n|move|p2a: Gengar|Thunderbolt|p1a: Chansey\n|-damage|p1a: Chansey|60/100\n|\n|upkeep\n|turn|6\n|\n|t:|1773605977\n|switch|p1a: Rhydon|Rhydon|100/100\n|move|p2a: Gengar|Thunderbolt|p1a: Rhydon\n|-immune|p1a: Rhydon\n|\n|upkeep\n|turn|7\n|\n|t:|1773605982\n|switch|p2a: Exeggutor|Exeggutor|100/100\n|move|p1a: Rhydon|Body Slam|p2a: Exeggutor\n|-damage|p2a: Exeggutor|76/100\n|\n|upkeep\n|turn|8\n|\n|t:|1773605991\n|switch|p1a: Exeggutor|Exeggutor|100/100\n|move|p2a: Exeggutor|Psychic|p1a: Exeggutor\n|-resisted|p1a: Exeggutor\n|-damage|p1a: Exeggutor|86/100\n|\n|upkeep\n|turn|9\n|\n|t:|1773605999\n|switch|p2a: Gengar|Gengar|100/100\n|move|p1a: Exeggutor|Stun Spore|p2a: Gengar\n|-status|p2a: Gengar|par\n|\n|upkeep\n|turn|10\n|\n|t:|1773606020\n|switch|p2a: Exeggutor|Exeggutor|76/100\n|move|p1a: Exeggutor|Psychic|p2a: Exeggutor\n|-resisted|p2a: Exeggutor\n|-damage|p2a: Exeggutor|64/100\n|\n|upkeep\n|turn|11\n|\n|t:|1773606033\n|switch|p2a: Chansey|Chansey|100/100\n|move|p1a: Exeggutor|Stun Spore|p2a: Chansey\n|-status|p2a: Chansey|par\n|\n|upkeep\n|turn|12\n|\n|t:|1773606042\n|move|p1a: Exeggutor|Psychic|p2a: Chansey\n|-damage|p2a: Chansey|83/100 par\n|cant|p2a: Chansey|par\n|\n|upkeep\n|turn|13\n|\n|t:|1773606049\n|move|p1a: Exeggutor|Psychic|p2a: Chansey\n|-damage|p2a: Chansey|65/100 par\n|-unboost|p2a: Chansey|spa|1\n|-unboost|p2a: Chansey|spd|1\n|move|p2a: Chansey|Ice Beam|p1a: Exeggutor\n|-supereffective|p1a: Exeggutor\n|-damage|p1a: Exeggutor|64/100\n|\n|upkeep\n|turn|14\n|\n|t:|1773606054\n|move|p1a: Exeggutor|Psychic|p2a: Chansey\n|-damage|p2a: Chansey|39/100 par\n|cant|p2a: Chansey|par\n|\n|upkeep\n|turn|15\n|\n|t:|1773606063\n|switch|p1a: Rhydon|Rhydon|100/100\n|switch|p2a: Gengar|Gengar|100/100 par\n|\n|upkeep\n|turn|16\n|\n|t:|1773606068\n|switch|p2a: Exeggutor|Exeggutor|64/100\n|move|p1a: Rhydon|Body Slam|p2a: Exeggutor\n|-crit|p2a: Exeggutor\n|-damage|p2a: Exeggutor|19/100\n|\n|upkeep\n|turn|17\n|\n|t:|1773606083\n|switch|p1a: Exeggutor|Exeggutor|64/100\n|move|p2a: Exeggutor|Mega Drain|p1a: Exeggutor\n|-resisted|p1a: Exeggutor\n|-damage|p1a: Exeggutor|57/100\n|-heal|p2a: Exeggutor|22/100|[from] drain|[of] p1a: Exeggutor\n|\n|upkeep\n|turn|18\n|\n|t:|1773606095\n|switch|p1a: Gengar|Gengar|78/100 slp\n|move|p2a: Exeggutor|Psychic|p1a: Gengar\n|-supereffective|p1a: Gengar\n|-damage|p1a: Gengar|16/100 slp\n|\n|upkeep\n|turn|19\n|\n|t:|1773606100\n|switch|p1a: Chansey|Chansey|60/100\n|move|p2a: Exeggutor|Psychic|p1a: Chansey\n|-damage|p1a: Chansey|43/100\n|\n|upkeep\n|turn|20\n|\n|t:|1773606106\n|switch|p2a: Chansey|Chansey|39/100 par\n|switch|p1a: Gengar|Gengar|16/100 slp\n|\n|upkeep\n|turn|21\n|\n|t:|1773606111\n|switch|p1a: Rhydon|Rhydon|100/100\n|move|p2a: Chansey|Ice Beam|p1a: Rhydon\n|-supereffective|p1a: Rhydon\n|-damage|p1a: Rhydon|38/100\n|\n|upkeep\n|turn|22\n|inactive|Girls See Ghosts has 270 seconds left.\n|\n|t:|1773606148\n|switch|p2a: Gengar|Gengar|100/100 par\n|move|p1a: Rhydon|Earthquake|p2a: Gengar\n|-crit|p2a: Gengar\n|-supereffective|p2a: Gengar\n|-damage|p2a: Gengar|0 fnt\n|faint|p2a: Gengar\n|\n|t:|1773606154\n|switch|p2a: Tauros|Tauros|100/100\n|turn|23\n|\n|t:|1773606167\n|switch|p1a: Gengar|Gengar|16/100 slp\n|move|p2a: Tauros|Blizzard|p1a: Gengar\n|-damage|p1a: Gengar|0 fnt\n|faint|p1a: Gengar\n|\n|t:|1773606169\n|switch|p1a: Tauros|Tauros|100/100\n|turn|24\n|\n|t:|1773606184\n|move|p2a: Tauros|Body Slam|p1a: Tauros\n|-damage|p1a: Tauros|70/100\n|move|p1a: Tauros|Body Slam|p2a: Tauros\n|-damage|p2a: Tauros|74/100\n|\n|upkeep\n|turn|25\n|\n|t:|1773606193\n|move|p1a: Tauros|Body Slam|p2a: Tauros\n|-damage|p2a: Tauros|45/100\n|move|p2a: Tauros|Body Slam|p1a: Tauros\n|-damage|p1a: Tauros|42/100\n|\n|upkeep\n|turn|26\n|inactive|Girls See Ghosts has 270 seconds left.\n|\n|t:|1773606232\n|switch|p2a: Snorlax|Snorlax|100/100\n|move|p1a: Tauros|Hyper Beam|p2a: Snorlax\n|-damage|p2a: Snorlax|59/100\n|-mustrecharge|p1a: Tauros\n|\n|upkeep\n|turn|27\n|inactive|Girls See Ghosts has 270 seconds left.\n|\n|t:|1773606239\n|cant|p1a: Tauros|recharge\n|move|p2a: Snorlax|Body Slam|p1a: Tauros\n|-damage|p1a: Tauros|10/100\n|\n|upkeep\n|turn|28\n|\n|t:|1773606258\n|move|p1a: Tauros|Hyper Beam|p2a: Snorlax\n|-damage|p2a: Snorlax|18/100\n|-mustrecharge|p1a: Tauros\n|move|p2a: Snorlax|Body Slam|p1a: Tauros\n|-damage|p1a: Tauros|0 fnt\n|faint|p1a: Tauros\n|\n|t:|1773606260\n|switch|p1a: Exeggutor|Exeggutor|57/100\n|turn|29\n|\n|t:|1773606272\n|switch|p2a: Exeggutor|Exeggutor|22/100\n|move|p1a: Exeggutor|Psychic|p2a: Exeggutor\n|-resisted|p2a: Exeggutor\n|-damage|p2a: Exeggutor|7/100\n|\n|upkeep\n|turn|30\n|\n|t:|1773606277\n|move|p1a: Exeggutor|Psychic|p2a: Exeggutor\n|-resisted|p2a: Exeggutor\n|-damage|p2a: Exeggutor|0 fnt\n|faint|p2a: Exeggutor\n|\n|t:|1773606283\n|switch|p2a: Chansey|Chansey|39/100 par\n|turn|31\n|\n|t:|1773606293\n|switch|p1a: Slowbro|Slowbro|100/100\n|move|p2a: Chansey|Ice Beam|p1a: Slowbro\n|-resisted|p1a: Slowbro\n|-damage|p1a: Slowbro|89/100\n|\n|upkeep\n|turn|32\n|\n|t:|1773606303\n|move|p1a: Slowbro|Amnesia|p1a: Slowbro\n|-boost|p1a: Slowbro|spa|2\n|-boost|p1a: Slowbro|spd|2\n|move|p2a: Chansey|Thunder Wave|p1a: Slowbro\n|-status|p1a: Slowbro|par\n|\n|upkeep\n|turn|33\n|\n|t:|1773606315\n|switch|p2a: Zapdos|Zapdos|100/100\n|move|p1a: Slowbro|Amnesia|p1a: Slowbro\n|-boost|p1a: Slowbro|spa|2\n|-boost|p1a: Slowbro|spd|2\n|\n|upkeep\n|turn|34\n|\n|t:|1773606320\n|switch|p1a: Rhydon|Rhydon|38/100\n|move|p2a: Zapdos|Thunderbolt|p1a: Rhydon\n|-immune|p1a: Rhydon\n|\n|upkeep\n|turn|35\n|\n|t:|1773606327\n|switch|p2a: Snorlax|Snorlax|18/100\n|move|p1a: Rhydon|Substitute|p1a: Rhydon\n|-start|p1a: Rhydon|Substitute\n|-damage|p1a: Rhydon|13/100\n|\n|upkeep\n|turn|36\n|\n|t:|1773606329\n|move|p1a: Rhydon|Earthquake|p2a: Snorlax\n|-damage|p2a: Snorlax|0 fnt\n|faint|p2a: Snorlax\n|\n|t:|1773606331\n|switch|p2a: Tauros|Tauros|45/100\n|turn|37\n|\n|t:|1773606358\n|move|p2a: Tauros|Blizzard|p1a: Rhydon\n|-supereffective|p1a: Rhydon\n|-end|p1a: Rhydon|Substitute\n|move|p1a: Rhydon|Earthquake|p2a: Tauros\n|-damage|p2a: Tauros|2/100\n|\n|upkeep\n|turn|38\n|inactive|Ct0wn has 270 seconds left.\n|\n|t:|1773606375\n|switch|p1a: Chansey|Chansey|43/100\n|move|p2a: Tauros|Blizzard|p1a: Chansey\n|-damage|p1a: Chansey|32/100\n|\n|upkeep\n|turn|39\n|\n|t:|1773606384\n|move|p2a: Tauros|Body Slam|p1a: Chansey\n|-crit|p1a: Chansey\n|-damage|p1a: Chansey|0 fnt\n|faint|p1a: Chansey\n|\n|t:|1773606386\n|switch|p1a: Exeggutor|Exeggutor|57/100\n|turn|40\n|inactive|Girls See Ghosts has 270 seconds left.\n|\n|t:|1773606427\n|move|p2a: Tauros|Body Slam|p1a: Exeggutor\n|-damage|p1a: Exeggutor|29/100\n|move|p1a: Exeggutor|Psychic|p2a: Tauros\n|-damage|p2a: Tauros|0 fnt\n|faint|p2a: Tauros\n|\n|t:|1773606431\n|switch|p2a: Zapdos|Zapdos|100/100\n|turn|41\n|\n|t:|1773606436\n|move|p2a: Zapdos|Drill Peck|p1a: Exeggutor\n|-supereffective|p1a: Exeggutor\n|-damage|p1a: Exeggutor|0 fnt\n|faint|p1a: Exeggutor\n|\n|t:|1773606437\n|switch|p1a: Rhydon|Rhydon|13/100\n|turn|42\n|\n|t:|1773606442\n|switch|p2a: Chansey|Chansey|39/100 par\n|move|p1a: Rhydon|Rest|p1a: Rhydon\n|-status|p1a: Rhydon|slp|[from] move: Rest\n|-heal|p1a: Rhydon|100/100 slp|[silent]\n|\n|upkeep\n|turn|43\n|\n|t:|1773606452\n|cant|p1a: Rhydon|slp\n|move|p2a: Chansey|Ice Beam|p1a: Rhydon\n|-supereffective|p1a: Rhydon\n|-damage|p1a: Rhydon|40/100 slp\n|\n|upkeep\n|turn|44\n|\n|t:|1773606456\n|switch|p1a: Slowbro|Slowbro|89/100 par\n|move|p2a: Chansey|Ice Beam|p1a: Slowbro\n|-resisted|p1a: Slowbro\n|-damage|p1a: Slowbro|77/100 par\n|\n|upkeep\n|turn|45\n|\n|t:|1773606464\n|move|p2a: Chansey|Soft-Boiled|p2a: Chansey\n|-heal|p2a: Chansey|89/100 par\n|cant|p1a: Slowbro|par\n|\n|upkeep\n|turn|46\n|\n|t:|1773606470\n|cant|p2a: Chansey|par\n|cant|p1a: Slowbro|par\n|\n|upkeep\n|turn|47\n|\n|t:|1773606473\n|cant|p2a: Chansey|par\n|move|p1a: Slowbro|Amnesia|p1a: Slowbro\n|-boost|p1a: Slowbro|spa|2\n|-boost|p1a: Slowbro|spd|2\n|\n|upkeep\n|turn|48\n|\n|t:|1773606477\n|switch|p2a: Zapdos|Zapdos|100/100\n|cant|p1a: Slowbro|par\n|\n|upkeep\n|turn|49\n|\n|t:|1773606482\n|move|p2a: Zapdos|Thunderbolt|p1a: Slowbro\n|-crit|p1a: Slowbro\n|-supereffective|p1a: Slowbro\n|-damage|p1a: Slowbro|0 fnt\n|faint|p1a: Slowbro\n|\n|t:|1773606484\n|switch|p1a: Rhydon|Rhydon|40/100 slp\n|turn|50\n|\n|t:|1773606486\n|switch|p2a: Chansey|Chansey|89/100 par\n|-curestatus|p1a: Rhydon|slp|[msg]\n|\n|upkeep\n|turn|51\n|\n|t:|1773606489\n|move|p1a: Rhydon|Substitute|p1a: Rhydon\n|-start|p1a: Rhydon|Substitute\n|-damage|p1a: Rhydon|15/100\n|move|p2a: Chansey|Ice Beam|p1a: Rhydon\n|-supereffective|p1a: Rhydon\n|-end|p1a: Rhydon|Substitute\n|\n|upkeep\n|turn|52\n|\n|t:|1773606491\n|move|p1a: Rhydon|Earthquake|p2a: Chansey\n|-damage|p2a: Chansey|34/100 par\n|move|p2a: Chansey|Ice Beam|p1a: Rhydon\n|-supereffective|p1a: Rhydon\n|-damage|p1a: Rhydon|0 fnt\n|faint|p1a: Rhydon\n|\n|win|Girls See Ghosts\n|c|☆Girls See Ghosts|gg\n|c|☆Ct0wn|Gg\n","uploadtime":1773606491,"views":"820","formatid":"gen1ou","rating":null,"private":0,"password":null}