{"id":"smogtours-gen1ou-818722","format":"[Gen 1] OU","players":["nicole7735","Serpi n_n"],"log":"|inactive|Battle timer is ON: inactive players will automatically lose when time's up.\n|t:|1739048482\n|gametype|singles\n|player|p1|nicole7735|#splxvisharks2|\n|player|p2|Serpi n_n|#splxviraiders|\n|teamsize|p1|6\n|teamsize|p2|6\n|gen|1\n|tier|[Gen 1] OU\n|rule|Desync Clause Mod: Desyncs changed to move failure.\n|rule|Sleep Clause Mod: Limit one foe put to sleep\n|rule|Freeze Clause Mod: Limit one foe frozen\n|rule|Species Clause: Limit one of each Pokémon\n|rule|OHKO Clause: OHKO moves are banned\n|rule|Evasion Moves Clause: Evasion moves are banned\n|rule|Endless Battle Clause: Forcing endless battles is banned\n|rule|HP Percentage Mod: HP is shown in percentages\n|\n|t:|1739048482\n|start\n|switch|p1a: Jynx|Jynx|100/100\n|switch|p2a: Gengar|Gengar|100/100\n|turn|1\n|c|☆Serpi n_n|hf\n|c|☆nicole7735|hf\n|inactive|nicole7735 has 270 seconds left.\n|inactive|Serpi n_n has 270 seconds left.\n|\n|t:|1739048533\n|switch|p1a: Starmie|Starmie|100/100\n|move|p2a: Gengar|Hypnosis|p1a: Starmie\n|-status|p1a: Starmie|slp|[from] move: Hypnosis\n|\n|upkeep\n|turn|2\n|rated|Smogon Premier League\n|inactive|nicole7735 has 270 seconds left.\n|inactive|Serpi n_n has 270 seconds left.\n|\n|t:|1739048589\n|switch|p1a: Chansey|Chansey|100/100\n|move|p2a: Gengar|Night Shade|p1a: Chansey\n|-damage|p1a: Chansey|86/100\n|\n|upkeep\n|turn|3\n|inactive|nicole7735 has 240 seconds left.\n|inactive|Serpi n_n has 240 seconds left.\n|inactive|nicole7735 has 210 seconds left.\n|inactive|Serpi n_n has 210 seconds left.\n|\n|t:|1739048647\n|move|p2a: Gengar|Night Shade|p1a: Chansey\n|-damage|p1a: Chansey|72/100\n|move|p1a: Chansey|Soft-Boiled|p1a: Chansey\n|-heal|p1a: Chansey|100/100\n|\n|upkeep\n|turn|4\n|inactive|nicole7735 has 210 seconds left.\n|inactive|Serpi n_n has 210 seconds left.\n|\n|t:|1739048671\n|move|p2a: Gengar|Night Shade|p1a: Chansey\n|-damage|p1a: Chansey|86/100\n|move|p1a: Chansey|Thunder Wave|p2a: Gengar\n|-status|p2a: Gengar|par\n|\n|upkeep\n|turn|5\n|inactive|Serpi n_n has 210 seconds left.\n|inactive|nicole7735 has 180 seconds left.\n|inactive|nicole7735 has 150 seconds left.\n|inactive|nicole7735 has 120 seconds left.\n|\n|t:|1739048783\n|switch|p1a: Rhydon|Rhydon|100/100\n|move|p2a: Gengar|Explosion|p1a: Rhydon\n|-resisted|p1a: Rhydon\n|-damage|p1a: Rhydon|77/100\n|faint|p2a: Gengar\n|\n|t:|1739048797\n|switch|p2a: Tauros|Tauros|100/100\n|turn|6\n|\n|t:|1739048812\n|switch|p1a: Snorlax|Snorlax|100/100\n|move|p2a: Tauros|Body Slam|p1a: Snorlax\n|-crit|p1a: Snorlax\n|-damage|p1a: Snorlax|55/100\n|\n|upkeep\n|turn|7\n|\n|t:|1739048819\n|move|p2a: Tauros|Body Slam|p1a: Snorlax\n|-damage|p1a: Snorlax|31/100\n|move|p1a: Snorlax|Self-Destruct|p2a: Tauros\n|-damage|p2a: Tauros|3/100\n|faint|p1a: Snorlax\n|\n|t:|1739048827\n|switch|p1a: Tauros|Tauros|100/100\n|turn|8\n|\n|t:|1739048838\n|move|p1a: Tauros|Body Slam|p2a: Tauros\n|-damage|p2a: Tauros|0 fnt\n|faint|p2a: Tauros\n|inactive|Serpi n_n has 180 seconds left.\n|inactive|Serpi n_n has 150 seconds left.\n|inactive|Serpi n_n has 120 seconds left.\n|\n|t:|1739048943\n|switch|p2a: Starmie|Starmie|100/100\n|turn|9\n|inactive|nicole7735 has 120 seconds left.\n|inactive|nicole7735 has 90 seconds left.\n|\n|t:|1739048997\n|switch|p1a: Starmie|Starmie|100/100 slp\n|move|p2a: Starmie|Thunder Wave|p1a: Starmie\n|-fail|p1a: Starmie\n|\n|upkeep\n|turn|10\n|inactive|Serpi n_n has 120 seconds left.\n|\n|t:|1739049006\n|switch|p1a: Chansey|Chansey|86/100\n|move|p2a: Starmie|Thunder Wave|p1a: Chansey\n|-status|p1a: Chansey|par\n|\n|upkeep\n|turn|11\n|inactive|Serpi n_n has 120 seconds left.\n|inactive|Serpi n_n has 90 seconds left.\n|\n|t:|1739049062\n|move|p2a: Starmie|Psychic|p1a: Chansey\n|-damage|p1a: Chansey|72/100 par\n|move|p1a: Chansey|Ice Beam|p2a: Starmie\n|-resisted|p2a: Starmie\n|-damage|p2a: Starmie|89/100\n|\n|upkeep\n|turn|12\n|inactive|Serpi n_n has 60 seconds left.\n|\n|t:|1739049105\n|switch|p2a: Snorlax|Snorlax|100/100\n|move|p1a: Chansey|Soft-Boiled|p1a: Chansey\n|-heal|p1a: Chansey|100/100 par\n|\n|upkeep\n|turn|13\n|inactive|nicole7735 has 90 seconds left.\n|\n|t:|1739049141\n|move|p2a: Snorlax|Body Slam|p1a: Chansey\n|-damage|p1a: Chansey|57/100 par\n|move|p1a: Chansey|Thunder Wave|p2a: Snorlax\n|-status|p2a: Snorlax|par\n|\n|upkeep\n|turn|14\n|\n|t:|1739049162\n|switch|p1a: Rhydon|Rhydon|77/100\n|move|p2a: Snorlax|Body Slam|p1a: Rhydon\n|-resisted|p1a: Rhydon\n|-damage|p1a: Rhydon|65/100\n|\n|upkeep\n|turn|15\n|inactive|Serpi n_n has 30 seconds left.\n|inactive|Serpi n_n has 20 seconds left.\n|\n|t:|1739049190\n|switch|p2a: Starmie|Starmie|89/100\n|move|p1a: Rhydon|Earthquake|p2a: Starmie\n|-damage|p2a: Starmie|44/100\n|\n|upkeep\n|turn|16\n|inactive|Serpi n_n has 30 seconds left this turn.\n|\n|t:|1739049201\n|switch|p1a: Chansey|Chansey|57/100 par\n|move|p2a: Starmie|Recover|p2a: Starmie\n|-heal|p2a: Starmie|94/100\n|\n|upkeep\n|turn|17\n|inactive|Serpi n_n has 30 seconds left.\n|\n|t:|1739049213\n|switch|p2a: Snorlax|Snorlax|100/100 par\n|cant|p1a: Chansey|par\n|\n|upkeep\n|turn|18\n|\n|t:|1739049216\n|switch|p1a: Rhydon|Rhydon|65/100\n|move|p2a: Snorlax|Body Slam|p1a: Rhydon\n|-resisted|p1a: Rhydon\n|-damage|p1a: Rhydon|55/100\n|-status|p1a: Rhydon|par\n|\n|upkeep\n|turn|19\n|inactive|nicole7735 has 90 seconds left.\n|inactive|Serpi n_n has 30 seconds left.\n|inactive|Serpi n_n has 20 seconds left.\n|\n|t:|1739049243\n|switch|p2a: Starmie|Starmie|94/100\n|move|p1a: Rhydon|Earthquake|p2a: Starmie\n|-damage|p2a: Starmie|44/100\n|\n|upkeep\n|turn|20\n|inactive|Serpi n_n has 30 seconds left this turn.\n|\n|t:|1739049247\n|switch|p1a: Chansey|Chansey|57/100 par\n|move|p2a: Starmie|Recover|p2a: Starmie\n|-heal|p2a: Starmie|94/100\n|\n|upkeep\n|turn|21\n|\n|t:|1739049256\n|switch|p2a: Snorlax|Snorlax|100/100 par\n|move|p1a: Chansey|Soft-Boiled|p1a: Chansey\n|-heal|p1a: Chansey|100/100 par\n|\n|upkeep\n|turn|22\n|\n|t:|1739049271\n|switch|p1a: Rhydon|Rhydon|55/100 par\n|cant|p2a: Snorlax|par\n|\n|upkeep\n|turn|23\n|\n|t:|1739049281\n|switch|p2a: Starmie|Starmie|94/100\n|move|p1a: Rhydon|Earthquake|p2a: Starmie\n|-damage|p2a: Starmie|48/100\n|\n|upkeep\n|turn|24\n|\n|t:|1739049292\n|switch|p1a: Chansey|Chansey|100/100 par\n|move|p2a: Starmie|Recover|p2a: Starmie\n|-heal|p2a: Starmie|98/100\n|\n|upkeep\n|turn|25\n|\n|t:|1739049305\n|switch|p2a: Snorlax|Snorlax|100/100 par\n|move|p1a: Chansey|Ice Beam|p2a: Snorlax\n|-damage|p2a: Snorlax|80/100 par\n|\n|upkeep\n|turn|26\n|\n|t:|1739049331\n|switch|p1a: Rhydon|Rhydon|55/100 par\n|move|p2a: Snorlax|Reflect|p2a: Snorlax\n|-start|p2a: Snorlax|Reflect\n|\n|upkeep\n|turn|27\n|inactive|nicole7735 has 90 seconds left.\n|\n|t:|1739049366\n|move|p1a: Rhydon|Earthquake|p2a: Snorlax\n|-damage|p2a: Snorlax|63/100 par\n|move|p2a: Snorlax|Body Slam|p1a: Rhydon\n|-resisted|p1a: Rhydon\n|-damage|p1a: Rhydon|43/100 par\n|\n|upkeep\n|turn|28\n|inactive|nicole7735 has 90 seconds left.\n|\n|t:|1739049372\n|cant|p1a: Rhydon|par\n|move|p2a: Snorlax|Body Slam|p1a: Rhydon\n|-resisted|p1a: Rhydon\n|-damage|p1a: Rhydon|31/100 par\n|\n|upkeep\n|turn|29\n|inactive|Serpi n_n has 60 seconds left.\n|\n|t:|1739049378\n|move|p1a: Rhydon|Rest|p1a: Rhydon\n|-status|p1a: Rhydon|slp|[from] move: Rest\n|-heal|p1a: Rhydon|100/100 slp|[silent]\n|cant|p2a: Snorlax|par\n|\n|upkeep\n|turn|30\n|inactive|Serpi n_n has 60 seconds left.\n|inactive|Serpi n_n has 30 seconds left.\n|\n|t:|1739049419\n|cant|p1a: Rhydon|slp\n|move|p2a: Snorlax|Rest|p2a: Snorlax\n|-status|p2a: Snorlax|slp|[from] move: Rest\n|-heal|p2a: Snorlax|100/100 slp|[silent]\n|\n|upkeep\n|turn|31\n|\n|t:|1739049424\n|-curestatus|p1a: Rhydon|slp|[msg]\n|cant|p2a: Snorlax|slp\n|\n|upkeep\n|turn|32\n|inactive|nicole7735 has 120 seconds left.\n|\n|t:|1739049432\n|switch|p1a: Jynx|Jynx|100/100\n|-curestatus|p2a: Snorlax|slp|[msg]\n|\n|upkeep\n|turn|33\n|\n|t:|1739049434\n|switch|p2a: Chansey|Chansey|100/100\n|move|p1a: Jynx|Lovely Kiss|p2a: Chansey\n|-status|p2a: Chansey|slp|[from] move: Lovely Kiss\n|\n|upkeep\n|turn|34\n|inactive|Serpi n_n has 60 seconds left.\n|\n|t:|1739049451\n|move|p1a: Jynx|Ice Beam|p2a: Chansey\n|-damage|p2a: Chansey|86/100 slp\n|cant|p2a: Chansey|slp\n|\n|upkeep\n|turn|35\n|inactive|Serpi n_n has 60 seconds left.\n|\n|t:|1739049457\n|switch|p2a: Starmie|Starmie|98/100\n|move|p1a: Jynx|Ice Beam|p2a: Starmie\n|-crit|p2a: Starmie\n|-resisted|p2a: Starmie\n|-damage|p2a: Starmie|67/100\n|\n|upkeep\n|turn|36\n|inactive|Serpi n_n has 60 seconds left.\n|\n|t:|1739049483\n|switch|p2a: Snorlax|Snorlax|100/100\n|switch|p1a: Chansey|Chansey|100/100 par\n|\n|upkeep\n|turn|37\n|\n|t:|1739049497\n|switch|p1a: Rhydon|Rhydon|100/100\n|move|p2a: Snorlax|Body Slam|p1a: Rhydon\n|-resisted|p1a: Rhydon\n|-damage|p1a: Rhydon|89/100\n|-status|p1a: Rhydon|par\n|\n|upkeep\n|turn|38\n|inactive|Serpi n_n has 60 seconds left.\n|\n|t:|1739049514\n|move|p2a: Snorlax|Reflect|p2a: Snorlax\n|-start|p2a: Snorlax|Reflect\n|move|p1a: Rhydon|Body Slam|p2a: Snorlax\n|-damage|p2a: Snorlax|91/100\n|\n|upkeep\n|turn|39\n|\n|t:|1739049531\n|move|p2a: Snorlax|Body Slam|p1a: Rhydon\n|-resisted|p1a: Rhydon\n|-damage|p1a: Rhydon|78/100 par\n|move|p1a: Rhydon|Substitute|p1a: Rhydon\n|-start|p1a: Rhydon|Substitute\n|-damage|p1a: Rhydon|53/100 par\n|\n|upkeep\n|turn|40\n|inactive|Serpi n_n has 60 seconds left.\n|\n|t:|1739049556\n|move|p2a: Snorlax|Self-Destruct|p1a: Rhydon\n|-resisted|p1a: Rhydon\n|-end|p1a: Rhydon|Substitute\n|-hint|In Gen 1, the user of Self-Destruct will not take damage if it breaks a Substitute.\n|move|p1a: Rhydon|Rest|p1a: Rhydon\n|-status|p1a: Rhydon|slp|[from] move: Rest\n|-heal|p1a: Rhydon|100/100 slp|[silent]\n|\n|upkeep\n|turn|41\n|\n|t:|1739049563\n|switch|p2a: Exeggutor|Exeggutor|100/100\n|cant|p1a: Rhydon|slp\n|\n|upkeep\n|turn|42\n|inactive|nicole7735 has 150 seconds left.\n|inactive|Serpi n_n has 60 seconds left.\n|inactive|nicole7735 has 120 seconds left.\n|inactive|nicole7735 has 90 seconds left.\n|\n|t:|1739049637\n|switch|p1a: Starmie|Starmie|100/100 slp\n|move|p2a: Exeggutor|Psychic|p1a: Starmie\n|-resisted|p1a: Starmie\n|-damage|p1a: Starmie|81/100 slp\n|\n|upkeep\n|turn|43\n|inactive|nicole7735 has 90 seconds left.\n|inactive|Serpi n_n has 60 seconds left.\n|\n|t:|1739049653\n|cant|p1a: Starmie|slp\n|move|p2a: Exeggutor|Psychic|p1a: Starmie\n|-resisted|p1a: Starmie\n|-damage|p1a: Starmie|61/100 slp\n|\n|upkeep\n|turn|44\n|\n|t:|1739049658\n|cant|p1a: Starmie|slp\n|move|p2a: Exeggutor|Psychic|p1a: Starmie\n|-crit|p1a: Starmie\n|-resisted|p1a: Starmie\n|-damage|p1a: Starmie|25/100 slp\n|\n|upkeep\n|turn|45\n|\n|t:|1739049666\n|switch|p1a: Jynx|Jynx|100/100\n|move|p2a: Exeggutor|Psychic|p1a: Jynx\n|-resisted|p1a: Jynx\n|-damage|p1a: Jynx|81/100\n|-unboost|p1a: Jynx|spa|1\n|-unboost|p1a: Jynx|spd|1\n|\n|upkeep\n|turn|46\n|inactive|Serpi n_n has 60 seconds left.\n|\n|t:|1739049684\n|switch|p2a: Starmie|Starmie|67/100\n|move|p1a: Jynx|Ice Beam|p2a: Starmie\n|-resisted|p2a: Starmie\n|-damage|p2a: Starmie|55/100\n|\n|upkeep\n|turn|47\n|\n|t:|1739049693\n|switch|p1a: Chansey|Chansey|100/100 par\n|move|p2a: Starmie|Recover|p2a: Starmie\n|-heal|p2a: Starmie|100/100\n|\n|upkeep\n|turn|48\n|inactive|nicole7735 has 120 seconds left.\n|inactive|Serpi n_n has 60 seconds left.\n|inactive|nicole7735 has 90 seconds left.\n|\n|t:|1739049742\n|switch|p2a: Snorlax|Snorlax|91/100\n|move|p1a: Chansey|Ice Beam|p2a: Snorlax\n|-damage|p2a: Snorlax|71/100\n|\n|upkeep\n|turn|49\n|\n|t:|1739049749\n|switch|p2a: Exeggutor|Exeggutor|100/100\n|switch|p1a: Rhydon|Rhydon|100/100 slp\n|\n|upkeep\n|turn|50\n|\n|t:|1739049761\n|switch|p1a: Jynx|Jynx|81/100\n|move|p2a: Exeggutor|Stun Spore|p1a: Jynx\n|-status|p1a: Jynx|par\n|\n|upkeep\n|turn|51\n|\n|t:|1739049776\n|switch|p2a: Chansey|Chansey|86/100 slp\n|move|p1a: Jynx|Ice Beam|p2a: Chansey\n|-damage|p2a: Chansey|71/100 slp\n|\n|upkeep\n|turn|52\n|inactive|Serpi n_n has 60 seconds left.\n|\n|t:|1739049802\n|switch|p2a: Starmie|Starmie|100/100\n|switch|p1a: Tauros|Tauros|100/100\n|\n|upkeep\n|turn|53\n|\n|t:|1739049813\n|switch|p1a: Chansey|Chansey|100/100 par\n|move|p2a: Starmie|Psychic|p1a: Chansey\n|-crit|p1a: Chansey\n|-damage|p1a: Chansey|74/100 par\n|\n|upkeep\n|turn|54\n|\n|t:|1739049837\n|switch|p2a: Chansey|Chansey|71/100 slp\n|cant|p1a: Chansey|par\n|\n|upkeep\n|turn|55\n|inactive|nicole7735 has 120 seconds left.\n|\n|t:|1739049858\n|switch|p1a: Tauros|Tauros|100/100\n|cant|p2a: Chansey|slp\n|\n|upkeep\n|turn|56\n|\n|t:|1739049860\n|switch|p2a: Starmie|Starmie|100/100\n|move|p1a: Tauros|Body Slam|p2a: Starmie\n|-damage|p2a: Starmie|64/100\n|\n|upkeep\n|turn|57\n|\n|t:|1739049876\n|switch|p1a: Chansey|Chansey|74/100 par\n|move|p2a: Starmie|Recover|p2a: Starmie\n|-heal|p2a: Starmie|100/100\n|\n|upkeep\n|turn|58\n|\n|t:|1739049887\n|switch|p2a: Snorlax|Snorlax|71/100\n|move|p1a: Chansey|Thunder Wave|p2a: Snorlax\n|-status|p2a: Snorlax|par\n|\n|upkeep\n|turn|59\n|\n|t:|1739049899\n|switch|p1a: Rhydon|Rhydon|100/100 slp\n|cant|p2a: Snorlax|par\n|\n|upkeep\n|turn|60\n|\n|t:|1739049901\n|-curestatus|p1a: Rhydon|slp|[msg]\n|move|p2a: Snorlax|Reflect|p2a: Snorlax\n|-start|p2a: Snorlax|Reflect\n|\n|upkeep\n|turn|61\n|inactive|nicole7735 has 150 seconds left.\n|inactive|Serpi n_n has 60 seconds left.\n|\n|t:|1739049919\n|move|p1a: Rhydon|Substitute|p1a: Rhydon\n|-start|p1a: Rhydon|Substitute\n|-damage|p1a: Rhydon|76/100\n|move|p2a: Snorlax|Rest|p2a: Snorlax\n|-status|p2a: Snorlax|slp|[from] move: Rest\n|-heal|p2a: Snorlax|100/100 slp|[silent]\n|\n|upkeep\n|turn|62\n|\n|t:|1739049922\n|move|p1a: Rhydon|Earthquake|p2a: Snorlax\n|-damage|p2a: Snorlax|83/100 slp\n|cant|p2a: Snorlax|slp\n|\n|upkeep\n|turn|63\n|\n|t:|1739049924\n|move|p1a: Rhydon|Earthquake|p2a: Snorlax\n|-damage|p2a: Snorlax|64/100 slp\n|-curestatus|p2a: Snorlax|slp|[msg]\n|\n|upkeep\n|turn|64\n|\n|t:|1739049938\n|move|p1a: Rhydon|Earthquake|p2a: Snorlax\n|-damage|p2a: Snorlax|47/100\n|move|p2a: Snorlax|Self-Destruct|p1a: Rhydon\n|-resisted|p1a: Rhydon\n|-end|p1a: Rhydon|Substitute\n|-hint|In Gen 1, the user of Self-Destruct will not take damage if it breaks a Substitute.\n|\n|upkeep\n|turn|65\n|inactive|Serpi n_n has 60 seconds left.\n|inactive|nicole7735 has 150 seconds left.\n|\n|t:|1739049963\n|move|p1a: Rhydon|Substitute|p1a: Rhydon\n|-start|p1a: Rhydon|Substitute\n|-damage|p1a: Rhydon|51/100\n|move|p2a: Snorlax|Rest|p2a: Snorlax\n|-status|p2a: Snorlax|slp|[from] move: Rest\n|-heal|p2a: Snorlax|100/100 slp|[silent]\n|\n|upkeep\n|turn|66\n|\n|t:|1739049968\n|move|p1a: Rhydon|Earthquake|p2a: Snorlax\n|-damage|p2a: Snorlax|84/100 slp\n|cant|p2a: Snorlax|slp\n|\n|upkeep\n|turn|67\n|\n|t:|1739049970\n|move|p1a: Rhydon|Earthquake|p2a: Snorlax\n|-damage|p2a: Snorlax|66/100 slp\n|-curestatus|p2a: Snorlax|slp|[msg]\n|\n|upkeep\n|turn|68\n|\n|t:|1739049983\n|move|p1a: Rhydon|Earthquake|p2a: Snorlax\n|-damage|p2a: Snorlax|49/100\n|move|p2a: Snorlax|Self-Destruct|p1a: Rhydon\n|-resisted|p1a: Rhydon\n|-end|p1a: Rhydon|Substitute\n|-hint|In Gen 1, the user of Self-Destruct will not take damage if it breaks a Substitute.\n|\n|upkeep\n|turn|69\n|inactive|nicole7735 has 150 seconds left.\n|inactive|nicole7735 has 120 seconds left.\n|inactive|nicole7735 has 90 seconds left.\n|inactive|nicole7735 has 60 seconds left.\n|\n|t:|1739050118\n|move|p1a: Rhydon|Rest|p1a: Rhydon\n|-status|p1a: Rhydon|slp|[from] move: Rest\n|-heal|p1a: Rhydon|100/100 slp|[silent]\n|move|p2a: Snorlax|Body Slam|p1a: Rhydon\n|-resisted|p1a: Rhydon\n|-damage|p1a: Rhydon|89/100 slp\n|\n|upkeep\n|turn|70\n|\n|t:|1739050125\n|cant|p1a: Rhydon|slp\n|move|p2a: Snorlax|Rest|p2a: Snorlax\n|-status|p2a: Snorlax|slp|[from] move: Rest\n|-heal|p2a: Snorlax|100/100 slp|[silent]\n|\n|upkeep\n|turn|71\n|\n|t:|1739050128\n|-curestatus|p1a: Rhydon|slp|[msg]\n|cant|p2a: Snorlax|slp\n|\n|upkeep\n|turn|72\n|\n|t:|1739050140\n|move|p1a: Rhydon|Body Slam|p2a: Snorlax\n|-damage|p2a: Snorlax|91/100 slp\n|-curestatus|p2a: Snorlax|slp|[msg]\n|\n|upkeep\n|turn|73\n|inactive|Serpi n_n has 90 seconds left.\n|inactive|nicole7735 has 60 seconds left.\n|inactive|Serpi n_n has 60 seconds left.\n|\n|t:|1739050192\n|move|p1a: Rhydon|Substitute|p1a: Rhydon\n|-start|p1a: Rhydon|Substitute\n|-damage|p1a: Rhydon|64/100\n|move|p2a: Snorlax|Reflect|p2a: Snorlax\n|-fail|p2a: Snorlax\n|\n|upkeep\n|turn|74\n|\n|t:|1739050202\n|move|p1a: Rhydon|Body Slam|p2a: Snorlax\n|-damage|p2a: Snorlax|80/100\n|move|p2a: Snorlax|Self-Destruct|p1a: Rhydon\n|-resisted|p1a: Rhydon\n|-end|p1a: Rhydon|Substitute\n|-hint|In Gen 1, the user of Self-Destruct will not take damage if it breaks a Substitute.\n|\n|upkeep\n|turn|75\n|inactive|nicole7735 has 60 seconds left.\n|\n|t:|1739050228\n|move|p1a: Rhydon|Substitute|p1a: Rhydon\n|-start|p1a: Rhydon|Substitute\n|-damage|p1a: Rhydon|39/100\n|move|p2a: Snorlax|Rest|p2a: Snorlax\n|-status|p2a: Snorlax|slp|[from] move: Rest\n|-heal|p2a: Snorlax|100/100 slp|[silent]\n|\n|upkeep\n|turn|76\n|\n|t:|1739050237\n|move|p1a: Rhydon|Earthquake|p2a: Snorlax\n|-damage|p2a: Snorlax|82/100 slp\n|cant|p2a: Snorlax|slp\n|\n|upkeep\n|turn|77\n|\n|t:|1739050242\n|move|p1a: Rhydon|Earthquake|p2a: Snorlax\n|-damage|p2a: Snorlax|65/100 slp\n|-curestatus|p2a: Snorlax|slp|[msg]\n|\n|upkeep\n|turn|78\n|\n|t:|1739050251\n|move|p1a: Rhydon|Earthquake|p2a: Snorlax\n|-damage|p2a: Snorlax|47/100\n|move|p2a: Snorlax|Self-Destruct|p1a: Rhydon\n|-resisted|p1a: Rhydon\n|-end|p1a: Rhydon|Substitute\n|-hint|In Gen 1, the user of Self-Destruct will not take damage if it breaks a Substitute.\n|\n|upkeep\n|turn|79\n|inactive|nicole7735 has 90 seconds left.\n|inactive|Serpi n_n has 60 seconds left.\n|inactive|nicole7735 has 60 seconds left.\n|\n|t:|1739050291\n|move|p1a: Rhydon|Substitute|p1a: Rhydon\n|-start|p1a: Rhydon|Substitute\n|-damage|p1a: Rhydon|15/100\n|move|p2a: Snorlax|Rest|p2a: Snorlax\n|-status|p2a: Snorlax|slp|[from] move: Rest\n|-heal|p2a: Snorlax|100/100 slp|[silent]\n|\n|upkeep\n|turn|80\n|\n|t:|1739050296\n|move|p1a: Rhydon|Rest|p1a: Rhydon\n|-status|p1a: Rhydon|slp|[from] move: Rest\n|-heal|p1a: Rhydon|100/100 slp|[silent]\n|cant|p2a: Snorlax|slp\n|\n|upkeep\n|turn|81\n|inactive|Serpi n_n has 60 seconds left.\n|\n|t:|1739050313\n|cant|p1a: Rhydon|slp\n|-curestatus|p2a: Snorlax|slp|[msg]\n|\n|upkeep\n|turn|82\n|inactive|Serpi n_n has 60 seconds left.\n|\n|t:|1739050327\n|-curestatus|p1a: Rhydon|slp|[msg]\n|move|p2a: Snorlax|Self-Destruct|p1a: Rhydon\n|-resisted|p1a: Rhydon\n|-end|p1a: Rhydon|Substitute\n|-hint|In Gen 1, the user of Self-Destruct will not take damage if it breaks a Substitute.\n|\n|upkeep\n|turn|83\n|inactive|nicole7735 has 90 seconds left.\n|inactive|Serpi n_n has 60 seconds left.\n|\n|t:|1739050345\n|move|p1a: Rhydon|Substitute|p1a: Rhydon\n|-start|p1a: Rhydon|Substitute\n|-damage|p1a: Rhydon|76/100\n|move|p2a: Snorlax|Body Slam|p1a: Rhydon\n|-resisted|p1a: Rhydon\n|-activate|p1a: Rhydon|Substitute|[damage]\n|\n|upkeep\n|turn|84\n|inactive|Serpi n_n has 60 seconds left.\n|\n|t:|1739050359\n|move|p1a: Rhydon|Body Slam|p2a: Snorlax\n|-damage|p2a: Snorlax|91/100\n|move|p2a: Snorlax|Self-Destruct|p1a: Rhydon\n|-resisted|p1a: Rhydon\n|-end|p1a: Rhydon|Substitute\n|-hint|In Gen 1, the user of Self-Destruct will not take damage if it breaks a Substitute.\n|\n|upkeep\n|turn|85\n|inactive|Serpi n_n has 60 seconds left.\n|\n|t:|1739050371\n|move|p1a: Rhydon|Substitute|p1a: Rhydon\n|-start|p1a: Rhydon|Substitute\n|-damage|p1a: Rhydon|51/100\n|move|p2a: Snorlax|Body Slam|p1a: Rhydon\n|-resisted|p1a: Rhydon\n|-activate|p1a: Rhydon|Substitute|[damage]\n|\n|upkeep\n|turn|86\n|inactive|Serpi n_n has 60 seconds left.\n|inactive|nicole7735 has 90 seconds left.\n|\n|t:|1739050401\n|move|p1a: Rhydon|Body Slam|p2a: Snorlax\n|-damage|p2a: Snorlax|80/100\n|move|p2a: Snorlax|Body Slam|p1a: Rhydon\n|-resisted|p1a: Rhydon\n|-activate|p1a: Rhydon|Substitute|[damage]\n|\n|upkeep\n|turn|87\n|\n|t:|1739050410\n|move|p1a: Rhydon|Body Slam|p2a: Snorlax\n|-damage|p2a: Snorlax|71/100\n|move|p2a: Snorlax|Body Slam|p1a: Rhydon\n|-resisted|p1a: Rhydon\n|-end|p1a: Rhydon|Substitute\n|\n|upkeep\n|turn|88\n|inactive|Serpi n_n has 60 seconds left.\n|inactive|Serpi n_n has 30 seconds left.\n|\n|t:|1739050457\n|move|p1a: Rhydon|Substitute|p1a: Rhydon\n|-start|p1a: Rhydon|Substitute\n|-damage|p1a: Rhydon|26/100\n|move|p2a: Snorlax|Self-Destruct|p1a: Rhydon\n|-resisted|p1a: Rhydon\n|-end|p1a: Rhydon|Substitute\n|-hint|In Gen 1, the user of Self-Destruct will not take damage if it breaks a Substitute.\n|\n|upkeep\n|turn|89\n|\n|t:|1739050467\n|switch|p2a: Exeggutor|Exeggutor|100/100\n|move|p1a: Rhydon|Substitute|p1a: Rhydon\n|-start|p1a: Rhydon|Substitute\n|-damage|p1a: Rhydon|1/100\n|\n|upkeep\n|turn|90\n|\n|t:|1739050477\n|move|p2a: Exeggutor|Psychic|p1a: Rhydon\n|-crit|p1a: Rhydon\n|-end|p1a: Rhydon|Substitute\n|move|p1a: Rhydon|Rest|p1a: Rhydon\n|-status|p1a: Rhydon|slp|[from] move: Rest\n|-heal|p1a: Rhydon|100/100 slp|[silent]\n|\n|upkeep\n|turn|91\n|\n|t:|1739050484\n|switch|p1a: Jynx|Jynx|81/100 par\n|move|p2a: Exeggutor|Psychic|p1a: Jynx\n|-resisted|p1a: Jynx\n|-damage|p1a: Jynx|62/100 par\n|\n|upkeep\n|turn|92\n|inactive|nicole7735 has 120 seconds left.\n|\n|t:|1739050511\n|switch|p2a: Chansey|Chansey|71/100 slp\n|cant|p1a: Jynx|par\n|\n|upkeep\n|turn|93\n|inactive|Serpi n_n has 30 seconds left.\n|\n|t:|1739050527\n|switch|p2a: Snorlax|Snorlax|71/100\n|switch|p1a: Tauros|Tauros|100/100\n|\n|upkeep\n|turn|94\n|inactive|Serpi n_n has 30 seconds left.\n|inactive|nicole7735 has 120 seconds left.\n|\n|t:|1739050561\n|switch|p1a: Rhydon|Rhydon|100/100 slp\n|switch|p2a: Exeggutor|Exeggutor|100/100\n|\n|upkeep\n|turn|95\n|\n|t:|1739050566\n|switch|p1a: Jynx|Jynx|62/100 par\n|move|p2a: Exeggutor|Psychic|p1a: Jynx\n|-resisted|p1a: Jynx\n|-damage|p1a: Jynx|42/100 par\n|-unboost|p1a: Jynx|spa|1\n|-unboost|p1a: Jynx|spd|1\n|\n|upkeep\n|turn|96\n|\n|t:|1739050573\n|move|p2a: Exeggutor|Psychic|p1a: Jynx\n|-resisted|p1a: Jynx\n|-damage|p1a: Jynx|16/100 par\n|move|p1a: Jynx|Rest|p1a: Jynx\n|-status|p1a: Jynx|slp|[from] move: Rest\n|-heal|p1a: Jynx|100/100 slp|[silent]\n|\n|upkeep\n|turn|97\n|inactive|nicole7735 has 120 seconds left.\n|\n|t:|1739050612\n|move|p2a: Exeggutor|Psychic|p1a: Jynx\n|-resisted|p1a: Jynx\n|-damage|p1a: Jynx|72/100 slp\n|-unboost|p1a: Jynx|spa|1\n|-unboost|p1a: Jynx|spd|1\n|cant|p1a: Jynx|slp\n|\n|upkeep\n|turn|98\n|inactive|nicole7735 has 90 seconds left.\n|inactive|nicole7735 has 60 seconds left.\n|inactive|nicole7735 has 30 seconds left.\n|inactive|nicole7735 has 20 seconds left.\n|\n|t:|1739050709\n|switch|p1a: Starmie|Starmie|25/100 slp\n|move|p2a: Exeggutor|Psychic|p1a: Starmie\n|-crit|p1a: Starmie\n|-resisted|p1a: Starmie\n|-damage|p1a: Starmie|0 fnt\n|faint|p1a: Starmie\n|inactive|nicole7735 has 25 seconds left this turn.\n|inactive|nicole7735 has 20 seconds left.\n|inactive|nicole7735 has 15 seconds left.\n|inactive|nicole7735 has 10 seconds left.\n|\n|t:|1739050726\n|switch|p1a: Jynx|Jynx|72/100 slp\n|turn|99\n|inactive|nicole7735 has 20 seconds left this turn.\n|inactive|nicole7735 has 15 seconds left.\n|\n|t:|1739050736\n|-curestatus|p1a: Jynx|slp|[msg]\n|move|p2a: Exeggutor|Sleep Powder|p1a: Jynx\n|-status|p1a: Jynx|slp|[from] move: Sleep Powder\n|\n|upkeep\n|turn|100\n|inactive|nicole7735 has 25 seconds left this turn.\n|inactive|nicole7735 has 20 seconds left.\n|\n|t:|1739050750\n|cant|p1a: Jynx|slp\n|move|p2a: Exeggutor|Psychic|p1a: Jynx\n|-crit|p1a: Jynx\n|-resisted|p1a: Jynx\n|-damage|p1a: Jynx|36/100 slp\n|\n|upkeep\n|turn|101\n|inactive|nicole7735 has 30 seconds left this turn.\n|inactive|nicole7735 has 20 seconds left.\n|inactive|nicole7735 has 15 seconds left.\n|\n|t:|1739050775\n|switch|p1a: Chansey|Chansey|74/100 par\n|move|p2a: Exeggutor|Psychic|p1a: Chansey\n|-crit|p1a: Chansey\n|-damage|p1a: Chansey|42/100 par\n|-unboost|p1a: Chansey|spa|1\n|-unboost|p1a: Chansey|spd|1\n|\n|upkeep\n|turn|102\n|inactive|nicole7735 has 25 seconds left this turn.\n|inactive|nicole7735 has 20 seconds left.\n|inactive|nicole7735 has 15 seconds left.\n|inactive|nicole7735 has 10 seconds left.\n|\n|t:|1739050792\n|switch|p1a: Jynx|Jynx|36/100 slp\n|move|p2a: Exeggutor|Explosion|p1a: Jynx\n|-damage|p1a: Jynx|0 fnt\n|faint|p1a: Jynx\n|faint|p2a: Exeggutor\n|inactive|nicole7735 has 20 seconds left this turn.\n|inactive|nicole7735 has 15 seconds left.\n|\n|t:|1739050806\n|switch|p1a: Chansey|Chansey|42/100 par\n|switch|p2a: Snorlax|Snorlax|71/100\n|turn|103\n|inactive|nicole7735 has 25 seconds left this turn.\n|inactive|nicole7735 has 20 seconds left.\n|inactive|nicole7735 has 15 seconds left.\n|\n|t:|1739050823\n|switch|p1a: Rhydon|Rhydon|100/100 slp\n|move|p2a: Snorlax|Body Slam|p1a: Rhydon\n|-resisted|p1a: Rhydon\n|-damage|p1a: Rhydon|89/100 slp\n|\n|upkeep\n|turn|104\n|inactive|nicole7735 has 25 seconds left this turn.\n|inactive|nicole7735 has 20 seconds left.\n|\n|t:|1739050835\n|switch|p2a: Starmie|Starmie|100/100\n|cant|p1a: Rhydon|slp\n|\n|upkeep\n|turn|105\n|inactive|nicole7735 has 30 seconds left this turn.\n|inactive|nicole7735 has 20 seconds left.\n|inactive|nicole7735 has 15 seconds left.\n|\n|t:|1739050851\n|move|p2a: Starmie|Psychic|p1a: Rhydon\n|-damage|p1a: Rhydon|47/100 slp\n|-curestatus|p1a: Rhydon|slp|[msg]\n|\n|upkeep\n|turn|106\n|inactive|nicole7735 has 25 seconds left this turn.\n|inactive|nicole7735 has 20 seconds left.\n|inactive|nicole7735 has 15 seconds left.\n|inactive|nicole7735 has 10 seconds left.\n|inactive|nicole7735 has 5 seconds left.\n|\n|t:|1739050873\n|move|p2a: Starmie|Psychic|p1a: Rhydon\n|-damage|p1a: Rhydon|4/100\n|move|p1a: Rhydon|Earthquake|p2a: Starmie\n|-damage|p2a: Starmie|56/100\n|\n|upkeep\n|turn|107\n|inactive|nicole7735 has 15 seconds left this turn.\n|inactive|nicole7735 has 10 seconds left.\n|\n|t:|1739050883\n|move|p2a: Starmie|Psychic|p1a: Rhydon\n|-damage|p1a: Rhydon|0 fnt\n|faint|p1a: Rhydon\n|inactive|nicole7735 has 15 seconds left this turn.\n|\n|t:|1739050884\n|switch|p1a: Chansey|Chansey|42/100 par\n|turn|108\n|inactive|nicole7735 has 25 seconds left this turn.\n|inactive|nicole7735 has 20 seconds left.\n|inactive|Serpi n_n has 90 seconds left.\n|\n|t:|1739050910\n|move|p2a: Starmie|Recover|p2a: Starmie\n|-heal|p2a: Starmie|100/100\n|move|p1a: Chansey|Thunder Wave|p2a: Starmie\n|-status|p2a: Starmie|par\n|\n|upkeep\n|turn|109\n|inactive|nicole7735 has 30 seconds left this turn.\n|inactive|Serpi n_n has 90 seconds left.\n|\n|t:|1739050921\n|switch|p2a: Snorlax|Snorlax|71/100\n|move|p1a: Chansey|Soft-Boiled|p1a: Chansey\n|-heal|p1a: Chansey|92/100 par\n|\n|upkeep\n|turn|110\n|inactive|Serpi n_n has 90 seconds left.\n|\n|t:|1739050928\n|move|p2a: Snorlax|Reflect|p2a: Snorlax\n|-start|p2a: Snorlax|Reflect\n|cant|p1a: Chansey|par\n|\n|upkeep\n|turn|111\n|\n|t:|1739050931\n|move|p2a: Snorlax|Body Slam|p1a: Chansey\n|-damage|p1a: Chansey|52/100 par\n|move|p1a: Chansey|Thunder Wave|p2a: Snorlax\n|-status|p2a: Snorlax|par\n|\n|upkeep\n|turn|112\n|\n|t:|1739050933\n|cant|p1a: Chansey|par\n|move|p2a: Snorlax|Body Slam|p1a: Chansey\n|-damage|p1a: Chansey|12/100 par\n|\n|upkeep\n|turn|113\n|\n|t:|1739050936\n|cant|p1a: Chansey|par\n|cant|p2a: Snorlax|par\n|\n|upkeep\n|turn|114\n|\n|t:|1739050938\n|cant|p1a: Chansey|par\n|move|p2a: Snorlax|Body Slam|p1a: Chansey\n|-damage|p1a: Chansey|0 fnt\n|faint|p1a: Chansey\n|\n|t:|1739050940\n|switch|p1a: Tauros|Tauros|100/100\n|turn|115\n|\n|t:|1739050943\n|move|p1a: Tauros|Body Slam|p2a: Snorlax\n|-damage|p2a: Snorlax|59/100 par\n|move|p2a: Snorlax|Body Slam|p1a: Tauros\n|-damage|p1a: Tauros|70/100\n|\n|upkeep\n|turn|116\n|inactive|Serpi n_n has 150 seconds left.\n|\n|t:|1739050962\n|move|p1a: Tauros|Body Slam|p2a: Snorlax\n|-crit|p2a: Snorlax\n|-damage|p2a: Snorlax|8/100 par\n|move|p2a: Snorlax|Rest|p2a: Snorlax\n|-status|p2a: Snorlax|slp|[from] move: Rest\n|-heal|p2a: Snorlax|100/100 slp|[silent]\n|\n|upkeep\n|turn|117\n|\n|t:|1739050966\n|move|p1a: Tauros|Body Slam|p2a: Snorlax\n|-damage|p2a: Snorlax|89/100 slp\n|cant|p2a: Snorlax|slp\n|\n|upkeep\n|turn|118\n|\n|t:|1739050969\n|move|p1a: Tauros|Body Slam|p2a: Snorlax\n|-crit|p2a: Snorlax\n|-damage|p2a: Snorlax|42/100 slp\n|-curestatus|p2a: Snorlax|slp|[msg]\n|\n|upkeep\n|turn|119\n|\n|t:|1739050981\n|move|p1a: Tauros|Body Slam|p2a: Snorlax\n|-damage|p2a: Snorlax|29/100\n|move|p2a: Snorlax|Rest|p2a: Snorlax\n|-status|p2a: Snorlax|slp|[from] move: Rest\n|-heal|p2a: Snorlax|100/100 slp|[silent]\n|\n|upkeep\n|turn|120\n|\n|t:|1739050984\n|move|p1a: Tauros|Body Slam|p2a: Snorlax\n|-damage|p2a: Snorlax|87/100 slp\n|cant|p2a: Snorlax|slp\n|\n|upkeep\n|turn|121\n|\n|t:|1739050985\n|move|p1a: Tauros|Body Slam|p2a: Snorlax\n|-crit|p2a: Snorlax\n|-damage|p2a: Snorlax|40/100 slp\n|-curestatus|p2a: Snorlax|slp|[msg]\n|\n|upkeep\n|turn|122\n|\n|t:|1739050988\n|move|p1a: Tauros|Body Slam|p2a: Snorlax\n|-crit|p2a: Snorlax\n|-damage|p2a: Snorlax|0 fnt\n|faint|p2a: Snorlax\n|\n|t:|1739050989\n|switch|p2a: Starmie|Starmie|100/100 par\n|turn|123\n|\n|t:|1739050995\n|move|p1a: Tauros|Thunderbolt|p2a: Starmie\n|-supereffective|p2a: Starmie\n|-damage|p2a: Starmie|64/100 par\n|move|p2a: Starmie|Thunder Wave|p1a: Tauros\n|-status|p1a: Tauros|par\n|\n|upkeep\n|turn|124\n|inactive|Serpi n_n has 210 seconds left.\n|\n|t:|1739051007\n|move|p2a: Starmie|Psychic|p1a: Tauros\n|-crit|p1a: Tauros\n|-damage|p1a: Tauros|0 fnt\n|faint|p1a: Tauros\n|\n|win|Serpi n_n\n|c|☆nicole7735|gg\n|c|☆Serpi n_n|gg\n|player|p2|\n","uploadtime":1739051007,"views":"2119","formatid":"gen1ou","rating":null,"private":0,"password":null}