{"id":"smogtours-gen1ou-944951","format":"[Gen 1] OU","players":["longestbanana","gamebooadvanced"],"log":"|inactive|Battle timer is ON: inactive players will automatically lose when time's up.\n|t:|1780955567\n|gametype|singles\n|player|p1|longestbanana|lucas|\n|player|p2|gamebooadvanced|wattson|\n|gen|1\n|tier|[Gen 1] OU\n|rule|Desync Clause Mod: Desyncs changed to move failure.\n|rule|HP Percentage Mod: HP is shown in percentages\n|rule|Endless Battle Clause: Forcing endless battles is banned\n|rule|Sleep Clause Mod: Limit one foe put to sleep\n|rule|Freeze Clause Mod: Limit one foe frozen\n|rule|Species Clause: Limit one of each Pokémon\n|rule|OHKO Clause: OHKO moves are banned\n|rule|Evasion Moves Clause: Evasion moves are banned\n|\n|t:|1780955567\n|teamsize|p1|6\n|teamsize|p2|6\n|start\n|switch|p1a: Gengar|Gengar|100/100\n|switch|p2a: Jynx|Jynx|100/100\n|turn|1\n|c|☆gamebooadvanced|glhf\n|inactive|longestbanana has 270 seconds left.\n|c|☆longestbanana|u2\n|\n|t:|1780955611\n|move|p1a: Gengar|Explosion|p2a: Jynx\n|-damage|p2a: Jynx|0 fnt\n|faint|p2a: Jynx\n|faint|p1a: Gengar\n|inactive|gamebooadvanced has 270 seconds left.\n|inactive|gamebooadvanced has 240 seconds left.\n|\n|t:|1780955677\n|switch|p1a: Jynx|Jynx|100/100\n|switch|p2a: Exeggutor|Exeggutor|100/100\n|turn|2\n|inactive|gamebooadvanced has 270 seconds left.\n|inactive|gamebooadvanced has 240 seconds left.\n|\n|t:|1780955727\n|move|p1a: Jynx|Lovely Kiss|p2a: Exeggutor\n|-status|p2a: Exeggutor|slp|[from] move: Lovely Kiss\n|cant|p2a: Exeggutor|slp\n|\n|upkeep\n|turn|3\n|inactive|gamebooadvanced has 240 seconds left.\n|\n|t:|1780955745\n|switch|p2a: Alakazam|Alakazam|100/100\n|move|p1a: Jynx|Blizzard|p2a: Alakazam\n|-damage|p2a: Alakazam|64/100\n|\n|upkeep\n|turn|4\n|\n|t:|1780955751\n|move|p2a: Alakazam|Thunder Wave|p1a: Jynx\n|-status|p1a: Jynx|par\n|move|p1a: Jynx|Blizzard|p2a: Alakazam\n|-crit|p2a: Alakazam\n|-damage|p2a: Alakazam|0 fnt\n|faint|p2a: Alakazam\n|inactive|gamebooadvanced has 240 seconds left.\n|\n|t:|1780955765\n|switch|p2a: Snorlax|Snorlax|100/100\n|turn|5\n|\n|t:|1780955781\n|switch|p1a: Chansey|Chansey|100/100\n|move|p2a: Snorlax|Body Slam|p1a: Chansey\n|-damage|p1a: Chansey|62/100\n|\n|upkeep\n|turn|6\n|\n|t:|1780955791\n|move|p1a: Chansey|Soft-Boiled|p1a: Chansey\n|-heal|p1a: Chansey|100/100\n|move|p2a: Snorlax|Hyper Beam|p1a: Chansey\n|-damage|p1a: Chansey|25/100\n|-mustrecharge|p2a: Snorlax\n|\n|upkeep\n|turn|7\n|\n|t:|1780955799\n|move|p1a: Chansey|Defense Curl|p1a: Chansey\n|-boost|p1a: Chansey|def|1\n|cant|p2a: Snorlax|recharge\n|\n|upkeep\n|turn|8\n|inactive|gamebooadvanced has 270 seconds left.\n|\n|t:|1780955827\n|switch|p2a: Cloyster|Cloyster|100/100\n|move|p1a: Chansey|Soft-Boiled|p1a: Chansey\n|-heal|p1a: Chansey|75/100\n|\n|upkeep\n|turn|9\n|\n|t:|1780955833\n|move|p2a: Cloyster|Clamp|p1a: Chansey\n|-damage|p1a: Chansey|70/100\n|cant|p1a: Chansey|partiallytrapped\n|\n|upkeep\n|turn|10\n|\n|t:|1780955836\n|switch|p1a: Starmie|Starmie|100/100\n|move|p2a: Cloyster|Clamp|p1a: Starmie|[miss]\n|-miss|p2a: Cloyster\n|\n|upkeep\n|turn|11\n|\n|t:|1780955845\n|move|p1a: Starmie|Blizzard|p2a: Cloyster\n|-resisted|p2a: Cloyster\n|-damage|p2a: Cloyster|93/100\n|move|p2a: Cloyster|Explosion|p1a: Starmie\n|-damage|p1a: Starmie|11/100\n|faint|p2a: Cloyster\n|\n|t:|1780955848\n|switch|p2a: Tauros|Tauros|100/100\n|turn|12\n|\n|t:|1780955867\n|switch|p2a: Snorlax|Snorlax|100/100\n|move|p1a: Starmie|Thunder Wave|p2a: Snorlax\n|-status|p2a: Snorlax|par\n|\n|upkeep\n|turn|13\n|\n|t:|1780955876\n|switch|p1a: Snorlax|Snorlax|100/100\n|cant|p2a: Snorlax|par\n|\n|upkeep\n|turn|14\n|\n|t:|1780955886\n|move|p1a: Snorlax|Earthquake|p2a: Snorlax\n|-damage|p2a: Snorlax|80/100 par\n|move|p2a: Snorlax|Body Slam|p1a: Snorlax\n|-damage|p1a: Snorlax|74/100\n|\n|upkeep\n|turn|15\n|\n|t:|1780955891\n|move|p1a: Snorlax|Body Slam|p2a: Snorlax\n|-damage|p2a: Snorlax|56/100 par\n|cant|p2a: Snorlax|par\n|\n|upkeep\n|turn|16\n|\n|t:|1780955916\n|move|p1a: Snorlax|Body Slam|p2a: Snorlax\n|-damage|p2a: Snorlax|29/100 par\n|move|p2a: Snorlax|Body Slam|p1a: Snorlax\n|-damage|p1a: Snorlax|48/100\n|\n|upkeep\n|turn|17\n|inactive|gamebooadvanced has 270 seconds left.\n|\n|t:|1780955939\n|move|p1a: Snorlax|Hyper Beam|p2a: Snorlax\n|-damage|p2a: Snorlax|0 fnt\n|faint|p2a: Snorlax\n|\n|t:|1780955941\n|switch|p2a: Tauros|Tauros|100/100\n|turn|18\n|\n|t:|1780955946\n|switch|p2a: Exeggutor|Exeggutor|100/100 slp\n|move|p1a: Snorlax|Self-Destruct|p2a: Exeggutor\n|-damage|p2a: Exeggutor|13/100 slp\n|faint|p1a: Snorlax\n|\n|t:|1780955950\n|switch|p1a: Starmie|Starmie|11/100\n|turn|19\n|\n|t:|1780955957\n|switch|p2a: Tauros|Tauros|100/100\n|move|p1a: Starmie|Blizzard|p2a: Tauros\n|-damage|p2a: Tauros|69/100\n|\n|upkeep\n|turn|20\n|\n|t:|1780955964\n|move|p1a: Starmie|Thunder Wave|p2a: Tauros\n|-status|p2a: Tauros|par\n|move|p2a: Tauros|Body Slam|p1a: Starmie\n|-damage|p1a: Starmie|0 fnt\n|faint|p1a: Starmie\n|\n|t:|1780955966\n|switch|p1a: Tauros|Tauros|100/100\n|turn|21\n|\n|t:|1780955968\n|move|p1a: Tauros|Body Slam|p2a: Tauros\n|-damage|p2a: Tauros|38/100 par\n|cant|p2a: Tauros|par\n|\n|upkeep\n|turn|22\n|\n|t:|1780955973\n|move|p1a: Tauros|Hyper Beam|p2a: Tauros\n|-crit|p2a: Tauros\n|-damage|p2a: Tauros|0 fnt\n|faint|p2a: Tauros\n|\n|t:|1780955974\n|switch|p2a: Exeggutor|Exeggutor|13/100 slp\n|turn|23\n|\n|t:|1780955976\n|move|p1a: Tauros|Blizzard|p2a: Exeggutor\n|-crit|p2a: Exeggutor\n|-supereffective|p2a: Exeggutor\n|-damage|p2a: Exeggutor|0 fnt\n|faint|p2a: Exeggutor\n|\n|win|longestbanana\n|c|☆gamebooadvanced|gg\n|c|☆longestbanana|gg\n|player|p1|\n|player|p2|\n","uploadtime":1780955976,"views":"101","formatid":"gen1ou","rating":null,"private":0,"password":null}