{"id":"smogtours-gen1ou-961953","format":"[Gen 1] OU","players":["marcoasd","1000papercranes"],"log":"|inactive|Battle timer is ON: inactive players will automatically lose when time's up.\n|t:|1786055769\n|gametype|singles\n|player|p1|marcoasd|265|\n|player|p2|1000papercranes|psychic-gen1rb|\n|gen|1\n|tier|[Gen 1] OU\n|rule|Desync Clause Mod: Desyncs resolve to link battle behavior from the acting player's perspective.\n|rule|HP Percentage Mod: HP is shown in percentages\n|rule|Endless Battle Clause: Forcing endless battles is banned\n|rule|Sleep Clause Mod: Limit one foe put to sleep\n|rule|Freeze Clause Mod: Limit one foe frozen\n|rule|Species Clause: Limit one of each Pokémon\n|rule|OHKO Clause: OHKO moves are banned\n|rule|Evasion Moves Clause: Evasion moves are banned\n|\n|t:|1786055769\n|teamsize|p1|6\n|teamsize|p2|6\n|start\n|switch|p1a: Alakazam|Alakazam|100/100\n|switch|p2a: Jynx|Jynx|100/100\n|turn|1\n|c|☆1000papercranes|Gl Hf\n|c|☆marcoasd|u2\n|\n|t:|1786055787\n|move|p1a: Alakazam|Thunder Wave|p2a: Jynx\n|-status|p2a: Jynx|par\n|move|p2a: Jynx|Lovely Kiss|p1a: Alakazam|[miss]\n|-miss|p2a: Jynx\n|\n|upkeep\n|turn|2\n|\n|t:|1786055794\n|move|p1a: Alakazam|Seismic Toss|p2a: Jynx\n|-damage|p2a: Jynx|70/100 par\n|cant|p2a: Jynx|par\n|\n|upkeep\n|turn|3\n|\n|t:|1786055798\n|move|p1a: Alakazam|Seismic Toss|p2a: Jynx\n|-damage|p2a: Jynx|40/100 par\n|move|p2a: Jynx|Lovely Kiss|p1a: Alakazam\n|-status|p1a: Alakazam|slp|[from] move: Lovely Kiss\n|\n|upkeep\n|turn|4\n|\n|t:|1786055828\n|switch|p1a: Snorlax|Snorlax|100/100\n|move|p2a: Jynx|Rest|p2a: Jynx\n|-status|p2a: Jynx|slp|[from] move: Rest\n|-heal|p2a: Jynx|100/100 slp|[silent]\n|\n|upkeep\n|turn|5\n|\n|t:|1786055840\n|switch|p2a: Snorlax|Snorlax|100/100\n|move|p1a: Snorlax|Body Slam|p2a: Snorlax\n|-damage|p2a: Snorlax|76/100\n|\n|upkeep\n|turn|6\n|\n|t:|1786055846\n|move|p1a: Snorlax|Body Slam|p2a: Snorlax\n|-damage|p2a: Snorlax|49/100\n|move|p2a: Snorlax|Body Slam|p1a: Snorlax\n|-damage|p1a: Snorlax|76/100\n|\n|upkeep\n|turn|7\n|inactive|marcoasd has 270 seconds left.\n|\n|t:|1786055881\n|move|p2a: Snorlax|Self-Destruct|p1a: Snorlax\n|-crit|p1a: Snorlax\n|-damage|p1a: Snorlax|0 fnt\n|faint|p1a: Snorlax\n|faint|p2a: Snorlax\n|inactive|1000papercranes has 270 seconds left.\n|\n|t:|1786055914\n|switch|p2a: Exeggutor|Exeggutor|100/100\n|switch|p1a: Exeggutor|Exeggutor|100/100\n|turn|8\n|inactive|marcoasd has 270 seconds left.\n|\n|t:|1786055922\n|switch|p2a: Jynx|Jynx|100/100 slp\n|move|p1a: Exeggutor|Sleep Powder|p2a: Jynx\n|-fail|p2a: Jynx|slp\n|\n|upkeep\n|turn|9\n|\n|t:|1786055928\n|switch|p1a: Tauros|Tauros|100/100\n|cant|p2a: Jynx|slp\n|\n|upkeep\n|turn|10\n|\n|t:|1786055932\n|switch|p2a: Exeggutor|Exeggutor|100/100\n|move|p1a: Tauros|Body Slam|p2a: Exeggutor\n|-damage|p2a: Exeggutor|72/100\n|\n|upkeep\n|turn|11\n|\n|t:|1786055942\n|switch|p1a: Alakazam|Alakazam|100/100 slp\n|move|p2a: Exeggutor|Stun Spore|p1a: Alakazam\n|-fail|p1a: Alakazam\n|\n|upkeep\n|turn|12\n|\n|t:|1786055951\n|switch|p1a: Chansey|Chansey|100/100\n|switch|p2a: Tauros|Tauros|100/100\n|\n|upkeep\n|turn|13\n|\n|t:|1786055960\n|switch|p2a: Jynx|Jynx|100/100 slp\n|move|p1a: Chansey|Thunderbolt|p2a: Jynx\n|-damage|p2a: Jynx|77/100 slp\n|\n|upkeep\n|turn|14\n|\n|t:|1786055965\n|-curestatus|p2a: Jynx|slp|[msg]\n|move|p1a: Chansey|Thunder Wave|p2a: Jynx\n|-status|p2a: Jynx|par\n|\n|upkeep\n|turn|15\n|\n|t:|1786055969\n|move|p1a: Chansey|Thunderbolt|p2a: Jynx\n|-damage|p2a: Jynx|55/100 par\n|move|p2a: Jynx|Blizzard|p1a: Chansey\n|-damage|p1a: Chansey|80/100\n|\n|upkeep\n|turn|16\n|\n|t:|1786055972\n|move|p1a: Chansey|Thunderbolt|p2a: Jynx\n|-damage|p2a: Jynx|30/100 par\n|move|p2a: Jynx|Blizzard|p1a: Chansey|[miss]\n|-miss|p2a: Jynx\n|\n|upkeep\n|turn|17\n|\n|t:|1786055981\n|move|p1a: Chansey|Thunderbolt|p2a: Jynx\n|-crit|p2a: Jynx\n|-damage|p2a: Jynx|0 fnt\n|faint|p2a: Jynx\n|\n|t:|1786055984\n|switch|p2a: Exeggutor|Exeggutor|72/100\n|turn|18\n|\n|t:|1786056005\n|switch|p1a: Exeggutor|Exeggutor|100/100\n|move|p2a: Exeggutor|Stun Spore|p1a: Exeggutor\n|-status|p1a: Exeggutor|par\n|\n|upkeep\n|turn|19\n|\n|t:|1786056019\n|switch|p1a: Alakazam|Alakazam|100/100 slp\n|move|p2a: Exeggutor|Psychic|p1a: Alakazam\n|-crit|p1a: Alakazam\n|-resisted|p1a: Alakazam\n|-damage|p1a: Alakazam|68/100 slp\n|\n|upkeep\n|turn|20\n|\n|t:|1786056022\n|switch|p1a: Exeggutor|Exeggutor|100/100 par\n|move|p2a: Exeggutor|Psychic|p1a: Exeggutor\n|-resisted|p1a: Exeggutor\n|-damage|p1a: Exeggutor|87/100 par\n|\n|upkeep\n|turn|21\n|\n|t:|1786056026\n|move|p2a: Exeggutor|Psychic|p1a: Exeggutor\n|-resisted|p1a: Exeggutor\n|-damage|p1a: Exeggutor|74/100 par\n|-unboost|p1a: Exeggutor|spa|1\n|-unboost|p1a: Exeggutor|spd|1\n|move|p1a: Exeggutor|Sleep Powder|p2a: Exeggutor|[miss]\n|-miss|p1a: Exeggutor\n|\n|upkeep\n|turn|22\n|\n|t:|1786056032\n|move|p2a: Exeggutor|Psychic|p1a: Exeggutor\n|-crit|p1a: Exeggutor\n|-resisted|p1a: Exeggutor\n|-damage|p1a: Exeggutor|46/100 par\n|-unboost|p1a: Exeggutor|spa|1\n|-unboost|p1a: Exeggutor|spd|1\n|move|p1a: Exeggutor|Sleep Powder|p2a: Exeggutor\n|-status|p2a: Exeggutor|slp|[from] move: Sleep Powder\n|\n|upkeep\n|turn|23\n|\n|t:|1786056043\n|switch|p1a: Tauros|Tauros|100/100\n|cant|p2a: Exeggutor|slp\n|\n|upkeep\n|turn|24\n|\n|t:|1786056053\n|move|p1a: Tauros|Body Slam|p2a: Exeggutor\n|-damage|p2a: Exeggutor|42/100 slp\n|cant|p2a: Exeggutor|slp\n|\n|upkeep\n|turn|25\n|\n|t:|1786056059\n|switch|p2a: Starmie|Starmie|100/100\n|move|p1a: Tauros|Body Slam|p2a: Starmie\n|-damage|p2a: Starmie|68/100\n|\n|upkeep\n|turn|26\n|\n|t:|1786056066\n|switch|p1a: Chansey|Chansey|80/100\n|move|p2a: Starmie|Thunder Wave|p1a: Chansey\n|-status|p1a: Chansey|par\n|\n|upkeep\n|turn|27\n|\n|t:|1786056072\n|switch|p2a: Exeggutor|Exeggutor|42/100 slp\n|move|p1a: Chansey|Ice Beam|p2a: Exeggutor\n|-supereffective|p2a: Exeggutor\n|-damage|p2a: Exeggutor|8/100 slp\n|\n|upkeep\n|turn|28\n|\n|t:|1786056085\n|switch|p2a: Tauros|Tauros|100/100\n|switch|p1a: Tauros|Tauros|100/100\n|\n|upkeep\n|turn|29\n|\n|t:|1786056089\n|move|p2a: Tauros|Body Slam|p1a: Tauros\n|-damage|p1a: Tauros|71/100\n|move|p1a: Tauros|Body Slam|p2a: Tauros\n|-damage|p2a: Tauros|70/100\n|\n|upkeep\n|turn|30\n|\n|t:|1786056095\n|move|p1a: Tauros|Body Slam|p2a: Tauros\n|-damage|p2a: Tauros|42/100\n|move|p2a: Tauros|Body Slam|p1a: Tauros\n|-damage|p1a: Tauros|44/100\n|\n|upkeep\n|turn|31\n|\n|t:|1786056108\n|switch|p2a: Starmie|Starmie|68/100\n|switch|p1a: Alakazam|Alakazam|68/100 slp\n|\n|upkeep\n|turn|32\n|\n|t:|1786056128\n|switch|p2a: Tauros|Tauros|42/100\n|cant|p1a: Alakazam|slp\n|\n|upkeep\n|turn|33\n|\n|t:|1786056132\n|cant|p1a: Alakazam|slp\n|move|p2a: Tauros|Body Slam|p1a: Alakazam\n|-damage|p1a: Alakazam|18/100 slp\n|\n|upkeep\n|turn|34\n|\n|t:|1786056134\n|cant|p1a: Alakazam|slp\n|move|p2a: Tauros|Body Slam|p1a: Alakazam\n|-damage|p1a: Alakazam|0 fnt\n|faint|p1a: Alakazam\n|\n|t:|1786056141\n|switch|p1a: Cloyster|Cloyster|100/100\n|turn|35\n|\n|t:|1786056152\n|switch|p2a: Starmie|Starmie|68/100\n|move|p1a: Cloyster|Blizzard|p2a: Starmie\n|-resisted|p2a: Starmie\n|-damage|p2a: Starmie|48/100\n|\n|upkeep\n|turn|36\n|\n|t:|1786056158\n|switch|p2a: Tauros|Tauros|42/100\n|switch|p1a: Chansey|Chansey|80/100 par\n|\n|upkeep\n|turn|37\n|\n|t:|1786056162\n|switch|p1a: Cloyster|Cloyster|100/100\n|move|p2a: Tauros|Body Slam|p1a: Cloyster\n|-damage|p1a: Cloyster|78/100\n|-status|p1a: Cloyster|par\n|\n|upkeep\n|turn|38\n|\n|t:|1786056170\n|switch|p2a: Starmie|Starmie|48/100\n|move|p1a: Cloyster|Blizzard|p2a: Starmie\n|-resisted|p2a: Starmie\n|-damage|p2a: Starmie|27/100\n|\n|upkeep\n|turn|39\n|\n|t:|1786056176\n|switch|p2a: Tauros|Tauros|42/100\n|switch|p1a: Chansey|Chansey|80/100 par\n|\n|upkeep\n|turn|40\n|\n|t:|1786056183\n|switch|p1a: Cloyster|Cloyster|78/100 par\n|move|p2a: Tauros|Body Slam|p1a: Cloyster\n|-damage|p1a: Cloyster|58/100 par\n|\n|upkeep\n|turn|41\n|\n|t:|1786056188\n|switch|p2a: Starmie|Starmie|27/100\n|move|p1a: Cloyster|Blizzard|p2a: Starmie\n|-resisted|p2a: Starmie\n|-damage|p2a: Starmie|7/100\n|\n|upkeep\n|turn|42\n|\n|t:|1786056201\n|switch|p1a: Chansey|Chansey|80/100 par\n|move|p2a: Starmie|Thunderbolt|p1a: Chansey\n|-damage|p1a: Chansey|69/100 par\n|\n|upkeep\n|turn|43\n|\n|t:|1786056210\n|switch|p2a: Tauros|Tauros|42/100\n|move|p1a: Chansey|Soft-Boiled|p1a: Chansey\n|-heal|p1a: Chansey|100/100 par\n|\n|upkeep\n|turn|44\n|\n|t:|1786056220\n|move|p2a: Tauros|Body Slam|p1a: Chansey\n|-crit|p1a: Chansey\n|-damage|p1a: Chansey|23/100 par\n|move|p1a: Chansey|Thunder Wave|p2a: Tauros\n|-status|p2a: Tauros|par\n|\n|upkeep\n|turn|45\n|inactive|marcoasd has 270 seconds left.\n|\n|t:|1786056275\n|switch|p1a: Cloyster|Cloyster|58/100 par\n|cant|p2a: Tauros|par\n|\n|upkeep\n|turn|46\n|\n|t:|1786056286\n|switch|p2a: Starmie|Starmie|7/100\n|cant|p1a: Cloyster|par\n|\n|upkeep\n|turn|47\n|inactive|marcoasd has 240 seconds left.\n|\n|t:|1786056309\n|switch|p2a: Exeggutor|Exeggutor|8/100 slp\n|move|p1a: Cloyster|Explosion|p2a: Exeggutor\n|-damage|p2a: Exeggutor|0 fnt\n|faint|p2a: Exeggutor\n|faint|p1a: Cloyster\n|inactive|marcoasd has 240 seconds left.\n|\n|t:|1786056333\n|switch|p2a: Zapdos|Zapdos|100/100\n|switch|p1a: Chansey|Chansey|23/100 par\n|turn|48\n|inactive|marcoasd has 210 seconds left.\n|\n|t:|1786056364\n|switch|p1a: Exeggutor|Exeggutor|46/100 par\n|move|p2a: Zapdos|Drill Peck|p1a: Exeggutor\n|-supereffective|p1a: Exeggutor\n|-damage|p1a: Exeggutor|0 fnt\n|faint|p1a: Exeggutor\n|\n|t:|1786056366\n|switch|p1a: Tauros|Tauros|44/100\n|turn|49\n|inactive|marcoasd has 210 seconds left.\n|\n|t:|1786056394\n|move|p1a: Tauros|Hyper Beam|p2a: Zapdos\n|-damage|p2a: Zapdos|54/100\n|-mustrecharge|p1a: Tauros\n|move|p2a: Zapdos|Thunderbolt|p1a: Tauros\n|-damage|p1a: Tauros|0 fnt\n|faint|p1a: Tauros\n|c|☆marcoasd|ggs\n|inactive|marcoasd has 210 seconds left.\n|\n|t:|1786056400\n|switch|p1a: Chansey|Chansey|23/100 par\n|turn|50\n|\n|t:|1786056405\n|move|p2a: Zapdos|Drill Peck|p1a: Chansey\n|-damage|p1a: Chansey|0 fnt\n|faint|p1a: Chansey\n|\n|win|1000papercranes\n|c|☆1000papercranes|Ggs\n","uploadtime":1786056405,"views":"82","formatid":"gen1ou","rating":null,"private":0,"password":null}