{"id":"smogtours-gen1ou-911696","format":"[Gen 1] OU","players":["Laroxyl","Isza"],"log":"|inactive|Battle timer is ON: inactive players will automatically lose when time's up.\n|t:|1771784363\n|gametype|singles\n|player|p1|Laroxyl|#splxviitigers2|\n|player|p2|Isza|#wcop2025usnortheast2|\n|gen|1\n|tier|[Gen 1] OU\n|rule|Desync Clause Mod: Desyncs changed to move failure.\n|rule|Sleep Clause Mod: Limit one foe put to sleep\n|rule|Freeze Clause Mod: Limit one foe frozen\n|rule|Species Clause: Limit one of each Pokémon\n|rule|OHKO Clause: OHKO moves are banned\n|rule|Evasion Moves Clause: Evasion moves are banned\n|rule|Endless Battle Clause: Forcing endless battles is banned\n|rule|HP Percentage Mod: HP is shown in percentages\n|\n|t:|1771784364\n|teamsize|p1|6\n|teamsize|p2|6\n|start\n|switch|p1a: Starmie|Starmie|100/100\n|switch|p2a: Jynx|Jynx|100/100\n|turn|1\n|c|☆Isza|hf\n|c|☆Laroxyl|hf\n|\n|t:|1771784381\n|move|p1a: Starmie|Thunder Wave|p2a: Jynx\n|-status|p2a: Jynx|par\n|move|p2a: Jynx|Lovely Kiss|p1a: Starmie\n|-status|p1a: Starmie|slp|[from] move: Lovely Kiss\n|\n|upkeep\n|turn|2\n|\n|t:|1771784408\n|switch|p1a: Chansey|Chansey|100/100\n|switch|p2a: Tauros|Tauros|100/100\n|\n|upkeep\n|turn|3\n|\n|t:|1771784420\n|switch|p2a: Jynx|Jynx|100/100 par\n|move|p1a: Chansey|Thunderbolt|p2a: Jynx\n|-damage|p2a: Jynx|77/100 par\n|\n|upkeep\n|turn|4\n|\n|t:|1771784429\n|switch|p2a: Chansey|Chansey|100/100\n|move|p1a: Chansey|Thunderbolt|p2a: Chansey\n|-damage|p2a: Chansey|90/100\n|\n|upkeep\n|turn|5\n|\n|t:|1771784446\n|move|p2a: Chansey|Thunder Wave|p1a: Chansey\n|-status|p1a: Chansey|par\n|move|p1a: Chansey|Ice Beam|p2a: Chansey\n|-crit|p2a: Chansey\n|-damage|p2a: Chansey|67/100\n|-status|p2a: Chansey|frz\n|\n|upkeep\n|turn|6\n|inactive|Isza has 270 seconds left.\n|inactive|Isza has 240 seconds left.\n|\n|t:|1771784518\n|switch|p2a: Snorlax|Snorlax|100/100\n|switch|p1a: Snorlax|Snorlax|100/100\n|\n|upkeep\n|turn|7\n|\n|t:|1771784526\n|move|p1a: Snorlax|Reflect|p1a: Snorlax\n|-start|p1a: Snorlax|Reflect\n|move|p2a: Snorlax|Reflect|p2a: Snorlax\n|-start|p2a: Snorlax|Reflect\n|\n|upkeep\n|turn|8\n|\n|t:|1771784529\n|move|p1a: Snorlax|Body Slam|p2a: Snorlax\n|-damage|p2a: Snorlax|87/100\n|move|p2a: Snorlax|Ice Beam|p1a: Snorlax\n|-crit|p1a: Snorlax\n|-damage|p1a: Snorlax|74/100\n|-status|p1a: Snorlax|frz\n|\n|upkeep\n|turn|9\n|inactive|Isza has 240 seconds left.\n|\n|t:|1771784567\n|move|p2a: Snorlax|Body Slam|p1a: Snorlax\n|-damage|p1a: Snorlax|61/100 frz\n|cant|p1a: Snorlax|frz\n|\n|upkeep\n|turn|10\n|\n|t:|1771784574\n|cant|p1a: Snorlax|frz\n|move|p2a: Snorlax|Ice Beam|p1a: Snorlax\n|-damage|p1a: Snorlax|48/100 frz\n|\n|upkeep\n|turn|11\n|\n|t:|1771784579\n|move|p2a: Snorlax|Ice Beam|p1a: Snorlax\n|-damage|p1a: Snorlax|35/100 frz\n|cant|p1a: Snorlax|frz\n|\n|upkeep\n|turn|12\n|inactive|Isza has 240 seconds left.\n|\n|t:|1771784588\n|move|p2a: Snorlax|Ice Beam|p1a: Snorlax\n|-damage|p1a: Snorlax|20/100 frz\n|cant|p1a: Snorlax|frz\n|\n|upkeep\n|turn|13\n|inactive|Isza has 240 seconds left.\n|\n|t:|1771784600\n|cant|p1a: Snorlax|frz\n|move|p2a: Snorlax|Ice Beam|p1a: Snorlax\n|-damage|p1a: Snorlax|6/100 frz\n|\n|upkeep\n|turn|14\n|inactive|Isza has 240 seconds left.\n|\n|t:|1771784613\n|move|p2a: Snorlax|Ice Beam|p1a: Snorlax\n|-damage|p1a: Snorlax|0 fnt\n|faint|p1a: Snorlax\n|\n|t:|1771784619\n|switch|p1a: Exeggutor|Exeggutor|100/100\n|turn|15\n|inactive|Isza has 240 seconds left.\n|inactive|Laroxyl has 270 seconds left.\n|inactive|Isza has 210 seconds left.\n|inactive|Laroxyl has 240 seconds left.\n|inactive|Laroxyl has 210 seconds left.\n|inactive|Isza has 180 seconds left.\n|\n|t:|1771784727\n|switch|p2a: Jynx|Jynx|77/100 par\n|move|p1a: Exeggutor|Psychic|p2a: Jynx\n|-resisted|p2a: Jynx\n|-damage|p2a: Jynx|57/100 par\n|-unboost|p2a: Jynx|spa|1\n|-unboost|p2a: Jynx|spd|1\n|\n|upkeep\n|turn|16\n|inactive|Isza has 180 seconds left.\n|inactive|Laroxyl has 210 seconds left.\n|\n|t:|1771784765\n|switch|p2a: Starmie|Starmie|100/100\n|move|p1a: Exeggutor|Psychic|p2a: Starmie\n|-resisted|p2a: Starmie\n|-damage|p2a: Starmie|82/100\n|-unboost|p2a: Starmie|spa|1\n|-unboost|p2a: Starmie|spd|1\n|\n|upkeep\n|turn|17\n|inactive|Laroxyl has 180 seconds left.\n|inactive|Isza has 180 seconds left.\n|\n|t:|1771784791\n|switch|p2a: Jynx|Jynx|57/100 par\n|switch|p1a: Rhydon|Rhydon|100/100\n|\n|upkeep\n|turn|18\n|inactive|Isza has 180 seconds left.\n|\n|t:|1771784816\n|switch|p2a: Chansey|Chansey|67/100 frz\n|move|p1a: Rhydon|Earthquake|p2a: Chansey\n|-damage|p2a: Chansey|14/100 frz\n|\n|upkeep\n|turn|19\n|\n|t:|1771784823\n|cant|p2a: Chansey|frz\n|move|p1a: Rhydon|Substitute|p1a: Rhydon\n|-start|p1a: Rhydon|Substitute\n|-damage|p1a: Rhydon|76/100\n|\n|upkeep\n|turn|20\n|\n|t:|1771784829\n|cant|p2a: Chansey|frz\n|move|p1a: Rhydon|Earthquake|p2a: Chansey\n|-damage|p2a: Chansey|0 fnt\n|faint|p2a: Chansey\n|inactive|Isza has 180 seconds left.\n|\n|t:|1771784854\n|switch|p2a: Snorlax|Snorlax|87/100\n|turn|21\n|\n|t:|1771784858\n|move|p1a: Rhydon|Earthquake|p2a: Snorlax\n|-damage|p2a: Snorlax|50/100\n|move|p2a: Snorlax|Reflect|p2a: Snorlax\n|-start|p2a: Snorlax|Reflect\n|\n|upkeep\n|turn|22\n|\n|t:|1771784873\n|move|p1a: Rhydon|Earthquake|p2a: Snorlax\n|-damage|p2a: Snorlax|32/100\n|move|p2a: Snorlax|Rest|p2a: Snorlax\n|-status|p2a: Snorlax|slp|[from] move: Rest\n|-heal|p2a: Snorlax|100/100 slp|[silent]\n|\n|upkeep\n|turn|23\n|\n|t:|1771784881\n|switch|p1a: Exeggutor|Exeggutor|100/100\n|cant|p2a: Snorlax|slp\n|\n|upkeep\n|turn|24\n|\n|t:|1771784893\n|move|p1a: Exeggutor|Psychic|p2a: Snorlax\n|-damage|p2a: Snorlax|71/100 slp\n|-curestatus|p2a: Snorlax|slp|[msg]\n|\n|upkeep\n|turn|25\n|inactive|Laroxyl has 210 seconds left.\n|\n|t:|1771784922\n|switch|p2a: Jynx|Jynx|57/100 par\n|move|p1a: Exeggutor|Psychic|p2a: Jynx\n|-resisted|p2a: Jynx\n|-damage|p2a: Jynx|38/100 par\n|-unboost|p2a: Jynx|spa|1\n|-unboost|p2a: Jynx|spd|1\n|\n|upkeep\n|turn|26\n|inactive|Laroxyl has 180 seconds left.\n|\n|t:|1771784961\n|switch|p1a: Chansey|Chansey|100/100 par\n|move|p2a: Jynx|Blizzard|p1a: Chansey\n|-crit|p1a: Chansey\n|-damage|p1a: Chansey|63/100 par\n|\n|upkeep\n|turn|27\n|c|☆Laroxyl|Damn I predicted the crit\n|inactive|Laroxyl has 150 seconds left.\n|rated|Smogon Premier League\n|inactive|Laroxyl has 120 seconds left.\n|\n|t:|1771785032\n|switch|p2a: Snorlax|Snorlax|71/100\n|move|p1a: Chansey|Thunder Wave|p2a: Snorlax\n|-status|p2a: Snorlax|par\n|\n|upkeep\n|turn|28\n|\n|t:|1771785050\n|switch|p1a: Exeggutor|Exeggutor|100/100\n|move|p2a: Snorlax|Ice Beam|p1a: Exeggutor\n|-supereffective|p1a: Exeggutor\n|-damage|p1a: Exeggutor|76/100\n|\n|upkeep\n|turn|29\n|\n|t:|1771785068\n|move|p1a: Exeggutor|Psychic|p2a: Snorlax\n|-damage|p2a: Snorlax|40/100 par\n|move|p2a: Snorlax|Body Slam|p1a: Exeggutor\n|-damage|p1a: Exeggutor|45/100\n|-status|p1a: Exeggutor|par\n|\n|upkeep\n|turn|30\n|inactive|Laroxyl has 90 seconds left.\n|\n|t:|1771785116\n|switch|p1a: Tauros|Tauros|100/100\n|move|p2a: Snorlax|Rest|p2a: Snorlax\n|-status|p2a: Snorlax|slp|[from] move: Rest\n|-heal|p2a: Snorlax|100/100 slp|[silent]\n|\n|upkeep\n|turn|31\n|inactive|Isza has 180 seconds left.\n|\n|t:|1771785135\n|move|p1a: Tauros|Body Slam|p2a: Snorlax\n|-damage|p2a: Snorlax|76/100 slp\n|cant|p2a: Snorlax|slp\n|\n|upkeep\n|turn|32\n|\n|t:|1771785142\n|move|p1a: Tauros|Body Slam|p2a: Snorlax\n|-damage|p2a: Snorlax|52/100 slp\n|-curestatus|p2a: Snorlax|slp|[msg]\n|\n|upkeep\n|turn|33\n|inactive|Laroxyl has 90 seconds left.\n|\n|t:|1771785147\n|move|p1a: Tauros|Body Slam|p2a: Snorlax\n|-damage|p2a: Snorlax|29/100\n|move|p2a: Snorlax|Body Slam|p1a: Tauros\n|-damage|p1a: Tauros|70/100\n|\n|upkeep\n|turn|34\n|\n|t:|1771785155\n|switch|p2a: Jynx|Jynx|38/100 par\n|move|p1a: Tauros|Body Slam|p2a: Jynx\n|-damage|p2a: Jynx|0 fnt\n|faint|p2a: Jynx\n|inactive|Isza has 180 seconds left.\n|\n|t:|1771785204\n|switch|p2a: Tauros|Tauros|100/100\n|turn|35\n|\n|t:|1771785222\n|move|p1a: Tauros|Body Slam|p2a: Tauros\n|-damage|p2a: Tauros|69/100\n|move|p2a: Tauros|Body Slam|p1a: Tauros\n|-damage|p1a: Tauros|41/100\n|\n|upkeep\n|turn|36\n|inactive|Laroxyl has 90 seconds left.\n|inactive|Laroxyl has 60 seconds left.\n|inactive|Isza has 150 seconds left.\n|inactive|Laroxyl has 30 seconds left.\n|inactive|Isza has 120 seconds left.\n|\n|t:|1771785312\n|move|p1a: Tauros|Body Slam|p2a: Tauros\n|-damage|p2a: Tauros|38/100\n|move|p2a: Tauros|Body Slam|p1a: Tauros\n|-damage|p1a: Tauros|10/100\n|\n|upkeep\n|turn|37\n|inactive|Laroxyl has 30 seconds left.\n|inactive|Isza has 120 seconds left.\n|inactive|Laroxyl has 20 seconds left.\n|inactive|Laroxyl has 15 seconds left.\n|inactive|Laroxyl has 10 seconds left.\n|\n|t:|1771785342\n|switch|p2a: Rhydon|Rhydon|100/100\n|move|p1a: Tauros|Hyper Beam|p2a: Rhydon\n|-resisted|p2a: Rhydon\n|-damage|p2a: Rhydon|81/100\n|-mustrecharge|p1a: Tauros\n|\n|upkeep\n|turn|38\n|inactive|Laroxyl has 20 seconds left this turn.\n|\n|t:|1771785346\n|cant|p1a: Tauros|recharge\n|move|p2a: Rhydon|Earthquake|p1a: Tauros\n|-damage|p1a: Tauros|0 fnt\n|faint|p1a: Tauros\n|inactive|Laroxyl has 25 seconds left this turn.\n|inactive|Laroxyl has 20 seconds left.\n|inactive|Laroxyl has 15 seconds left.\n|\n|t:|1771785356\n|switch|p1a: Exeggutor|Exeggutor|45/100 par\n|turn|39\n|inactive|Laroxyl has 25 seconds left this turn.\n|inactive|Laroxyl has 20 seconds left.\n|inactive|Laroxyl has 15 seconds left.\n|inactive|Isza has 120 seconds left.\n|\n|t:|1771785384\n|move|p2a: Rhydon|Rock Slide|p1a: Exeggutor\n|-damage|p1a: Exeggutor|14/100 par\n|move|p1a: Exeggutor|Sleep Powder|p2a: Rhydon\n|-status|p2a: Rhydon|slp|[from] move: Sleep Powder\n|\n|upkeep\n|turn|40\n|inactive|Laroxyl has 25 seconds left this turn.\n|inactive|Laroxyl has 20 seconds left.\n|inactive|Laroxyl has 15 seconds left.\n|inactive|Laroxyl has 10 seconds left.\n|\n|t:|1771785402\n|switch|p2a: Starmie|Starmie|82/100\n|switch|p1a: Chansey|Chansey|63/100 par\n|\n|upkeep\n|turn|41\n|inactive|Laroxyl has 20 seconds left this turn.\n|inactive|Laroxyl has 15 seconds left.\n|inactive|Laroxyl has 10 seconds left.\n|\n|t:|1771785418\n|move|p2a: Starmie|Psychic|p1a: Chansey\n|-damage|p1a: Chansey|48/100 par\n|move|p1a: Chansey|Soft-Boiled|p1a: Chansey\n|-heal|p1a: Chansey|98/100 par\n|\n|upkeep\n|turn|42\n|inactive|Laroxyl has 20 seconds left this turn.\n|inactive|Laroxyl has 15 seconds left.\n|\n|t:|1771785426\n|switch|p2a: Snorlax|Snorlax|29/100\n|move|p1a: Chansey|Thunder Wave|p2a: Snorlax\n|-status|p2a: Snorlax|par\n|\n|upkeep\n|turn|43\n|inactive|Laroxyl has 25 seconds left this turn.\n|inactive|Laroxyl has 20 seconds left.\n|inactive|Laroxyl has 15 seconds left.\n|\n|t:|1771785440\n|switch|p1a: Exeggutor|Exeggutor|14/100 par\n|cant|p2a: Snorlax|par\n|\n|upkeep\n|turn|44\n|inactive|Laroxyl has 25 seconds left this turn.\n|inactive|Laroxyl has 20 seconds left.\n|inactive|Laroxyl has 15 seconds left.\n|inactive|Laroxyl has 10 seconds left.\n|\n|t:|1771785458\n|switch|p2a: Rhydon|Rhydon|81/100 slp\n|move|p1a: Exeggutor|Explosion|p2a: Rhydon\n|-resisted|p2a: Rhydon\n|-damage|p2a: Rhydon|51/100 slp\n|faint|p1a: Exeggutor\n|inactive|Laroxyl has 15 seconds left this turn.\n|inactive|Laroxyl has 10 seconds left.\n|\n|t:|1771785468\n|switch|p1a: Rhydon|Rhydon|76/100\n|turn|45\n|inactive|Laroxyl has 20 seconds left this turn.\n|inactive|Laroxyl has 15 seconds left.\n|inactive|Laroxyl has 10 seconds left.\n|inactive|Isza has 120 seconds left.\n|\n|t:|1771785481\n|-curestatus|p2a: Rhydon|slp|[msg]\n|move|p1a: Rhydon|Earthquake|p2a: Rhydon\n|-supereffective|p2a: Rhydon\n|-damage|p2a: Rhydon|0 fnt\n|faint|p2a: Rhydon\n|inactive|Isza has 120 seconds left.\n|\n|t:|1771785493\n|switch|p2a: Starmie|Starmie|82/100\n|turn|46\n|inactive|Laroxyl has 25 seconds left this turn.\n|inactive|Laroxyl has 20 seconds left.\n|inactive|Laroxyl has 15 seconds left.\n|\n|t:|1771785507\n|switch|p1a: Chansey|Chansey|98/100 par\n|move|p2a: Starmie|Psychic|p1a: Chansey\n|-crit|p1a: Chansey\n|-damage|p1a: Chansey|71/100 par\n|\n|upkeep\n|turn|47\n|inactive|Laroxyl has 25 seconds left this turn.\n|inactive|Laroxyl has 20 seconds left.\n|\n|t:|1771785521\n|switch|p2a: Tauros|Tauros|38/100\n|move|p1a: Chansey|Thunderbolt|p2a: Tauros\n|-damage|p2a: Tauros|10/100\n|\n|upkeep\n|turn|48\n|inactive|Laroxyl has 30 seconds left this turn.\n|inactive|Laroxyl has 20 seconds left.\n|inactive|Laroxyl has 15 seconds left.\n|inactive|Laroxyl has 10 seconds left.\n|inactive|Laroxyl has 5 seconds left.\n|\n|t:|1771785549\n|switch|p1a: Starmie|Starmie|100/100 slp\n|move|p2a: Tauros|Body Slam|p1a: Starmie\n|-damage|p1a: Starmie|64/100 slp\n|\n|upkeep\n|turn|49\n|inactive|Laroxyl has 15 seconds left this turn.\n|\n|t:|1771785554\n|cant|p1a: Starmie|slp\n|move|p2a: Tauros|Body Slam|p1a: Starmie\n|-crit|p1a: Starmie\n|-damage|p1a: Starmie|1/100 slp\n|\n|upkeep\n|turn|50\n|inactive|Laroxyl has 25 seconds left this turn.\n|\n|t:|1771785560\n|cant|p1a: Starmie|slp\n|move|p2a: Tauros|Body Slam|p1a: Starmie\n|-crit|p1a: Starmie\n|-damage|p1a: Starmie|0 fnt\n|faint|p1a: Starmie\n|inactive|Laroxyl has 30 seconds left this turn.\n|\n|t:|1771785565\n|switch|p1a: Rhydon|Rhydon|76/100\n|turn|51\n|inactive|Laroxyl has 30 seconds left.\n|\n|t:|1771785570\n|move|p2a: Tauros|Blizzard|p1a: Rhydon\n|-supereffective|p1a: Rhydon\n|-damage|p1a: Rhydon|15/100\n|move|p1a: Rhydon|Body Slam|p2a: Tauros\n|-damage|p2a: Tauros|0 fnt\n|faint|p2a: Tauros\n|\n|t:|1771785575\n|switch|p2a: Starmie|Starmie|82/100\n|turn|52\n|\n|t:|1771785586\n|switch|p1a: Chansey|Chansey|71/100 par\n|move|p2a: Starmie|Psychic|p1a: Chansey\n|-crit|p1a: Chansey\n|-damage|p1a: Chansey|42/100 par\n|-unboost|p1a: Chansey|spa|1\n|-unboost|p1a: Chansey|spd|1\n|\n|upkeep\n|turn|53\n|\n|t:|1771785594\n|switch|p2a: Snorlax|Snorlax|29/100 par\n|move|p1a: Chansey|Soft-Boiled|p1a: Chansey\n|-heal|p1a: Chansey|92/100 par\n|\n|upkeep\n|turn|54\n|\n|t:|1771785605\n|move|p2a: Snorlax|Reflect|p2a: Snorlax\n|-start|p2a: Snorlax|Reflect\n|cant|p1a: Chansey|par\n|\n|upkeep\n|turn|55\n|\n|t:|1771785614\n|switch|p1a: Rhydon|Rhydon|15/100\n|move|p2a: Snorlax|Rest|p2a: Snorlax\n|-status|p2a: Snorlax|slp|[from] move: Rest\n|-heal|p2a: Snorlax|100/100 slp|[silent]\n|\n|upkeep\n|turn|56\n|c|☆Laroxyl|Ok fine\n|\n|t:|1771785626\n|move|p1a: Rhydon|Rest|p1a: Rhydon\n|-status|p1a: Rhydon|slp|[from] move: Rest\n|-heal|p1a: Rhydon|100/100 slp|[silent]\n|cant|p2a: Snorlax|slp\n|\n|upkeep\n|turn|57\n|inactive|Laroxyl has 30 seconds left.\n|\n|t:|1771785661\n|switch|p1a: Chansey|Chansey|92/100 par\n|-curestatus|p2a: Snorlax|slp|[msg]\n|\n|upkeep\n|turn|58\n|\n|t:|1771785665\n|move|p1a: Chansey|Thunder Wave|p2a: Snorlax\n|-status|p2a: Snorlax|par\n|move|p2a: Snorlax|Body Slam|p1a: Chansey\n|-damage|p1a: Chansey|53/100 par\n|\n|upkeep\n|turn|59\n|\n|t:|1771785671\n|cant|p1a: Chansey|par\n|cant|p2a: Snorlax|par\n|\n|upkeep\n|turn|60\n|\n|t:|1771785673\n|cant|p1a: Chansey|par\n|move|p2a: Snorlax|Body Slam|p1a: Chansey\n|-damage|p1a: Chansey|9/100 par\n|\n|upkeep\n|turn|61\n|\n|t:|1771785676\n|move|p1a: Chansey|Soft-Boiled|p1a: Chansey\n|-heal|p1a: Chansey|59/100 par\n|cant|p2a: Snorlax|par\n|\n|upkeep\n|turn|62\n|\n|t:|1771785683\n|cant|p1a: Chansey|par\n|move|p2a: Snorlax|Body Slam|p1a: Chansey\n|-damage|p1a: Chansey|18/100 par\n|\n|upkeep\n|turn|63\n|\n|t:|1771785685\n|cant|p1a: Chansey|par\n|move|p2a: Snorlax|Body Slam|p1a: Chansey\n|-damage|p1a: Chansey|0 fnt\n|faint|p1a: Chansey\n|\n|t:|1771785686\n|switch|p1a: Rhydon|Rhydon|100/100 slp\n|turn|64\n|\n|t:|1771785689\n|cant|p1a: Rhydon|slp\n|move|p2a: Snorlax|Ice Beam|p1a: Rhydon\n|-supereffective|p1a: Rhydon\n|-damage|p1a: Rhydon|57/100 slp\n|\n|upkeep\n|turn|65\n|c|☆Laroxyl|gg\n|\n|t:|1771785694\n|-curestatus|p1a: Rhydon|slp|[msg]\n|move|p2a: Snorlax|Ice Beam|p1a: Rhydon\n|-supereffective|p1a: Rhydon\n|-damage|p1a: Rhydon|11/100\n|\n|upkeep\n|turn|66\n|\n|t:|1771785708\n|move|p1a: Rhydon|Rest|p1a: Rhydon\n|-status|p1a: Rhydon|slp|[from] move: Rest\n|-heal|p1a: Rhydon|100/100 slp|[silent]\n|move|p2a: Snorlax|Ice Beam|p1a: Rhydon\n|-supereffective|p1a: Rhydon\n|-damage|p1a: Rhydon|59/100 slp\n|\n|upkeep\n|turn|67\n|\n|t:|1771785714\n|cant|p1a: Rhydon|slp\n|move|p2a: Snorlax|Ice Beam|p1a: Rhydon\n|-supereffective|p1a: Rhydon\n|-damage|p1a: Rhydon|13/100 slp\n|\n|upkeep\n|turn|68\n|\n|t:|1771785717\n|-curestatus|p1a: Rhydon|slp|[msg]\n|move|p2a: Snorlax|Ice Beam|p1a: Rhydon\n|-supereffective|p1a: Rhydon\n|-damage|p1a: Rhydon|0 fnt\n|faint|p1a: Rhydon\n|\n|win|Isza\n|c|☆Isza|gg\n|player|p1|\n|player|p2|\n","uploadtime":1771785717,"views":"871","formatid":"gen1ou","rating":null,"private":0,"password":null}