{"id":"smogtours-gen1ou-946351","format":"[Gen 1] OU","players":["fighting demons","Blue Cl0yster"],"log":"|inactive|Battle timer is ON: inactive players will automatically lose when time's up.\n|t:|1781387182\n|gametype|singles\n|player|p1|fighting demons|giovanni-lgpe|\n|player|p2|Blue Cl0yster|hilbert|\n|gen|1\n|tier|[Gen 1] OU\n|rule|Desync Clause Mod: Desyncs changed to move failure.\n|rule|HP Percentage Mod: HP is shown in percentages\n|rule|Endless Battle Clause: Forcing endless battles is banned\n|rule|Sleep Clause Mod: Limit one foe put to sleep\n|rule|Freeze Clause Mod: Limit one foe frozen\n|rule|Species Clause: Limit one of each Pokémon\n|rule|OHKO Clause: OHKO moves are banned\n|rule|Evasion Moves Clause: Evasion moves are banned\n|\n|t:|1781387182\n|teamsize|p1|6\n|teamsize|p2|6\n|start\n|switch|p1a: Gengar|Gengar|100/100\n|switch|p2a: Starmie|Starmie|100/100\n|turn|1\n|inactive|fighting demons has 270 seconds left.\n|c|☆fighting demons|glhf\n|c|☆Blue Cl0yster|u2\n|\n|t:|1781387236\n|switch|p2a: Exeggutor|Exeggutor|100/100\n|move|p1a: Gengar|Hypnosis|p2a: Exeggutor\n|-status|p2a: Exeggutor|slp|[from] move: Hypnosis\n|\n|upkeep\n|turn|2\n|\n|t:|1781387246\n|move|p1a: Gengar|Night Shade|p2a: Exeggutor\n|-damage|p2a: Exeggutor|75/100 slp\n|cant|p2a: Exeggutor|slp\n|\n|upkeep\n|turn|3\n|\n|t:|1781387251\n|switch|p2a: Chansey|Chansey|100/100\n|move|p1a: Gengar|Night Shade|p2a: Chansey\n|-damage|p2a: Chansey|86/100\n|\n|upkeep\n|turn|4\n|\n|t:|1781387256\n|switch|p2a: Rhydon|Rhydon|100/100\n|move|p1a: Gengar|Night Shade|p2a: Rhydon\n|-damage|p2a: Rhydon|76/100\n|\n|upkeep\n|turn|5\n|\n|t:|1781387277\n|switch|p1a: Cloyster|Cloyster|100/100\n|move|p2a: Rhydon|Earthquake|p1a: Cloyster\n|-damage|p1a: Cloyster|69/100\n|\n|upkeep\n|turn|6\n|\n|t:|1781387284\n|switch|p1a: Chansey|Chansey|100/100\n|switch|p2a: Starmie|Starmie|100/100\n|\n|upkeep\n|turn|7\n|\n|t:|1781387293\n|switch|p2a: Chansey|Chansey|86/100\n|move|p1a: Chansey|Thunder Wave|p2a: Chansey\n|-status|p2a: Chansey|par\n|\n|upkeep\n|turn|8\n|inactive|fighting demons has 270 seconds left.\n|\n|t:|1781387349\n|switch|p1a: Alakazam|Alakazam|100/100\n|move|p2a: Chansey|Sing|p1a: Alakazam\n|-status|p1a: Alakazam|slp|[from] move: Sing\n|\n|upkeep\n|turn|9\n|inactive|fighting demons has 240 seconds left.\n|\n|t:|1781387365\n|switch|p1a: Chansey|Chansey|100/100\n|switch|p2a: Snorlax|Snorlax|100/100\n|\n|upkeep\n|turn|10\n|inactive|fighting demons has 240 seconds left.\n|\n|t:|1781387393\n|switch|p1a: Gengar|Gengar|100/100\n|switch|p2a: Chansey|Chansey|86/100 par\n|\n|upkeep\n|turn|11\n|\n|t:|1781387400\n|switch|p1a: Rhydon|Rhydon|100/100\n|cant|p2a: Chansey|par\n|\n|upkeep\n|turn|12\n|\n|t:|1781387410\n|switch|p2a: Starmie|Starmie|100/100\n|move|p1a: Rhydon|Body Slam|p2a: Starmie\n|-damage|p2a: Starmie|73/100\n|-status|p2a: Starmie|par\n|\n|upkeep\n|turn|13\n|\n|t:|1781387424\n|switch|p1a: Chansey|Chansey|100/100\n|move|p2a: Starmie|Surf|p1a: Chansey\n|-damage|p1a: Chansey|86/100\n|\n|upkeep\n|turn|14\n|\n|t:|1781387431\n|move|p1a: Chansey|Thunderbolt|p2a: Starmie\n|-supereffective|p2a: Starmie\n|-damage|p2a: Starmie|23/100 par\n|cant|p2a: Starmie|par\n|\n|upkeep\n|turn|15\n|inactive|fighting demons has 240 seconds left.\n|\n|t:|1781387440\n|switch|p2a: Chansey|Chansey|86/100 par\n|move|p1a: Chansey|Thunderbolt|p2a: Chansey\n|-damage|p2a: Chansey|75/100 par\n|\n|upkeep\n|turn|16\n|inactive|fighting demons has 240 seconds left.\n|\n|t:|1781387452\n|switch|p2a: Snorlax|Snorlax|100/100\n|move|p1a: Chansey|Ice Beam|p2a: Snorlax\n|-damage|p2a: Snorlax|83/100\n|\n|upkeep\n|turn|17\n|inactive|fighting demons has 240 seconds left.\n|\n|t:|1781387463\n|move|p1a: Chansey|Thunder Wave|p2a: Snorlax\n|-status|p2a: Snorlax|par\n|move|p2a: Snorlax|Ice Beam|p1a: Chansey\n|-damage|p1a: Chansey|78/100\n|-status|p1a: Chansey|frz\n|\n|upkeep\n|turn|18\n|inactive|fighting demons has 240 seconds left.\n|\n|t:|1781387488\n|switch|p1a: Gengar|Gengar|100/100\n|switch|p2a: Rhydon|Rhydon|76/100\n|\n|upkeep\n|turn|19\n|inactive|fighting demons has 240 seconds left.\n|inactive|fighting demons has 210 seconds left.\n|\n|t:|1781387530\n|switch|p1a: Tauros|Tauros|100/100\n|move|p2a: Rhydon|Body Slam|p1a: Tauros\n|-damage|p1a: Tauros|76/100\n|\n|upkeep\n|turn|20\n|inactive|fighting demons has 210 seconds left.\n|inactive|Blue Cl0yster has 270 seconds left.\n|\n|t:|1781387574\n|switch|p2a: Starmie|Starmie|23/100 par\n|move|p1a: Tauros|Blizzard|p2a: Starmie|[miss]\n|-miss|p1a: Tauros\n|\n|upkeep\n|turn|21\n|\n|t:|1781387588\n|move|p1a: Tauros|Body Slam|p2a: Starmie\n|-crit|p2a: Starmie\n|-damage|p2a: Starmie|0 fnt\n|faint|p2a: Starmie\n|\n|t:|1781387594\n|switch|p2a: Tauros|Tauros|100/100\n|turn|22\n|\n|t:|1781387600\n|move|p1a: Tauros|Body Slam|p2a: Tauros\n|-crit|p2a: Tauros\n|-damage|p2a: Tauros|46/100\n|move|p2a: Tauros|Body Slam|p1a: Tauros\n|-crit|p1a: Tauros\n|-damage|p1a: Tauros|22/100\n|\n|upkeep\n|turn|23\n|inactive|fighting demons has 210 seconds left.\n|inactive|Blue Cl0yster has 240 seconds left.\n|inactive|fighting demons has 180 seconds left.\n|\n|t:|1781387685\n|switch|p1a: Chansey|Chansey|78/100 frz\n|move|p2a: Tauros|Earthquake|p1a: Chansey\n|-damage|p1a: Chansey|48/100 frz\n|\n|upkeep\n|turn|24\n|inactive|Blue Cl0yster has 240 seconds left.\n|\n|t:|1781387704\n|move|p2a: Tauros|Earthquake|p1a: Chansey\n|-damage|p1a: Chansey|17/100 frz\n|cant|p1a: Chansey|frz\n|\n|upkeep\n|turn|25\n|\n|t:|1781387710\n|move|p2a: Tauros|Earthquake|p1a: Chansey\n|-crit|p1a: Chansey\n|-damage|p1a: Chansey|0 fnt\n|faint|p1a: Chansey\n|inactive|fighting demons has 150 seconds left.\n|\n|t:|1781387737\n|switch|p1a: Gengar|Gengar|100/100\n|turn|26\n|inactive|fighting demons has 150 seconds left.\n|inactive|Blue Cl0yster has 240 seconds left.\n|\n|t:|1781387772\n|switch|p2a: Chansey|Chansey|75/100 par\n|move|p1a: Gengar|Night Shade|p2a: Chansey\n|-damage|p2a: Chansey|61/100 par\n|\n|upkeep\n|turn|27\n|\n|t:|1781387781\n|switch|p1a: Rhydon|Rhydon|100/100\n|move|p2a: Chansey|Soft-Boiled|p2a: Chansey\n|-heal|p2a: Chansey|100/100 par\n|\n|upkeep\n|turn|28\n|inactive|Blue Cl0yster has 210 seconds left.\n|\n|t:|1781387814\n|switch|p2a: Exeggutor|Exeggutor|75/100 slp\n|move|p1a: Rhydon|Earthquake|p2a: Exeggutor\n|-resisted|p2a: Exeggutor\n|-damage|p2a: Exeggutor|57/100 slp\n|\n|upkeep\n|turn|29\n|inactive|Blue Cl0yster has 210 seconds left.\n|\n|t:|1781387820\n|cant|p2a: Exeggutor|slp\n|move|p1a: Rhydon|Rock Slide|p2a: Exeggutor\n|-damage|p2a: Exeggutor|26/100 slp\n|\n|upkeep\n|turn|30\n|\n|t:|1781387824\n|cant|p2a: Exeggutor|slp\n|move|p1a: Rhydon|Rock Slide|p2a: Exeggutor\n|-damage|p2a: Exeggutor|0 fnt\n|faint|p2a: Exeggutor\n|\n|t:|1781387831\n|switch|p2a: Rhydon|Rhydon|76/100\n|turn|31\n|\n|t:|1781387834\n|move|p2a: Rhydon|Earthquake|p1a: Rhydon\n|-supereffective|p1a: Rhydon\n|-damage|p1a: Rhydon|38/100\n|move|p1a: Rhydon|Earthquake|p2a: Rhydon\n|-supereffective|p2a: Rhydon\n|-damage|p2a: Rhydon|17/100\n|\n|upkeep\n|turn|32\n|inactive|fighting demons has 180 seconds left.\n|\n|t:|1781387859\n|move|p2a: Rhydon|Earthquake|p1a: Rhydon\n|-supereffective|p1a: Rhydon\n|-damage|p1a: Rhydon|0 fnt\n|faint|p1a: Rhydon\n|inactive|fighting demons has 180 seconds left.\n|inactive|fighting demons has 150 seconds left.\n|\n|t:|1781387898\n|switch|p1a: Cloyster|Cloyster|69/100\n|turn|33\n|\n|t:|1781387908\n|switch|p2a: Chansey|Chansey|100/100 par\n|move|p1a: Cloyster|Blizzard|p2a: Chansey|[miss]\n|-miss|p1a: Cloyster\n|\n|upkeep\n|turn|34\n|\n|t:|1781387919\n|move|p1a: Cloyster|Clamp|p2a: Chansey\n|-damage|p2a: Chansey|95/100 par\n|cant|p2a: Chansey|partiallytrapped\n|\n|upkeep\n|turn|35\n|inactive|Blue Cl0yster has 240 seconds left.\n|inactive|Blue Cl0yster has 210 seconds left.\n|\n|t:|1781387980\n|switch|p2a: Snorlax|Snorlax|83/100 par\n|move|p1a: Cloyster|Clamp|p2a: Snorlax\n|-damage|p2a: Snorlax|74/100 par\n|\n|upkeep\n|turn|36\n|\n|t:|1781387985\n|switch|p2a: Chansey|Chansey|95/100 par\n|move|p1a: Cloyster|Clamp|p2a: Chansey|[miss]\n|-miss|p1a: Cloyster\n|\n|upkeep\n|turn|37\n|\n|t:|1781387990\n|move|p1a: Cloyster|Clamp|p2a: Chansey\n|-damage|p2a: Chansey|91/100 par\n|cant|p2a: Chansey|partiallytrapped\n|\n|upkeep\n|turn|38\n|\n|t:|1781387994\n|move|p1a: Cloyster|Clamp|p2a: Chansey|[from] Clamp\n|-damage|p2a: Chansey|86/100 par\n|\n|upkeep\n|turn|39\n|\n|t:|1781387998\n|move|p1a: Cloyster|Clamp|p2a: Chansey|[from] Clamp\n|-damage|p2a: Chansey|81/100 par\n|\n|upkeep\n|turn|40\n|\n|t:|1781388003\n|move|p1a: Cloyster|Clamp|p2a: Chansey\n|-damage|p2a: Chansey|76/100 par\n|cant|p2a: Chansey|partiallytrapped\n|\n|upkeep\n|turn|41\n|\n|t:|1781388007\n|move|p1a: Cloyster|Clamp|p2a: Chansey|[from] Clamp\n|-damage|p2a: Chansey|71/100 par\n|\n|upkeep\n|turn|42\n|\n|t:|1781388013\n|move|p1a: Cloyster|Clamp|p2a: Chansey\n|-damage|p2a: Chansey|66/100 par\n|cant|p2a: Chansey|partiallytrapped\n|\n|upkeep\n|turn|43\n|\n|t:|1781388018\n|move|p1a: Cloyster|Clamp|p2a: Chansey|[from] Clamp\n|-damage|p2a: Chansey|60/100 par\n|\n|upkeep\n|turn|44\n|inactive|fighting demons has 240 seconds left.\n|\n|t:|1781388047\n|move|p1a: Cloyster|Clamp|p2a: Chansey|[from] Clamp\n|-damage|p2a: Chansey|55/100 par\n|\n|upkeep\n|turn|45\n|\n|t:|1781388050\n|move|p1a: Cloyster|Clamp|p2a: Chansey|[from] Clamp\n|-damage|p2a: Chansey|50/100 par\n|\n|upkeep\n|turn|46\n|\n|t:|1781388055\n|move|p1a: Cloyster|Clamp|p2a: Chansey\n|-damage|p2a: Chansey|45/100 par\n|cant|p2a: Chansey|partiallytrapped\n|\n|upkeep\n|turn|47\n|\n|t:|1781388060\n|move|p1a: Cloyster|Clamp|p2a: Chansey|[from] Clamp\n|-damage|p2a: Chansey|39/100 par\n|\n|upkeep\n|turn|48\n|inactive|fighting demons has 270 seconds left.\n|\n|t:|1781388071\n|move|p1a: Cloyster|Clamp|p2a: Chansey\n|-damage|p2a: Chansey|34/100 par\n|cant|p2a: Chansey|partiallytrapped\n|\n|upkeep\n|turn|49\n|\n|t:|1781388075\n|move|p1a: Cloyster|Clamp|p2a: Chansey|[from] Clamp\n|-damage|p2a: Chansey|29/100 par\n|\n|upkeep\n|turn|50\n|\n|t:|1781388079\n|move|p1a: Cloyster|Clamp|p2a: Chansey|[from] Clamp\n|-damage|p2a: Chansey|24/100 par\n|\n|upkeep\n|turn|51\n|\n|t:|1781388083\n|move|p1a: Cloyster|Clamp|p2a: Chansey\n|-damage|p2a: Chansey|20/100 par\n|cant|p2a: Chansey|partiallytrapped\n|\n|upkeep\n|turn|52\n|\n|t:|1781388087\n|move|p1a: Cloyster|Clamp|p2a: Chansey|[from] Clamp\n|-damage|p2a: Chansey|15/100 par\n|\n|upkeep\n|turn|53\n|\n|t:|1781388092\n|move|p1a: Cloyster|Blizzard|p2a: Chansey\n|-damage|p2a: Chansey|0 fnt\n|faint|p2a: Chansey\n|\n|t:|1781388107\n|switch|p2a: Snorlax|Snorlax|74/100 par\n|turn|54\n|\n|t:|1781388116\n|move|p1a: Cloyster|Clamp|p2a: Snorlax|[miss]\n|-miss|p1a: Cloyster\n|move|p2a: Snorlax|Body Slam|p1a: Cloyster\n|-damage|p1a: Cloyster|48/100\n|-status|p1a: Cloyster|par\n|\n|upkeep\n|turn|55\n|inactive|Blue Cl0yster has 270 seconds left.\n|\n|t:|1781388151\n|move|p1a: Cloyster|Blizzard|p2a: Snorlax\n|-damage|p2a: Snorlax|41/100 par\n|cant|p2a: Snorlax|par\n|\n|upkeep\n|turn|56\n|inactive|Blue Cl0yster has 270 seconds left.\n|inactive|fighting demons has 270 seconds left.\n|inactive|fighting demons has 240 seconds left.\n|\n|t:|1781388237\n|move|p1a: Cloyster|Clamp|p2a: Snorlax|[miss]\n|-miss|p1a: Cloyster\n|move|p2a: Snorlax|Rest|p2a: Snorlax\n|-status|p2a: Snorlax|slp|[from] move: Rest\n|-heal|p2a: Snorlax|100/100 slp|[silent]\n|\n|upkeep\n|turn|57\n|\n|t:|1781388243\n|move|p1a: Cloyster|Blizzard|p2a: Snorlax\n|-damage|p2a: Snorlax|71/100 slp\n|cant|p2a: Snorlax|slp\n|\n|upkeep\n|turn|58\n|inactive|Blue Cl0yster has 270 seconds left.\n|\n|t:|1781388248\n|move|p1a: Cloyster|Explosion|p2a: Snorlax\n|-damage|p2a: Snorlax|2/100 slp\n|faint|p1a: Cloyster\n|inactive|fighting demons has 210 seconds left.\n|inactive|fighting demons has 180 seconds left.\n|\n|t:|1781388313\n|switch|p1a: Tauros|Tauros|22/100\n|turn|59\n|\n|t:|1781388321\n|move|p1a: Tauros|Body Slam|p2a: Snorlax\n|-damage|p2a: Snorlax|0 fnt\n|faint|p2a: Snorlax\n|\n|t:|1781388333\n|switch|p2a: Tauros|Tauros|46/100\n|turn|60\n|\n|t:|1781388339\n|move|p1a: Tauros|Body Slam|p2a: Tauros\n|-damage|p2a: Tauros|19/100\n|move|p2a: Tauros|Earthquake|p1a: Tauros\n|-damage|p1a: Tauros|0 fnt\n|faint|p1a: Tauros\n|\n|t:|1781388341\n|switch|p1a: Gengar|Gengar|100/100\n|turn|61\n|inactive|fighting demons has 210 seconds left.\n|\n|t:|1781388352\n|move|p1a: Gengar|Thunderbolt|p2a: Tauros\n|-damage|p2a: Tauros|0 fnt\n|faint|p2a: Tauros\n|\n|t:|1781388355\n|switch|p2a: Rhydon|Rhydon|17/100\n|turn|62\n|c|☆fighting demons|gg\n|\n|t:|1781388358\n|move|p1a: Gengar|Night Shade|p2a: Rhydon\n|-damage|p2a: Rhydon|0 fnt\n|faint|p2a: Rhydon\n|\n|win|fighting demons\n|c|☆Blue Cl0yster|gg\n|player|p2|\n","uploadtime":1781388358,"views":"63","formatid":"gen1ou","rating":null,"private":0,"password":null}