{"id":"smogtours-gen1ou-953764","format":"[Gen 1] OU","players":["Abucketofchubs","TheStupe"],"log":"|inactive|Battle timer is ON: inactive players will automatically lose when time's up.\n|t:|1783288253\n|gametype|singles\n|player|p1|Abucketofchubs|youngster-gen4dp|\n|player|p2|TheStupe|psychicf-gen4|\n|gen|1\n|tier|[Gen 1] OU\n|rule|Desync Clause Mod: Desyncs changed to move failure.\n|rule|HP Percentage Mod: HP is shown in percentages\n|rule|Endless Battle Clause: Forcing endless battles is banned\n|rule|Sleep Clause Mod: Limit one foe put to sleep\n|rule|Freeze Clause Mod: Limit one foe frozen\n|rule|Species Clause: Limit one of each Pokémon\n|rule|OHKO Clause: OHKO moves are banned\n|rule|Evasion Moves Clause: Evasion moves are banned\n|\n|t:|1783288253\n|teamsize|p1|6\n|teamsize|p2|6\n|start\n|switch|p1a: Starmie|Starmie|100/100\n|switch|p2a: Alakazam|Alakazam|100/100\n|turn|1\n|c|☆TheStupe|hf\n|inactive|Abucketofchubs has 270 seconds left.\n|\n|t:|1783288299\n|move|p2a: Alakazam|Seismic Toss|p1a: Starmie\n|-damage|p1a: Starmie|70/100\n|move|p1a: Starmie|Surf|p2a: Alakazam\n|-damage|p2a: Alakazam|73/100\n|\n|upkeep\n|turn|2\n|\n|t:|1783288308\n|switch|p1a: Exeggutor|Exeggutor|100/100\n|move|p2a: Alakazam|Thunder Wave|p1a: Exeggutor\n|-status|p1a: Exeggutor|par\n|\n|upkeep\n|turn|3\n|\n|t:|1783288311\n|move|p2a: Alakazam|Seismic Toss|p1a: Exeggutor\n|-damage|p1a: Exeggutor|75/100 par\n|move|p1a: Exeggutor|Sleep Powder|p2a: Alakazam\n|-status|p2a: Alakazam|slp|[from] move: Sleep Powder\n|\n|upkeep\n|turn|4\n|\n|t:|1783288338\n|switch|p2a: Chansey|Chansey|100/100\n|switch|p1a: Starmie|Starmie|70/100\n|\n|upkeep\n|turn|5\n|\n|t:|1783288347\n|move|p1a: Starmie|Thunder Wave|p2a: Chansey\n|-status|p2a: Chansey|par\n|move|p2a: Chansey|Thunderbolt|p1a: Starmie\n|-supereffective|p1a: Starmie\n|-damage|p1a: Starmie|25/100\n|\n|upkeep\n|turn|6\n|\n|t:|1783288354\n|switch|p1a: Snorlax|Snorlax|100/100\n|cant|p2a: Chansey|par\n|\n|upkeep\n|turn|7\n|\n|t:|1783288357\n|switch|p2a: Snorlax|Snorlax|100/100\n|move|p1a: Snorlax|Earthquake|p2a: Snorlax\n|-damage|p2a: Snorlax|81/100\n|\n|upkeep\n|turn|8\n|\n|t:|1783288361\n|move|p2a: Snorlax|Reflect|p2a: Snorlax\n|-start|p2a: Snorlax|Reflect\n|move|p1a: Snorlax|Body Slam|p2a: Snorlax\n|-damage|p2a: Snorlax|69/100\n|\n|upkeep\n|turn|9\n|\n|t:|1783288385\n|move|p1a: Snorlax|Body Slam|p2a: Snorlax\n|-crit|p2a: Snorlax\n|-damage|p2a: Snorlax|18/100\n|move|p2a: Snorlax|Body Slam|p1a: Snorlax\n|-damage|p1a: Snorlax|74/100\n|\n|upkeep\n|turn|10\n|\n|t:|1783288403\n|move|p1a: Snorlax|Body Slam|p2a: Snorlax\n|-damage|p2a: Snorlax|5/100\n|move|p2a: Snorlax|Body Slam|p1a: Snorlax\n|-damage|p1a: Snorlax|47/100\n|\n|upkeep\n|turn|11\n|\n|t:|1783288414\n|move|p2a: Snorlax|Rest|p2a: Snorlax\n|-status|p2a: Snorlax|slp|[from] move: Rest\n|-heal|p2a: Snorlax|100/100 slp|[silent]\n|move|p1a: Snorlax|Body Slam|p2a: Snorlax\n|-damage|p2a: Snorlax|87/100 slp\n|\n|upkeep\n|turn|12\n|\n|t:|1783288416\n|move|p1a: Snorlax|Reflect|p1a: Snorlax\n|-start|p1a: Snorlax|Reflect\n|cant|p2a: Snorlax|slp\n|\n|upkeep\n|turn|13\n|\n|t:|1783288418\n|-curestatus|p2a: Snorlax|slp|[msg]\n|move|p1a: Snorlax|Body Slam|p2a: Snorlax\n|-damage|p2a: Snorlax|74/100\n|\n|upkeep\n|turn|14\n|\n|t:|1783288419\n|move|p1a: Snorlax|Rest|p1a: Snorlax\n|-status|p1a: Snorlax|slp|[from] move: Rest\n|-heal|p1a: Snorlax|100/100 slp|[silent]\n|move|p2a: Snorlax|Body Slam|p1a: Snorlax\n|-damage|p1a: Snorlax|86/100 slp\n|\n|upkeep\n|turn|15\n|\n|t:|1783288437\n|move|p2a: Snorlax|Body Slam|p1a: Snorlax\n|-crit|p1a: Snorlax\n|-damage|p1a: Snorlax|34/100 slp\n|cant|p1a: Snorlax|slp\n|\n|upkeep\n|turn|16\n|\n|t:|1783288449\n|switch|p2a: Lapras|Lapras|100/100\n|-curestatus|p1a: Snorlax|slp|[msg]\n|\n|upkeep\n|turn|17\n|\n|t:|1783288455\n|switch|p1a: Chansey|Chansey|100/100\n|move|p2a: Lapras|Blizzard|p1a: Chansey\n|-damage|p1a: Chansey|82/100\n|\n|upkeep\n|turn|18\n|\n|t:|1783288480\n|switch|p2a: Chansey|Chansey|100/100 par\n|move|p1a: Chansey|Thunder Wave|p2a: Chansey\n|-fail|p2a: Chansey|par\n|\n|upkeep\n|turn|19\n|\n|t:|1783288491\n|move|p1a: Chansey|Thunderbolt|p2a: Chansey\n|-damage|p2a: Chansey|89/100 par\n|move|p2a: Chansey|Ice Beam|p1a: Chansey\n|-damage|p1a: Chansey|70/100\n|\n|upkeep\n|turn|20\n|\n|t:|1783288499\n|move|p1a: Chansey|Soft-Boiled|p1a: Chansey\n|-heal|p1a: Chansey|100/100\n|move|p2a: Chansey|Ice Beam|p1a: Chansey\n|-damage|p1a: Chansey|90/100\n|\n|upkeep\n|turn|21\n|\n|t:|1783288502\n|switch|p1a: Snorlax|Snorlax|34/100\n|move|p2a: Chansey|Ice Beam|p1a: Snorlax\n|-damage|p1a: Snorlax|14/100\n|\n|upkeep\n|turn|22\n|\n|t:|1783288526\n|switch|p2a: Snorlax|Snorlax|74/100\n|move|p1a: Snorlax|Body Slam|p2a: Snorlax\n|-damage|p2a: Snorlax|49/100\n|\n|upkeep\n|turn|23\n|\n|t:|1783288534\n|switch|p1a: Chansey|Chansey|90/100\n|move|p2a: Snorlax|Body Slam|p1a: Chansey\n|-damage|p1a: Chansey|49/100\n|\n|upkeep\n|turn|24\n|\n|t:|1783288541\n|move|p1a: Chansey|Soft-Boiled|p1a: Chansey\n|-heal|p1a: Chansey|99/100\n|move|p2a: Snorlax|Body Slam|p1a: Chansey\n|-damage|p1a: Chansey|55/100\n|\n|upkeep\n|turn|25\n|\n|t:|1783288558\n|move|p1a: Chansey|Soft-Boiled|p1a: Chansey\n|-heal|p1a: Chansey|100/100\n|move|p2a: Snorlax|Body Slam|p1a: Chansey\n|-damage|p1a: Chansey|56/100\n|\n|upkeep\n|turn|26\n|\n|t:|1783288571\n|switch|p2a: Chansey|Chansey|89/100 par\n|move|p1a: Chansey|Soft-Boiled|p1a: Chansey\n|-heal|p1a: Chansey|100/100\n|\n|upkeep\n|turn|27\n|\n|t:|1783288575\n|switch|p1a: Exeggutor|Exeggutor|75/100 par\n|move|p2a: Chansey|Ice Beam|p1a: Exeggutor\n|-supereffective|p1a: Exeggutor\n|-damage|p1a: Exeggutor|40/100 par\n|\n|upkeep\n|turn|28\n|\n|t:|1783288584\n|switch|p2a: Alakazam|Alakazam|73/100 slp\n|move|p1a: Exeggutor|Psychic|p2a: Alakazam\n|-crit|p2a: Alakazam\n|-resisted|p2a: Alakazam\n|-damage|p2a: Alakazam|41/100 slp\n|-unboost|p2a: Alakazam|spa|1\n|-unboost|p2a: Alakazam|spd|1\n|\n|upkeep\n|turn|29\n|\n|t:|1783288593\n|-curestatus|p2a: Alakazam|slp|[msg]\n|cant|p1a: Exeggutor|par\n|\n|upkeep\n|turn|30\n|\n|t:|1783288599\n|move|p2a: Alakazam|Seismic Toss|p1a: Exeggutor\n|-damage|p1a: Exeggutor|15/100 par\n|move|p1a: Exeggutor|Sleep Powder|p2a: Alakazam\n|-status|p2a: Alakazam|slp|[from] move: Sleep Powder\n|\n|upkeep\n|turn|31\n|\n|t:|1783288604\n|cant|p2a: Alakazam|slp\n|move|p1a: Exeggutor|Psychic|p2a: Alakazam\n|-resisted|p2a: Alakazam\n|-damage|p2a: Alakazam|16/100 slp\n|\n|upkeep\n|turn|32\n|\n|t:|1783288612\n|switch|p1a: Starmie|Starmie|25/100\n|cant|p2a: Alakazam|slp\n|\n|upkeep\n|turn|33\n|\n|t:|1783288614\n|switch|p2a: Chansey|Chansey|89/100 par\n|move|p1a: Starmie|Recover|p1a: Starmie\n|-heal|p1a: Starmie|74/100\n|\n|upkeep\n|turn|34\n|inactive|Abucketofchubs has 270 seconds left.\n|\n|t:|1783288645\n|move|p1a: Starmie|Surf|p2a: Chansey\n|-damage|p2a: Chansey|75/100 par\n|move|p2a: Chansey|Ice Beam|p1a: Starmie|[miss]\n|-miss|p2a: Chansey\n|-hint|In Gen 1, moves with 100% accuracy can still miss 1/256 of the time.\n|\n|upkeep\n|turn|35\n|\n|t:|1783288653\n|switch|p1a: Exeggutor|Exeggutor|15/100 par\n|move|p2a: Chansey|Soft-Boiled|p2a: Chansey\n|-heal|p2a: Chansey|100/100 par\n|\n|upkeep\n|turn|36\n|inactive|Abucketofchubs has 270 seconds left.\n|\n|t:|1783288676\n|switch|p1a: Snorlax|Snorlax|14/100\n|switch|p2a: Alakazam|Alakazam|16/100 slp\n|\n|upkeep\n|turn|37\n|inactive|Abucketofchubs has 270 seconds left.\n|\n|t:|1783288692\n|switch|p2a: Snorlax|Snorlax|49/100\n|move|p1a: Snorlax|Body Slam|p2a: Snorlax\n|-damage|p2a: Snorlax|23/100\n|\n|upkeep\n|turn|38\n|\n|t:|1783288701\n|move|p1a: Snorlax|Body Slam|p2a: Snorlax\n|-damage|p2a: Snorlax|0 fnt\n|faint|p2a: Snorlax\n|\n|t:|1783288703\n|switch|p2a: Tauros|Tauros|100/100\n|turn|39\n|inactive|Abucketofchubs has 270 seconds left.\n|\n|t:|1783288728\n|switch|p1a: Exeggutor|Exeggutor|15/100 par\n|move|p2a: Tauros|Body Slam|p1a: Exeggutor\n|-damage|p1a: Exeggutor|0 fnt\n|faint|p1a: Exeggutor\n|\n|t:|1783288751\n|switch|p1a: Tauros|Tauros|100/100\n|turn|40\n|\n|t:|1783288765\n|move|p2a: Tauros|Body Slam|p1a: Tauros\n|-damage|p1a: Tauros|72/100\n|move|p1a: Tauros|Body Slam|p2a: Tauros\n|-crit|p2a: Tauros\n|-damage|p2a: Tauros|45/100\n|\n|upkeep\n|turn|41\n|c|☆Abucketofchubs|test\n|\n|t:|1783288780\n|switch|p2a: Alakazam|Alakazam|16/100 slp\n|move|p1a: Tauros|Body Slam|p2a: Alakazam\n|-damage|p2a: Alakazam|0 fnt\n|faint|p2a: Alakazam\n|\n|t:|1783288785\n|switch|p2a: Exeggutor|Exeggutor|100/100\n|turn|42\n|\n|t:|1783288800\n|move|p1a: Tauros|Blizzard|p2a: Exeggutor\n|-supereffective|p2a: Exeggutor\n|-damage|p2a: Exeggutor|69/100\n|move|p2a: Exeggutor|Sleep Powder|p1a: Tauros\n|-status|p1a: Tauros|slp|[from] move: Sleep Powder\n|\n|upkeep\n|turn|43\n|\n|t:|1783288807\n|switch|p1a: Starmie|Starmie|74/100\n|move|p2a: Exeggutor|Stun Spore|p1a: Starmie|[miss]\n|-miss|p2a: Exeggutor\n|\n|upkeep\n|turn|44\n|\n|t:|1783288813\n|switch|p2a: Chansey|Chansey|100/100 par\n|move|p1a: Starmie|Recover|p1a: Starmie\n|-heal|p1a: Starmie|100/100\n|\n|upkeep\n|turn|45\n|inactive|Abucketofchubs has 270 seconds left.\n|\n|t:|1783288821\n|move|p1a: Starmie|Surf|p2a: Chansey\n|-crit|p2a: Chansey\n|-damage|p2a: Chansey|73/100 par\n|move|p2a: Chansey|Ice Beam|p1a: Starmie\n|-resisted|p1a: Starmie\n|-damage|p1a: Starmie|89/100\n|\n|upkeep\n|turn|46\n|\n|t:|1783288829\n|switch|p1a: Alakazam|Alakazam|100/100\n|move|p2a: Chansey|Soft-Boiled|p2a: Chansey\n|-heal|p2a: Chansey|100/100 par\n|\n|upkeep\n|turn|47\n|\n|t:|1783288837\n|move|p1a: Alakazam|Psychic|p2a: Chansey\n|-damage|p2a: Chansey|82/100 par\n|-unboost|p2a: Chansey|spa|1\n|-unboost|p2a: Chansey|spd|1\n|move|p2a: Chansey|Thunder Wave|p1a: Alakazam\n|-status|p1a: Alakazam|par\n|\n|upkeep\n|turn|48\n|\n|t:|1783288839\n|move|p1a: Alakazam|Psychic|p2a: Chansey\n|-damage|p2a: Chansey|52/100 par\n|move|p2a: Chansey|Soft-Boiled|p2a: Chansey\n|-heal|p2a: Chansey|100/100 par\n|\n|upkeep\n|turn|49\n|\n|t:|1783288847\n|cant|p1a: Alakazam|par\n|cant|p2a: Chansey|par\n|\n|upkeep\n|turn|50\n|\n|t:|1783288850\n|move|p1a: Alakazam|Thunder Wave|p2a: Chansey\n|-fail|p2a: Chansey|par\n|move|p2a: Chansey|Thunderbolt|p1a: Alakazam\n|-damage|p1a: Alakazam|88/100 par\n|\n|upkeep\n|turn|51\n|\n|t:|1783288858\n|move|p1a: Alakazam|Thunder Wave|p2a: Chansey\n|-fail|p2a: Chansey|par\n|move|p2a: Chansey|Thunderbolt|p1a: Alakazam\n|-damage|p1a: Alakazam|75/100 par\n|\n|upkeep\n|turn|52\n|\n|t:|1783288876\n|move|p1a: Alakazam|Thunder Wave|p2a: Chansey\n|-fail|p2a: Chansey|par\n|move|p2a: Chansey|Thunderbolt|p1a: Alakazam\n|-damage|p1a: Alakazam|61/100 par\n|\n|upkeep\n|turn|53\n|\n|t:|1783288880\n|move|p1a: Alakazam|Recover|p1a: Alakazam\n|-heal|p1a: Alakazam|100/100 par\n|move|p2a: Chansey|Thunderbolt|p1a: Alakazam\n|-damage|p1a: Alakazam|87/100 par\n|\n|upkeep\n|turn|54\n|\n|t:|1783288885\n|move|p1a: Alakazam|Recover|p1a: Alakazam\n|-heal|p1a: Alakazam|100/100 par\n|move|p2a: Chansey|Thunderbolt|p1a: Alakazam\n|-damage|p1a: Alakazam|87/100 par\n|\n|upkeep\n|turn|55\n|\n|t:|1783288889\n|move|p1a: Alakazam|Seismic Toss|p2a: Chansey\n|-damage|p2a: Chansey|86/100 par\n|cant|p2a: Chansey|par\n|\n|upkeep\n|turn|56\n|\n|t:|1783288891\n|cant|p1a: Alakazam|par\n|move|p2a: Chansey|Soft-Boiled|p2a: Chansey\n|-heal|p2a: Chansey|100/100 par\n|\n|upkeep\n|turn|57\n|\n|t:|1783288893\n|move|p1a: Alakazam|Seismic Toss|p2a: Chansey\n|-damage|p2a: Chansey|86/100 par\n|move|p2a: Chansey|Thunderbolt|p1a: Alakazam\n|-damage|p1a: Alakazam|73/100 par\n|\n|upkeep\n|turn|58\n|\n|t:|1783288899\n|move|p1a: Alakazam|Recover|p1a: Alakazam\n|-heal|p1a: Alakazam|100/100 par\n|move|p2a: Chansey|Thunderbolt|p1a: Alakazam\n|-damage|p1a: Alakazam|87/100 par\n|\n|upkeep\n|turn|59\n|\n|t:|1783288912\n|move|p1a: Alakazam|Recover|p1a: Alakazam\n|-heal|p1a: Alakazam|100/100 par\n|move|p2a: Chansey|Thunderbolt|p1a: Alakazam\n|-damage|p1a: Alakazam|86/100 par\n|\n|upkeep\n|turn|60\n|\n|t:|1783288921\n|cant|p1a: Alakazam|par\n|move|p2a: Chansey|Thunder Wave|p1a: Alakazam\n|-fail|p1a: Alakazam|par\n|\n|upkeep\n|turn|61\n|\n|t:|1783288923\n|move|p1a: Alakazam|Recover|p1a: Alakazam\n|-heal|p1a: Alakazam|100/100 par\n|move|p2a: Chansey|Thunderbolt|p1a: Alakazam\n|-damage|p1a: Alakazam|87/100 par\n|\n|upkeep\n|turn|62\n|\n|t:|1783288927\n|move|p1a: Alakazam|Recover|p1a: Alakazam\n|-heal|p1a: Alakazam|100/100 par\n|move|p2a: Chansey|Thunder Wave|p1a: Alakazam\n|-fail|p1a: Alakazam|par\n|\n|upkeep\n|turn|63\n|inactive|Abucketofchubs has 270 seconds left.\n|\n|t:|1783288971\n|move|p1a: Alakazam|Seismic Toss|p2a: Chansey\n|-damage|p2a: Chansey|72/100 par\n|move|p2a: Chansey|Thunderbolt|p1a: Alakazam\n|-damage|p1a: Alakazam|87/100 par\n|\n|upkeep\n|turn|64\n|\n|t:|1783288975\n|move|p1a: Alakazam|Recover|p1a: Alakazam\n|-heal|p1a: Alakazam|100/100 par\n|move|p2a: Chansey|Soft-Boiled|p2a: Chansey\n|-heal|p2a: Chansey|100/100 par\n|\n|upkeep\n|turn|65\n|\n|t:|1783288989\n|move|p1a: Alakazam|Psychic|p2a: Chansey\n|-crit|p2a: Chansey\n|-damage|p2a: Chansey|68/100 par\n|cant|p2a: Chansey|par\n|\n|upkeep\n|turn|66\n|\n|t:|1783288993\n|move|p1a: Alakazam|Psychic|p2a: Chansey\n|-crit|p2a: Chansey\n|-damage|p2a: Chansey|33/100 par\n|move|p2a: Chansey|Soft-Boiled|p2a: Chansey\n|-heal|p2a: Chansey|83/100 par\n|\n|upkeep\n|turn|67\n|inactive|Abucketofchubs disconnected and has 300 seconds to reconnect!\n|player|p1|\n|inactive|Abucketofchubs has 270 seconds to reconnect!\n|inactive|TheStupe has 270 seconds left.\n|inactive|Abucketofchubs reconnected and has 285 seconds left.\n|player|p1|Abucketofchubs|youngster-gen4dp|\n|inactive|Abucketofchubs disconnected and has 245 seconds to reconnect!\n|player|p1|\n|inactive|Abucketofchubs has 240 seconds to reconnect!\n|inactive|Abucketofchubs reconnected and has 275 seconds left.\n|player|p1|Abucketofchubs|youngster-gen4dp|\n|inactive|Abucketofchubs has 270 seconds left.\n|c|☆Abucketofchubs|holy fuck\n|\n|t:|1783289085\n|cant|p1a: Alakazam|par\n|cant|p2a: Chansey|par\n|\n|upkeep\n|turn|68\n|\n|t:|1783289093\n|switch|p1a: Snorlax|Snorlax|14/100\n|cant|p2a: Chansey|par\n|\n|upkeep\n|turn|69\n|inactive|Abucketofchubs has 270 seconds left.\n|\n|t:|1783289109\n|switch|p2a: Tauros|Tauros|45/100\n|move|p1a: Snorlax|Body Slam|p2a: Tauros\n|-crit|p2a: Tauros\n|-damage|p2a: Tauros|0 fnt\n|faint|p2a: Tauros\n|\n|t:|1783289116\n|switch|p2a: Lapras|Lapras|100/100\n|turn|70\n|c|☆Abucketofchubs|sorry\n|c|☆TheStupe|It's alright\n|\n|t:|1783289128\n|switch|p1a: Chansey|Chansey|100/100\n|move|p2a: Lapras|Blizzard|p1a: Chansey\n|-damage|p1a: Chansey|83/100\n|\n|upkeep\n|turn|71\n|\n|t:|1783289132\n|switch|p2a: Chansey|Chansey|83/100 par\n|move|p1a: Chansey|Thunder Wave|p2a: Chansey\n|-fail|p2a: Chansey|par\n|\n|upkeep\n|turn|72\n|\n|t:|1783289140\n|switch|p1a: Alakazam|Alakazam|100/100 par\n|move|p2a: Chansey|Ice Beam|p1a: Alakazam\n|-damage|p1a: Alakazam|80/100 par\n|\n|upkeep\n|turn|73\n|\n|t:|1783289145\n|move|p1a: Alakazam|Psychic|p2a: Chansey\n|-damage|p2a: Chansey|64/100 par\n|move|p2a: Chansey|Ice Beam|p1a: Alakazam\n|-damage|p1a: Alakazam|59/100 par\n|\n|upkeep\n|turn|74\n|\n|t:|1783289147\n|move|p1a: Alakazam|Recover|p1a: Alakazam\n|-heal|p1a: Alakazam|100/100 par\n|move|p2a: Chansey|Soft-Boiled|p2a: Chansey\n|-heal|p2a: Chansey|100/100 par\n|\n|upkeep\n|turn|75\n|\n|t:|1783289150\n|cant|p1a: Alakazam|par\n|move|p2a: Chansey|Thunderbolt|p1a: Alakazam\n|-crit|p1a: Alakazam\n|-damage|p1a: Alakazam|63/100 par\n|\n|upkeep\n|turn|76\n|\n|t:|1783289154\n|move|p1a: Alakazam|Recover|p1a: Alakazam\n|-heal|p1a: Alakazam|100/100 par\n|move|p2a: Chansey|Thunderbolt|p1a: Alakazam\n|-damage|p1a: Alakazam|80/100 par\n|\n|upkeep\n|turn|77\n|\n|t:|1783289160\n|move|p1a: Alakazam|Recover|p1a: Alakazam\n|-heal|p1a: Alakazam|100/100 par\n|move|p2a: Chansey|Thunderbolt|p1a: Alakazam\n|-damage|p1a: Alakazam|79/100 par\n|\n|upkeep\n|turn|78\n|\n|t:|1783289174\n|switch|p2a: Exeggutor|Exeggutor|69/100\n|move|p1a: Alakazam|Recover|p1a: Alakazam\n|-heal|p1a: Alakazam|100/100 par\n|\n|upkeep\n|turn|79\n|c|☆Abucketofchubs|brother\n|c|☆Abucketofchubs|idk if my net is going to let me get through this\n|inactive|TheStupe has 270 seconds left.\n|\n|t:|1783289210\n|switch|p1a: Starmie|Starmie|89/100\n|move|p2a: Exeggutor|Psychic|p1a: Starmie\n|-resisted|p1a: Starmie\n|-damage|p1a: Starmie|71/100\n|-unboost|p1a: Starmie|spa|1\n|-unboost|p1a: Starmie|spd|1\n|\n|upkeep\n|turn|80\n|c|☆Abucketofchubs|x\n|inactive|TheStupe has 270 seconds left.\n|\n|t:|1783289228\n|switch|p2a: Chansey|Chansey|100/100 par\n|move|p1a: Starmie|Thunder Wave|p2a: Chansey\n|-fail|p2a: Chansey|par\n|\n|upkeep\n|turn|81\n|\n|t:|1783289236\n|switch|p1a: Alakazam|Alakazam|100/100 par\n|switch|p2a: Exeggutor|Exeggutor|69/100\n|\n|upkeep\n|turn|82\n|inactive|TheStupe has 270 seconds left.\n|c|☆Abucketofchubs|test\n|\n|t:|1783289259\n|switch|p1a: Starmie|Starmie|71/100\n|move|p2a: Exeggutor|Psychic|p1a: Starmie\n|-resisted|p1a: Starmie\n|-damage|p1a: Starmie|52/100\n|\n|upkeep\n|turn|83\n|\n|t:|1783289262\n|move|p1a: Starmie|Recover|p1a: Starmie\n|-heal|p1a: Starmie|100/100\n|move|p2a: Exeggutor|Stun Spore|p1a: Starmie\n|-status|p1a: Starmie|par\n|\n|upkeep\n|turn|84\n|\n|t:|1783289267\n|switch|p2a: Chansey|Chansey|100/100 par\n|cant|p1a: Starmie|par\n|\n|upkeep\n|turn|85\n|\n|t:|1783289270\n|switch|p1a: Alakazam|Alakazam|100/100 par\n|move|p2a: Chansey|Thunderbolt|p1a: Alakazam\n|-damage|p1a: Alakazam|79/100 par\n|\n|upkeep\n|turn|86\n|\n|t:|1783289273\n|cant|p1a: Alakazam|par\n|move|p2a: Chansey|Ice Beam|p1a: Alakazam\n|-damage|p1a: Alakazam|59/100 par\n|\n|upkeep\n|turn|87\n|\n|t:|1783289280\n|switch|p2a: Exeggutor|Exeggutor|69/100\n|move|p1a: Alakazam|Recover|p1a: Alakazam\n|-heal|p1a: Alakazam|100/100 par\n|\n|upkeep\n|turn|88\n|\n|t:|1783289287\n|switch|p1a: Starmie|Starmie|100/100 par\n|move|p2a: Exeggutor|Psychic|p1a: Starmie\n|-resisted|p1a: Starmie\n|-damage|p1a: Starmie|80/100 par\n|\n|upkeep\n|turn|89\n|c|☆Abucketofchubs|g\n|\n|t:|1783289314\n|move|p2a: Exeggutor|Psychic|p1a: Starmie\n|-resisted|p1a: Starmie\n|-damage|p1a: Starmie|62/100 par\n|move|p1a: Starmie|Recover|p1a: Starmie\n|-heal|p1a: Starmie|100/100 par\n|\n|upkeep\n|turn|90\n|\n|t:|1783289321\n|switch|p2a: Chansey|Chansey|100/100 par\n|cant|p1a: Starmie|par\n|\n|upkeep\n|turn|91\n|\n|t:|1783289324\n|switch|p1a: Alakazam|Alakazam|100/100 par\n|switch|p2a: Exeggutor|Exeggutor|69/100\n|\n|upkeep\n|turn|92\n|\n|t:|1783289331\n|move|p2a: Exeggutor|Psychic|p1a: Alakazam\n|-resisted|p1a: Alakazam\n|-damage|p1a: Alakazam|85/100 par\n|move|p1a: Alakazam|Thunder Wave|p2a: Exeggutor\n|-status|p2a: Exeggutor|par\n|\n|upkeep\n|turn|93\n|\n|t:|1783289333\n|switch|p1a: Starmie|Starmie|100/100 par\n|move|p2a: Exeggutor|Psychic|p1a: Starmie\n|-resisted|p1a: Starmie\n|-damage|p1a: Starmie|81/100 par\n|\n|upkeep\n|turn|94\n|\n|t:|1783289339\n|cant|p1a: Starmie|par\n|move|p2a: Exeggutor|Psychic|p1a: Starmie\n|-resisted|p1a: Starmie\n|-damage|p1a: Starmie|63/100 par\n|-unboost|p1a: Starmie|spa|1\n|-unboost|p1a: Starmie|spd|1\n|\n|upkeep\n|turn|95\n|\n|t:|1783289342\n|move|p2a: Exeggutor|Psychic|p1a: Starmie\n|-resisted|p1a: Starmie\n|-damage|p1a: Starmie|34/100 par\n|move|p1a: Starmie|Recover|p1a: Starmie\n|-heal|p1a: Starmie|84/100 par\n|\n|upkeep\n|turn|96\n|\n|t:|1783289349\n|move|p2a: Exeggutor|Psychic|p1a: Starmie\n|-resisted|p1a: Starmie\n|-damage|p1a: Starmie|53/100 par\n|move|p1a: Starmie|Blizzard|p2a: Exeggutor|[miss]\n|-miss|p1a: Starmie\n|\n|upkeep\n|turn|97\n|\n|t:|1783289354\n|move|p2a: Exeggutor|Psychic|p1a: Starmie\n|-crit|p1a: Starmie\n|-resisted|p1a: Starmie\n|-damage|p1a: Starmie|14/100 par\n|move|p1a: Starmie|Recover|p1a: Starmie\n|-heal|p1a: Starmie|64/100 par\n|\n|upkeep\n|turn|98\n|\n|t:|1783289357\n|move|p2a: Exeggutor|Psychic|p1a: Starmie\n|-crit|p1a: Starmie\n|-resisted|p1a: Starmie\n|-damage|p1a: Starmie|29/100 par\n|move|p1a: Starmie|Recover|p1a: Starmie\n|-heal|p1a: Starmie|79/100 par\n|\n|upkeep\n|turn|99\n|\n|t:|1783289363\n|move|p2a: Exeggutor|Psychic|p1a: Starmie\n|-resisted|p1a: Starmie\n|-damage|p1a: Starmie|49/100 par\n|move|p1a: Starmie|Recover|p1a: Starmie\n|-heal|p1a: Starmie|99/100 par\n|\n|upkeep\n|turn|100\n|\n|t:|1783289372\n|switch|p1a: Tauros|Tauros|72/100 slp\n|move|p2a: Exeggutor|Psychic|p1a: Tauros\n|-damage|p1a: Tauros|27/100 slp\n|-unboost|p1a: Tauros|spa|1\n|-unboost|p1a: Tauros|spd|1\n|\n|upkeep\n|turn|101\n|\n|t:|1783289376\n|switch|p1a: Starmie|Starmie|99/100 par\n|cant|p2a: Exeggutor|par\n|\n|upkeep\n|turn|102\n|\n|t:|1783289386\n|switch|p2a: Lapras|Lapras|100/100\n|move|p1a: Starmie|Blizzard|p2a: Lapras|[miss]\n|-miss|p1a: Starmie\n|\n|upkeep\n|turn|103\n|\n|t:|1783289392\n|move|p2a: Lapras|Blizzard|p1a: Starmie\n|-resisted|p1a: Starmie\n|-damage|p1a: Starmie|77/100 par\n|move|p1a: Starmie|Thunder Wave|p2a: Lapras\n|-status|p2a: Lapras|par\n|\n|upkeep\n|turn|104\n|\n|t:|1783289400\n|switch|p1a: Chansey|Chansey|83/100\n|move|p2a: Lapras|Blizzard|p1a: Chansey\n|-crit|p1a: Chansey\n|-damage|p1a: Chansey|45/100\n|\n|upkeep\n|turn|105\n|\n|t:|1783289406\n|move|p1a: Chansey|Soft-Boiled|p1a: Chansey\n|-heal|p1a: Chansey|95/100\n|move|p2a: Lapras|Blizzard|p1a: Chansey\n|-damage|p1a: Chansey|76/100\n|\n|upkeep\n|turn|106\n|\n|t:|1783289409\n|switch|p2a: Chansey|Chansey|100/100 par\n|move|p1a: Chansey|Thunderbolt|p2a: Chansey\n|-damage|p2a: Chansey|91/100 par\n|\n|upkeep\n|turn|107\n|\n|t:|1783289414\n|switch|p1a: Alakazam|Alakazam|85/100 par\n|switch|p2a: Exeggutor|Exeggutor|69/100 par\n|\n|upkeep\n|turn|108\n|\n|t:|1783289436\n|switch|p1a: Starmie|Starmie|77/100 par\n|cant|p2a: Exeggutor|par\n|\n|upkeep\n|turn|109\n|\n|t:|1783289442\n|switch|p2a: Lapras|Lapras|100/100 par\n|move|p1a: Starmie|Recover|p1a: Starmie\n|-heal|p1a: Starmie|100/100 par\n|\n|upkeep\n|turn|110\n|\n|t:|1783289450\n|cant|p1a: Starmie|par\n|cant|p2a: Lapras|par\n|\n|upkeep\n|turn|111\n|\n|t:|1783289452\n|switch|p1a: Chansey|Chansey|76/100\n|cant|p2a: Lapras|par\n|\n|upkeep\n|turn|112\n|\n|t:|1783289454\n|switch|p2a: Chansey|Chansey|91/100 par\n|move|p1a: Chansey|Thunderbolt|p2a: Chansey\n|-damage|p2a: Chansey|80/100 par\n|\n|upkeep\n|turn|113\n|\n|t:|1783289458\n|switch|p1a: Alakazam|Alakazam|85/100 par\n|switch|p2a: Exeggutor|Exeggutor|69/100 par\n|\n|upkeep\n|turn|114\n|\n|t:|1783289463\n|move|p1a: Alakazam|Seismic Toss|p2a: Exeggutor\n|-damage|p2a: Exeggutor|44/100 par\n|move|p2a: Exeggutor|Psychic|p1a: Alakazam\n|-resisted|p1a: Alakazam\n|-damage|p1a: Alakazam|71/100 par\n|\n|upkeep\n|turn|115\n|\n|t:|1783289465\n|switch|p1a: Starmie|Starmie|100/100 par\n|move|p2a: Exeggutor|Explosion|p1a: Starmie\n|-damage|p1a: Starmie|5/100 par\n|faint|p2a: Exeggutor\n|\n|t:|1783289468\n|switch|p2a: Lapras|Lapras|100/100 par\n|turn|116\n|inactive|Abucketofchubs has 270 seconds left.\n|\n|t:|1783289512\n|move|p1a: Starmie|Recover|p1a: Starmie\n|-heal|p1a: Starmie|55/100 par\n|move|p2a: Lapras|Thunderbolt|p1a: Starmie\n|-supereffective|p1a: Starmie\n|-damage|p1a: Starmie|9/100 par\n|\n|upkeep\n|turn|117\n|\n|t:|1783289525\n|switch|p1a: Chansey|Chansey|76/100\n|move|p2a: Lapras|Thunderbolt|p1a: Chansey\n|-damage|p1a: Chansey|66/100\n|\n|upkeep\n|turn|118\n|\n|t:|1783289532\n|switch|p2a: Chansey|Chansey|80/100 par\n|move|p1a: Chansey|Thunderbolt|p2a: Chansey\n|-damage|p2a: Chansey|70/100 par\n|\n|upkeep\n|turn|119\n|inactive|Abucketofchubs has 270 seconds left.\n|\n|t:|1783289539\n|switch|p1a: Alakazam|Alakazam|71/100 par\n|cant|p2a: Chansey|par\n|\n|upkeep\n|turn|120\n|\n|t:|1783289541\n|move|p1a: Alakazam|Recover|p1a: Alakazam\n|-heal|p1a: Alakazam|100/100 par\n|cant|p2a: Chansey|par\n|\n|upkeep\n|turn|121\n|c|☆TheStupe|gg\n|\n|t:|1783289546\n|move|p1a: Alakazam|Psychic|p2a: Chansey\n|-crit|p2a: Chansey\n|-damage|p2a: Chansey|37/100 par\n|move|p2a: Chansey|Soft-Boiled|p2a: Chansey\n|-heal|p2a: Chansey|87/100 par\n|\n|upkeep\n|turn|122\n|\n|t:|1783289548\n|cant|p1a: Alakazam|par\n|move|p2a: Chansey|Ice Beam|p1a: Alakazam\n|-damage|p1a: Alakazam|79/100 par\n|\n|upkeep\n|turn|123\n|\n|t:|1783289551\n|move|p1a: Alakazam|Recover|p1a: Alakazam\n|-heal|p1a: Alakazam|100/100 par\n|move|p2a: Chansey|Thunderbolt|p1a: Alakazam\n|-damage|p1a: Alakazam|80/100 par\n|\n|upkeep\n|turn|124\n|\n|t:|1783289553\n|cant|p1a: Alakazam|par\n|move|p2a: Chansey|Ice Beam|p1a: Alakazam\n|-damage|p1a: Alakazam|60/100 par\n|\n|upkeep\n|turn|125\n|\n|t:|1783289554\n|move|p1a: Alakazam|Recover|p1a: Alakazam\n|-heal|p1a: Alakazam|100/100 par\n|cant|p2a: Chansey|par\n|\n|upkeep\n|turn|126\n|\n|t:|1783289556\n|move|p1a: Alakazam|Psychic|p2a: Chansey\n|-damage|p2a: Chansey|67/100 par\n|-unboost|p2a: Chansey|spa|1\n|-unboost|p2a: Chansey|spd|1\n|move|p2a: Chansey|Thunderbolt|p1a: Alakazam\n|-damage|p1a: Alakazam|86/100 par\n|\n|upkeep\n|turn|127\n|\n|t:|1783289558\n|switch|p1a: Snorlax|Snorlax|14/100\n|move|p2a: Chansey|Soft-Boiled|p2a: Chansey\n|-heal|p2a: Chansey|100/100 par\n|\n|upkeep\n|turn|128\n|\n|t:|1783289564\n|switch|p2a: Lapras|Lapras|100/100 par\n|move|p1a: Snorlax|Rest|p1a: Snorlax\n|-status|p1a: Snorlax|slp|[from] move: Rest\n|-heal|p1a: Snorlax|100/100 slp|[silent]\n|\n|upkeep\n|turn|129\n|\n|t:|1783289572\n|cant|p1a: Snorlax|slp\n|cant|p2a: Lapras|par\n|\n|upkeep\n|turn|130\n|-message|TheStupe forfeited.\n|\n|win|Abucketofchubs\n|player|p2|\n|player|p2|TheStupe|psychicf-gen4|\n","uploadtime":1783289578,"views":"65","formatid":"gen1ou","rating":null,"private":0,"password":null}