{"id":"smogtours-gen1ou-965301","format":"[Gen 1] OU","players":["Kaz","LNumbers"],"log":"|inactive|Battle timer is ON: inactive players will automatically lose when time's up.\n|t:|1787347690\n|gametype|singles\n|player|p1|Kaz|#kaz|\n|player|p2|LNumbers|#rbywc2026|\n|gen|1\n|tier|[Gen 1] OU\n|rule|Desync Clause Mod: Desyncs resolve to link battle behavior from the acting player's perspective.\n|rule|HP Percentage Mod: HP is shown in percentages\n|rule|Endless Battle Clause: Forcing endless battles is banned\n|rule|Sleep Clause Mod: Limit one foe put to sleep\n|rule|Freeze Clause Mod: Limit one foe frozen\n|rule|Species Clause: Limit one of each Pokémon\n|rule|OHKO Clause: OHKO moves are banned\n|rule|Evasion Moves Clause: Evasion moves are banned\n|\n|t:|1787347690\n|teamsize|p1|6\n|teamsize|p2|6\n|start\n|switch|p1a: Gengar|Gengar|100/100\n|switch|p2a: Starmie|Starmie|100/100\n|turn|1\n|c|☆Kaz|hf\n|c|☆LNumbers|hf\n|\n|t:|1787347718\n|switch|p2a: Jynx|Jynx|100/100\n|switch|p1a: Chansey|Chansey|100/100\n|\n|upkeep\n|turn|2\n|\n|t:|1787347725\n|switch|p1a: Gengar|Gengar|100/100\n|move|p2a: Jynx|Lovely Kiss|p1a: Gengar|[miss]\n|-miss|p2a: Jynx\n|\n|upkeep\n|turn|3\n|\n|t:|1787347749\n|move|p1a: Gengar|Hypnosis|p2a: Jynx|[miss]\n|-miss|p1a: Gengar\n|move|p2a: Jynx|Lovely Kiss|p1a: Gengar\n|-status|p1a: Gengar|slp|[from] move: Lovely Kiss\n|\n|upkeep\n|turn|4\n|\n|t:|1787347757\n|switch|p1a: Starmie|Starmie|100/100\n|move|p2a: Jynx|Blizzard|p1a: Starmie\n|-resisted|p1a: Starmie\n|-damage|p1a: Starmie|78/100\n|\n|upkeep\n|turn|5\n|inactive|LNumbers has 270 seconds left.\n|\n|t:|1787347797\n|move|p1a: Starmie|Surf|p2a: Jynx\n|-damage|p2a: Jynx|68/100\n|move|p2a: Jynx|Blizzard|p1a: Starmie\n|-resisted|p1a: Starmie\n|-damage|p1a: Starmie|57/100\n|-status|p1a: Starmie|frz\n|\n|upkeep\n|turn|6\n|inactive|LNumbers has 240 seconds left.\n|\n|t:|1787347830\n|switch|p1a: Chansey|Chansey|100/100\n|switch|p2a: Starmie|Starmie|100/100\n|\n|upkeep\n|turn|7\n|\n|t:|1787347840\n|move|p2a: Starmie|Thunder Wave|p1a: Chansey\n|-status|p1a: Chansey|par\n|cant|p1a: Chansey|par\n|\n|upkeep\n|turn|8\n|\n|t:|1787347848\n|switch|p2a: Snorlax|Snorlax|100/100\n|move|p1a: Chansey|Ice Beam|p2a: Snorlax\n|-damage|p2a: Snorlax|82/100\n|\n|upkeep\n|turn|9\n|\n|t:|1787347858\n|switch|p1a: Porygon|Porygon|100/100\n|move|p2a: Snorlax|Earthquake|p1a: Porygon\n|-damage|p1a: Porygon|67/100\n|\n|upkeep\n|turn|10\n|inactive|LNumbers has 240 seconds left.\n|inactive|LNumbers has 210 seconds left.\n|\n|t:|1787347914\n|move|p1a: Porygon|Recover|p1a: Porygon\n|-heal|p1a: Porygon|100/100\n|move|p2a: Snorlax|Body Slam|p1a: Porygon\n|-damage|p1a: Porygon|57/100\n|\n|upkeep\n|turn|11\n|inactive|LNumbers has 210 seconds left.\n|\n|t:|1787347930\n|move|p1a: Porygon|Recover|p1a: Porygon\n|-heal|p1a: Porygon|100/100\n|move|p2a: Snorlax|Body Slam|p1a: Porygon\n|-damage|p1a: Porygon|63/100\n|\n|upkeep\n|turn|12\n|inactive|LNumbers has 210 seconds left.\n|\n|t:|1787347937\n|move|p1a: Porygon|Thunder Wave|p2a: Snorlax\n|-status|p2a: Snorlax|par\n|move|p2a: Snorlax|Body Slam|p1a: Porygon\n|-damage|p1a: Porygon|26/100\n|\n|upkeep\n|turn|13\n|inactive|LNumbers has 210 seconds left.\n|inactive|LNumbers has 180 seconds left.\n|\n|t:|1787347986\n|switch|p2a: Starmie|Starmie|100/100\n|move|p1a: Porygon|Recover|p1a: Porygon\n|-heal|p1a: Porygon|76/100\n|\n|upkeep\n|turn|14\n|inactive|LNumbers has 180 seconds left.\n|\n|t:|1787347993\n|switch|p2a: Snorlax|Snorlax|82/100 par\n|switch|p1a: Chansey|Chansey|100/100 par\n|\n|upkeep\n|turn|15\n|\n|t:|1787348001\n|switch|p1a: Porygon|Porygon|76/100\n|cant|p2a: Snorlax|par\n|\n|upkeep\n|turn|16\n|\n|t:|1787348004\n|move|p1a: Porygon|Ice Beam|p2a: Snorlax\n|-damage|p2a: Snorlax|66/100 par\n|move|p2a: Snorlax|Body Slam|p1a: Porygon\n|-damage|p1a: Porygon|37/100\n|\n|upkeep\n|turn|17\n|\n|t:|1787348021\n|move|p1a: Porygon|Recover|p1a: Porygon\n|-heal|p1a: Porygon|87/100\n|cant|p2a: Snorlax|par\n|\n|upkeep\n|turn|18\n|\n|t:|1787348046\n|move|p1a: Porygon|Ice Beam|p2a: Snorlax\n|-damage|p2a: Snorlax|50/100 par\n|move|p2a: Snorlax|Body Slam|p1a: Porygon\n|-damage|p1a: Porygon|47/100\n|\n|upkeep\n|turn|19\n|\n|t:|1787348058\n|move|p1a: Porygon|Recover|p1a: Porygon\n|-heal|p1a: Porygon|97/100\n|move|p2a: Snorlax|Rest|p2a: Snorlax\n|-status|p2a: Snorlax|slp|[from] move: Rest\n|-heal|p2a: Snorlax|100/100 slp|[silent]\n|\n|upkeep\n|turn|20\n|\n|t:|1787348066\n|move|p1a: Porygon|Ice Beam|p2a: Snorlax\n|-damage|p2a: Snorlax|84/100 slp\n|cant|p2a: Snorlax|slp\n|\n|upkeep\n|turn|21\n|\n|t:|1787348070\n|move|p1a: Porygon|Ice Beam|p2a: Snorlax\n|-damage|p2a: Snorlax|68/100 slp\n|-curestatus|p2a: Snorlax|slp|[msg]\n|\n|upkeep\n|turn|22\n|\n|t:|1787348080\n|move|p1a: Porygon|Ice Beam|p2a: Snorlax\n|-damage|p2a: Snorlax|52/100\n|-status|p2a: Snorlax|frz\n|cant|p2a: Snorlax|frz\n|\n|upkeep\n|turn|23\n|\n|t:|1787348123\n|switch|p1a: Chansey|Chansey|100/100 par\n|cant|p2a: Snorlax|frz\n|\n|upkeep\n|turn|24\n|\n|t:|1787348134\n|move|p1a: Chansey|Ice Beam|p2a: Snorlax\n|-damage|p2a: Snorlax|31/100 frz\n|cant|p2a: Snorlax|frz\n|\n|upkeep\n|turn|25\n|\n|t:|1787348150\n|switch|p2a: Jynx|Jynx|68/100\n|move|p1a: Chansey|Ice Beam|p2a: Jynx\n|-resisted|p2a: Jynx\n|-damage|p2a: Jynx|56/100\n|\n|upkeep\n|turn|26\n|\n|t:|1787348156\n|move|p2a: Jynx|Psychic|p1a: Chansey\n|-damage|p1a: Chansey|87/100 par\n|move|p1a: Chansey|Ice Beam|p2a: Jynx\n|-resisted|p2a: Jynx\n|-damage|p2a: Jynx|45/100\n|\n|upkeep\n|turn|27\n|inactive|LNumbers has 240 seconds left.\n|\n|t:|1787348164\n|move|p2a: Jynx|Psychic|p1a: Chansey\n|-damage|p1a: Chansey|71/100 par\n|move|p1a: Chansey|Ice Beam|p2a: Jynx\n|-resisted|p2a: Jynx\n|-damage|p2a: Jynx|33/100\n|\n|upkeep\n|turn|28\n|\n|t:|1787348170\n|move|p2a: Jynx|Psychic|p1a: Chansey\n|-damage|p1a: Chansey|57/100 par\n|-unboost|p1a: Chansey|spa|1\n|-unboost|p1a: Chansey|spd|1\n|move|p1a: Chansey|Soft-Boiled|p1a: Chansey\n|-heal|p1a: Chansey|100/100 par\n|\n|upkeep\n|turn|29\n|\n|t:|1787348174\n|switch|p1a: Starmie|Starmie|57/100 frz\n|move|p2a: Jynx|Psychic|p1a: Starmie\n|-crit|p1a: Starmie\n|-resisted|p1a: Starmie\n|-damage|p1a: Starmie|27/100 frz\n|\n|upkeep\n|turn|30\n|\n|t:|1787348178\n|switch|p1a: Chansey|Chansey|100/100 par\n|move|p2a: Jynx|Psychic|p1a: Chansey\n|-damage|p1a: Chansey|87/100 par\n|\n|upkeep\n|turn|31\n|\n|t:|1787348184\n|move|p2a: Jynx|Psychic|p1a: Chansey\n|-damage|p1a: Chansey|74/100 par\n|move|p1a: Chansey|Ice Beam|p2a: Jynx\n|-resisted|p2a: Jynx\n|-damage|p2a: Jynx|22/100\n|\n|upkeep\n|turn|32\n|\n|t:|1787348191\n|move|p2a: Jynx|Psychic|p1a: Chansey\n|-damage|p1a: Chansey|61/100 par\n|-unboost|p1a: Chansey|spa|1\n|-unboost|p1a: Chansey|spd|1\n|move|p1a: Chansey|Soft-Boiled|p1a: Chansey\n|-heal|p1a: Chansey|100/100 par\n|\n|upkeep\n|turn|33\n|\n|t:|1787348196\n|move|p2a: Jynx|Psychic|p1a: Chansey\n|-crit|p1a: Chansey\n|-damage|p1a: Chansey|74/100 par\n|cant|p1a: Chansey|par\n|\n|upkeep\n|turn|34\n|\n|t:|1787348201\n|switch|p2a: Rhydon|Rhydon|100/100\n|move|p1a: Chansey|Soft-Boiled|p1a: Chansey\n|-heal|p1a: Chansey|100/100 par\n|\n|upkeep\n|turn|35\n|\n|t:|1787348208\n|move|p2a: Rhydon|Earthquake|p1a: Chansey\n|-damage|p1a: Chansey|46/100 par\n|move|p1a: Chansey|Sing|p2a: Rhydon\n|-status|p2a: Rhydon|slp|[from] move: Sing\n|\n|upkeep\n|turn|36\n|\n|t:|1787348215\n|cant|p2a: Rhydon|slp\n|move|p1a: Chansey|Soft-Boiled|p1a: Chansey\n|-heal|p1a: Chansey|96/100 par\n|\n|upkeep\n|turn|37\n|inactive|LNumbers has 270 seconds left.\n|\n|t:|1787348247\n|switch|p2a: Jynx|Jynx|22/100\n|cant|p1a: Chansey|par\n|\n|upkeep\n|turn|38\n|\n|t:|1787348253\n|move|p2a: Jynx|Psychic|p1a: Chansey\n|-damage|p1a: Chansey|74/100 par\n|cant|p1a: Chansey|par\n|\n|upkeep\n|turn|39\n|\n|t:|1787348259\n|move|p2a: Jynx|Psychic|p1a: Chansey\n|-damage|p1a: Chansey|52/100 par\n|-unboost|p1a: Chansey|spa|1\n|-unboost|p1a: Chansey|spd|1\n|move|p1a: Chansey|Soft-Boiled|p1a: Chansey\n|-heal|p1a: Chansey|100/100 par\n|\n|upkeep\n|turn|40\n|\n|t:|1787348265\n|switch|p1a: Starmie|Starmie|27/100 frz\n|move|p2a: Jynx|Psychic|p1a: Starmie\n|-resisted|p1a: Starmie\n|-damage|p1a: Starmie|12/100 frz\n|\n|upkeep\n|turn|41\n|\n|t:|1787348267\n|switch|p1a: Chansey|Chansey|100/100 par\n|move|p2a: Jynx|Psychic|p1a: Chansey\n|-crit|p1a: Chansey\n|-damage|p1a: Chansey|74/100 par\n|\n|upkeep\n|turn|42\n|\n|t:|1787348273\n|move|p2a: Jynx|Psychic|p1a: Chansey\n|-crit|p1a: Chansey\n|-damage|p1a: Chansey|49/100 par\n|-unboost|p1a: Chansey|spa|1\n|-unboost|p1a: Chansey|spd|1\n|move|p1a: Chansey|Soft-Boiled|p1a: Chansey\n|-heal|p1a: Chansey|99/100 par\n|\n|upkeep\n|turn|43\n|\n|t:|1787348280\n|move|p2a: Jynx|Psychic|p1a: Chansey\n|-damage|p1a: Chansey|78/100 par\n|-unboost|p1a: Chansey|spa|1\n|-unboost|p1a: Chansey|spd|1\n|cant|p1a: Chansey|par\n|\n|upkeep\n|turn|44\n|\n|t:|1787348289\n|switch|p2a: Exeggutor|Exeggutor|100/100\n|move|p1a: Chansey|Soft-Boiled|p1a: Chansey\n|-heal|p1a: Chansey|100/100 par\n|\n|upkeep\n|turn|45\n|\n|t:|1787348293\n|move|p2a: Exeggutor|Psychic|p1a: Chansey\n|-damage|p1a: Chansey|69/100 par\n|move|p1a: Chansey|Thunder Wave|p2a: Exeggutor\n|-status|p2a: Exeggutor|par\n|\n|upkeep\n|turn|46\n|\n|t:|1787348298\n|switch|p1a: Porygon|Porygon|97/100\n|move|p2a: Exeggutor|Psychic|p1a: Porygon\n|-damage|p1a: Porygon|53/100\n|\n|upkeep\n|turn|47\n|\n|t:|1787348317\n|move|p1a: Porygon|Ice Beam|p2a: Exeggutor\n|-supereffective|p2a: Exeggutor\n|-damage|p2a: Exeggutor|73/100 par\n|move|p2a: Exeggutor|Stun Spore|p1a: Porygon\n|-status|p1a: Porygon|par\n|\n|upkeep\n|turn|48\n|\n|t:|1787348338\n|move|p2a: Exeggutor|Psychic|p1a: Porygon\n|-damage|p1a: Porygon|11/100 par\n|move|p1a: Porygon|Ice Beam|p2a: Exeggutor\n|-crit|p2a: Exeggutor\n|-supereffective|p2a: Exeggutor\n|-damage|p2a: Exeggutor|18/100 par\n|\n|upkeep\n|turn|49\n|\n|t:|1787348348\n|move|p2a: Exeggutor|Psychic|p1a: Porygon\n|-damage|p1a: Porygon|0 fnt\n|faint|p1a: Porygon\n|\n|t:|1787348351\n|switch|p1a: Tauros|Tauros|100/100\n|turn|50\n|\n|t:|1787348354\n|switch|p2a: Snorlax|Snorlax|31/100 frz\n|move|p1a: Tauros|Body Slam|p2a: Snorlax\n|-damage|p2a: Snorlax|5/100 frz\n|\n|upkeep\n|turn|51\n|\n|t:|1787348359\n|switch|p1a: Chansey|Chansey|69/100 par\n|cant|p2a: Snorlax|frz\n|\n|upkeep\n|turn|52\n|\n|t:|1787348366\n|switch|p2a: Jynx|Jynx|22/100\n|move|p1a: Chansey|Soft-Boiled|p1a: Chansey\n|-heal|p1a: Chansey|100/100 par\n|\n|upkeep\n|turn|53\n|\n|t:|1787348375\n|move|p2a: Jynx|Psychic|p1a: Chansey\n|-crit|p1a: Chansey\n|-damage|p1a: Chansey|72/100 par\n|-unboost|p1a: Chansey|spa|1\n|-unboost|p1a: Chansey|spd|1\n|cant|p1a: Chansey|par\n|\n|upkeep\n|turn|54\n|\n|t:|1787348384\n|switch|p2a: Exeggutor|Exeggutor|18/100 par\n|cant|p1a: Chansey|par\n|\n|upkeep\n|turn|55\n|\n|t:|1787348395\n|switch|p1a: Starmie|Starmie|12/100 frz\n|cant|p2a: Exeggutor|par\n|\n|upkeep\n|turn|56\n|\n|t:|1787348400\n|cant|p1a: Starmie|frz\n|move|p2a: Exeggutor|Psychic|p1a: Starmie\n|-resisted|p1a: Starmie\n|-damage|p1a: Starmie|0 fnt\n|faint|p1a: Starmie\n|\n|t:|1787348403\n|switch|p1a: Tauros|Tauros|100/100\n|turn|57\n|\n|t:|1787348408\n|switch|p2a: Snorlax|Snorlax|5/100 frz\n|move|p1a: Tauros|Body Slam|p2a: Snorlax\n|-damage|p2a: Snorlax|0 fnt\n|faint|p2a: Snorlax\n|inactive|LNumbers has 270 seconds left.\n|\n|t:|1787348444\n|switch|p2a: Starmie|Starmie|100/100\n|turn|58\n|\n|t:|1787348447\n|switch|p1a: Chansey|Chansey|72/100 par\n|move|p2a: Starmie|Surf|p1a: Chansey\n|-damage|p1a: Chansey|56/100 par\n|\n|upkeep\n|turn|59\n|inactive|LNumbers has 270 seconds left.\n|\n|t:|1787348467\n|switch|p2a: Exeggutor|Exeggutor|18/100 par\n|cant|p1a: Chansey|par\n|\n|upkeep\n|turn|60\n|inactive|LNumbers has 270 seconds left.\n|\n|t:|1787348482\n|switch|p1a: Gengar|Gengar|100/100 slp\n|move|p2a: Exeggutor|Explosion|p1a: Gengar\n|-immune|p1a: Gengar\n|faint|p2a: Exeggutor\n|\n|t:|1787348485\n|switch|p2a: Tauros|Tauros|100/100\n|turn|61\n|\n|t:|1787348492\n|cant|p1a: Gengar|slp\n|move|p2a: Tauros|Earthquake|p1a: Gengar\n|-supereffective|p1a: Gengar\n|-damage|p1a: Gengar|33/100 slp\n|\n|upkeep\n|turn|62\n|\n|t:|1787348495\n|move|p2a: Tauros|Earthquake|p1a: Gengar\n|-supereffective|p1a: Gengar\n|-damage|p1a: Gengar|0 fnt\n|faint|p1a: Gengar\n|\n|t:|1787348497\n|switch|p1a: Tauros|Tauros|100/100\n|turn|63\n|\n|t:|1787348520\n|move|p2a: Tauros|Body Slam|p1a: Tauros\n|-damage|p1a: Tauros|69/100\n|move|p1a: Tauros|Body Slam|p2a: Tauros\n|-damage|p2a: Tauros|72/100\n|\n|upkeep\n|turn|64\n|inactive|LNumbers has 270 seconds left.\n|inactive|LNumbers has 240 seconds left.\n|\n|t:|1787348582\n|move|p1a: Tauros|Blizzard|p2a: Tauros|[miss]\n|-miss|p1a: Tauros\n|move|p2a: Tauros|Body Slam|p1a: Tauros\n|-damage|p1a: Tauros|40/100\n|\n|upkeep\n|turn|65\n|inactive|LNumbers has 210 seconds left.\n|inactive|LNumbers has 180 seconds left.\n|\n|t:|1787348645\n|move|p2a: Tauros|Body Slam|p1a: Tauros\n|-damage|p1a: Tauros|8/100\n|move|p1a: Tauros|Hyper Beam|p2a: Tauros\n|-damage|p2a: Tauros|22/100\n|-mustrecharge|p1a: Tauros\n|\n|upkeep\n|turn|66\n|\n|t:|1787348651\n|cant|p1a: Tauros|recharge\n|move|p2a: Tauros|Body Slam|p1a: Tauros\n|-damage|p1a: Tauros|0 fnt\n|faint|p1a: Tauros\n|\n|t:|1787348653\n|switch|p1a: Chansey|Chansey|56/100 par\n|turn|67\n|\n|t:|1787348666\n|switch|p1a: Sandslash|Sandslash|100/100\n|move|p2a: Tauros|Body Slam|p1a: Sandslash\n|-damage|p1a: Sandslash|74/100\n|-status|p1a: Sandslash|par\n|\n|upkeep\n|turn|68\n|c|☆Kaz|gg\n|c|☆Kaz|was fun\n|inactive|LNumbers has 180 seconds left.\n|c|☆LNumbers|don't say gg before it's over man\n|\n|t:|1787348718\n|switch|p2a: Starmie|Starmie|100/100\n|cant|p1a: Sandslash|par\n|\n|upkeep\n|turn|69\n|\n|t:|1787348724\n|switch|p1a: Chansey|Chansey|56/100 par\n|move|p2a: Starmie|Surf|p1a: Chansey\n|-damage|p1a: Chansey|39/100 par\n|\n|upkeep\n|turn|70\n|\n|t:|1787348732\n|move|p2a: Starmie|Surf|p1a: Chansey\n|-damage|p1a: Chansey|23/100 par\n|move|p1a: Chansey|Soft-Boiled|p1a: Chansey\n|-heal|p1a: Chansey|73/100 par\n|\n|upkeep\n|turn|71\n|\n|t:|1787348735\n|switch|p2a: Jynx|Jynx|22/100\n|move|p1a: Chansey|Ice Beam|p2a: Jynx\n|-resisted|p2a: Jynx\n|-damage|p2a: Jynx|9/100\n|\n|upkeep\n|turn|72\n|inactive|LNumbers has 180 seconds left.\n|\n|t:|1787348752\n|move|p2a: Jynx|Rest|p2a: Jynx\n|-status|p2a: Jynx|slp|[from] move: Rest\n|-heal|p2a: Jynx|100/100 slp|[silent]\n|cant|p1a: Chansey|par\n|\n|upkeep\n|turn|73\n|\n|t:|1787348757\n|switch|p1a: Sandslash|Sandslash|74/100 par\n|cant|p2a: Jynx|slp\n|\n|upkeep\n|turn|74\n|\n|t:|1787348761\n|-curestatus|p2a: Jynx|slp|[msg]\n|cant|p1a: Sandslash|par\n|\n|upkeep\n|turn|75\n|\n|t:|1787348772\n|switch|p1a: Chansey|Chansey|73/100 par\n|move|p2a: Jynx|Psychic|p1a: Chansey\n|-damage|p1a: Chansey|58/100 par\n|\n|upkeep\n|turn|76\n|inactive|LNumbers has 180 seconds left.\n|\n|t:|1787348792\n|move|p2a: Jynx|Rest|p2a: Jynx\n|-fail|p2a: Jynx\n|move|p1a: Chansey|Soft-Boiled|p1a: Chansey\n|-heal|p1a: Chansey|100/100 par\n|\n|upkeep\n|turn|77\n|\n|t:|1787348799\n|move|p2a: Jynx|Rest|p2a: Jynx\n|-fail|p2a: Jynx\n|move|p1a: Chansey|Sing|p2a: Jynx\n|-message|Sleep Clause Mod activated.\n|-hint|Sleep Clause Mod prevents players from putting more than one of their opponent's Pokémon to sleep at a time\n|\n|upkeep\n|turn|78\n|\n|t:|1787348807\n|move|p2a: Jynx|Lovely Kiss|p1a: Chansey|[miss]\n|-miss|p2a: Jynx\n|move|p1a: Chansey|Sing|p2a: Jynx\n|-message|Sleep Clause Mod activated.\n|-hint|Sleep Clause Mod prevents players from putting more than one of their opponent's Pokémon to sleep at a time\n|\n|upkeep\n|turn|79\n|\n|t:|1787348814\n|move|p2a: Jynx|Lovely Kiss|p1a: Chansey|[miss]\n|-miss|p2a: Jynx\n|move|p1a: Chansey|Sing|p2a: Jynx|[miss]\n|-miss|p1a: Chansey\n|\n|upkeep\n|turn|80\n|\n|t:|1787348824\n|switch|p2a: Starmie|Starmie|100/100\n|cant|p1a: Chansey|par\n|\n|upkeep\n|turn|81\n|inactive|LNumbers has 210 seconds left.\n|\n|t:|1787348830\n|switch|p2a: Jynx|Jynx|100/100\n|move|p1a: Chansey|Sing|p2a: Jynx\n|-message|Sleep Clause Mod activated.\n|-hint|Sleep Clause Mod prevents players from putting more than one of their opponent's Pokémon to sleep at a time\n|\n|upkeep\n|turn|82\n|\n|t:|1787348836\n|move|p2a: Jynx|Lovely Kiss|p1a: Chansey|[miss]\n|-miss|p2a: Jynx\n|cant|p1a: Chansey|par\n|\n|upkeep\n|turn|83\n|\n|t:|1787348839\n|move|p2a: Jynx|Lovely Kiss|p1a: Chansey\n|-fail|p1a: Chansey\n|cant|p1a: Chansey|par\n|\n|upkeep\n|turn|84\n|\n|t:|1787348844\n|move|p2a: Jynx|Lovely Kiss|p1a: Chansey|[miss]\n|-miss|p2a: Jynx\n|move|p1a: Chansey|Sing|p2a: Jynx|[miss]\n|-miss|p1a: Chansey\n|\n|upkeep\n|turn|85\n|\n|t:|1787348846\n|switch|p2a: Starmie|Starmie|100/100\n|move|p1a: Chansey|Sing|p2a: Starmie|[miss]\n|-miss|p1a: Chansey\n|\n|upkeep\n|turn|86\n|\n|t:|1787348858\n|move|p2a: Starmie|Surf|p1a: Chansey\n|-crit|p1a: Chansey\n|-damage|p1a: Chansey|68/100 par\n|move|p1a: Chansey|Sing|p2a: Starmie|[miss]\n|-miss|p1a: Chansey\n|\n|upkeep\n|turn|87\n|\n|t:|1787348871\n|move|p2a: Starmie|Thunderbolt|p1a: Chansey\n|-crit|p1a: Chansey\n|-damage|p1a: Chansey|47/100 par\n|cant|p1a: Chansey|par\n|\n|upkeep\n|turn|88\n|\n|t:|1787348880\n|move|p2a: Starmie|Surf|p1a: Chansey\n|-damage|p1a: Chansey|31/100 par\n|move|p1a: Chansey|Ice Beam|p2a: Starmie\n|-resisted|p2a: Starmie\n|-damage|p2a: Starmie|89/100\n|\n|upkeep\n|turn|89\n|\n|t:|1787348886\n|move|p2a: Starmie|Surf|p1a: Chansey\n|-damage|p1a: Chansey|15/100 par\n|cant|p1a: Chansey|par\n|\n|upkeep\n|turn|90\n|\n|t:|1787348889\n|move|p2a: Starmie|Surf|p1a: Chansey\n|-crit|p1a: Chansey\n|-damage|p1a: Chansey|0 fnt\n|faint|p1a: Chansey\n|c|☆Kaz|gl in rest ;)\n|-message|Kaz forfeited.\n|\n|win|LNumbers\n|player|p1|\n|c|☆LNumbers|ggs and ty\n|c|☆LNumbers|was an honor getting to play you man\n|c|☆LNumbers|/log LNumbers made the replay of this battle unlisted.\n","uploadtime":1787348904,"views":"92","formatid":"gen1ou","rating":null,"private":2,"password":null}