{"id":"smogtours-gen1ou-948176","format":"[Gen 1] OU","players":["TheStupe","TPM"],"log":"|inactive|Battle timer is ON: inactive players will automatically lose when time's up.\n|t:|1781908307\n|gametype|singles\n|player|p1|TheStupe|psychicf-gen4|\n|player|p2|TPM|#rbywc2025|\n|gen|1\n|tier|[Gen 1] OU\n|rule|Desync Clause Mod: Desyncs changed to move failure.\n|rule|HP Percentage Mod: HP is shown in percentages\n|rule|Endless Battle Clause: Forcing endless battles is banned\n|rule|Sleep Clause Mod: Limit one foe put to sleep\n|rule|Freeze Clause Mod: Limit one foe frozen\n|rule|Species Clause: Limit one of each Pokémon\n|rule|OHKO Clause: OHKO moves are banned\n|rule|Evasion Moves Clause: Evasion moves are banned\n|\n|t:|1781908307\n|teamsize|p1|6\n|teamsize|p2|6\n|start\n|switch|p1a: Jynx|Jynx|100/100\n|switch|p2a: Alakazam|Alakazam|100/100\n|turn|1\n|c|☆TheStupe|hf\n|\n|t:|1781908326\n|move|p2a: Alakazam|Thunder Wave|p1a: Jynx\n|-status|p1a: Jynx|par\n|cant|p1a: Jynx|par\n|\n|upkeep\n|turn|2\n|\n|t:|1781908330\n|move|p2a: Alakazam|Seismic Toss|p1a: Jynx\n|-damage|p1a: Jynx|70/100 par\n|move|p1a: Jynx|Lovely Kiss|p2a: Alakazam\n|-status|p2a: Alakazam|slp|[from] move: Lovely Kiss\n|\n|upkeep\n|turn|3\n|\n|t:|1781908346\n|switch|p2a: Chansey|Chansey|100/100\n|move|p1a: Jynx|Blizzard|p2a: Chansey\n|-damage|p2a: Chansey|82/100\n|\n|upkeep\n|turn|4\n|\n|t:|1781908350\n|move|p2a: Chansey|Thunderbolt|p1a: Jynx\n|-damage|p1a: Jynx|48/100 par\n|move|p1a: Jynx|Blizzard|p2a: Chansey\n|-damage|p2a: Chansey|64/100\n|\n|upkeep\n|turn|5\n|\n|t:|1781908358\n|move|p2a: Chansey|Thunderbolt|p1a: Jynx\n|-damage|p1a: Jynx|25/100 par\n|move|p1a: Jynx|Rest|p1a: Jynx\n|-status|p1a: Jynx|slp|[from] move: Rest\n|-heal|p1a: Jynx|100/100 slp|[silent]\n|\n|upkeep\n|turn|6\n|\n|t:|1781908368\n|switch|p2a: Tauros|Tauros|100/100\n|cant|p1a: Jynx|slp\n|\n|upkeep\n|turn|7\n|\n|t:|1781908377\n|switch|p1a: Gengar|Gengar|100/100\n|move|p2a: Tauros|Body Slam|p1a: Gengar\n|-immune|p1a: Gengar\n|\n|upkeep\n|turn|8\n|\n|t:|1781908389\n|switch|p1a: Snorlax|Snorlax|100/100\n|move|p2a: Tauros|Earthquake|p1a: Snorlax\n|-damage|p1a: Snorlax|82/100\n|\n|upkeep\n|turn|9\n|\n|t:|1781908412\n|switch|p2a: Exeggutor|Exeggutor|100/100\n|move|p1a: Snorlax|Body Slam|p2a: Exeggutor\n|-damage|p2a: Exeggutor|73/100\n|-status|p2a: Exeggutor|par\n|\n|upkeep\n|turn|10\n|\n|t:|1781908420\n|switch|p1a: Jynx|Jynx|100/100 slp\n|move|p2a: Exeggutor|Sleep Powder|p1a: Jynx|[miss]\n|-miss|p2a: Exeggutor\n|\n|upkeep\n|turn|11\n|\n|t:|1781908424\n|-curestatus|p1a: Jynx|slp|[msg]\n|move|p2a: Exeggutor|Sleep Powder|p1a: Jynx\n|-status|p1a: Jynx|slp|[from] move: Sleep Powder\n|\n|upkeep\n|turn|12\n|\n|t:|1781908430\n|cant|p1a: Jynx|slp\n|cant|p2a: Exeggutor|par\n|\n|upkeep\n|turn|13\n|\n|t:|1781908434\n|switch|p1a: Exeggutor|Exeggutor|100/100\n|move|p2a: Exeggutor|Stun Spore|p1a: Exeggutor\n|-status|p1a: Exeggutor|par\n|\n|upkeep\n|turn|14\n|\n|t:|1781908460\n|switch|p2a: Chansey|Chansey|64/100\n|move|p1a: Exeggutor|Psychic|p2a: Chansey\n|-damage|p2a: Chansey|47/100\n|-unboost|p2a: Chansey|spa|1\n|-unboost|p2a: Chansey|spd|1\n|\n|upkeep\n|turn|15\n|\n|t:|1781908471\n|move|p2a: Chansey|Soft-Boiled|p2a: Chansey\n|-heal|p2a: Chansey|97/100\n|move|p1a: Exeggutor|Stun Spore|p2a: Chansey\n|-status|p2a: Chansey|par\n|\n|upkeep\n|turn|16\n|inactive|TPM has 270 seconds left.\n|\n|t:|1781908486\n|move|p1a: Exeggutor|Psychic|p2a: Chansey\n|-damage|p2a: Chansey|70/100 par\n|move|p2a: Chansey|Ice Beam|p1a: Exeggutor\n|-supereffective|p1a: Exeggutor\n|-damage|p1a: Exeggutor|77/100 par\n|\n|upkeep\n|turn|17\n|\n|t:|1781908495\n|switch|p2a: Exeggutor|Exeggutor|73/100 par\n|move|p1a: Exeggutor|Psychic|p2a: Exeggutor\n|-resisted|p2a: Exeggutor\n|-damage|p2a: Exeggutor|59/100 par\n|\n|upkeep\n|turn|18\n|\n|t:|1781908499\n|cant|p2a: Exeggutor|par\n|cant|p1a: Exeggutor|par\n|\n|upkeep\n|turn|19\n|\n|t:|1781908502\n|move|p1a: Exeggutor|Psychic|p2a: Exeggutor\n|-resisted|p2a: Exeggutor\n|-damage|p2a: Exeggutor|44/100 par\n|-unboost|p2a: Exeggutor|spa|1\n|-unboost|p2a: Exeggutor|spd|1\n|move|p2a: Exeggutor|Psychic|p1a: Exeggutor\n|-resisted|p1a: Exeggutor\n|-damage|p1a: Exeggutor|67/100 par\n|\n|upkeep\n|turn|20\n|\n|t:|1781908510\n|switch|p1a: Jynx|Jynx|100/100 slp\n|move|p2a: Exeggutor|Psychic|p1a: Jynx\n|-resisted|p1a: Jynx\n|-damage|p1a: Jynx|88/100 slp\n|-unboost|p1a: Jynx|spa|1\n|-unboost|p1a: Jynx|spd|1\n|\n|upkeep\n|turn|21\n|\n|t:|1781908518\n|switch|p2a: Tauros|Tauros|100/100\n|cant|p1a: Jynx|slp\n|\n|upkeep\n|turn|22\n|\n|t:|1781908525\n|switch|p1a: Snorlax|Snorlax|82/100\n|move|p2a: Tauros|Body Slam|p1a: Snorlax\n|-damage|p1a: Snorlax|56/100\n|\n|upkeep\n|turn|23\n|\n|t:|1781908542\n|switch|p2a: Snorlax|Snorlax|100/100\n|move|p1a: Snorlax|Counter|p2a: Snorlax\n|-damage|p2a: Snorlax|49/100\n|\n|upkeep\n|turn|24\n|\n|t:|1781908553\n|switch|p1a: Gengar|Gengar|100/100\n|move|p2a: Snorlax|Reflect|p2a: Snorlax\n|-start|p2a: Snorlax|Reflect\n|\n|upkeep\n|turn|25\n|\n|t:|1781908556\n|move|p1a: Gengar|Psychic|p2a: Snorlax\n|-damage|p2a: Snorlax|28/100\n|move|p2a: Snorlax|Rest|p2a: Snorlax\n|-status|p2a: Snorlax|slp|[from] move: Rest\n|-heal|p2a: Snorlax|100/100 slp|[silent]\n|\n|upkeep\n|turn|26\n|\n|t:|1781908561\n|move|p1a: Gengar|Psychic|p2a: Snorlax\n|-damage|p2a: Snorlax|80/100 slp\n|cant|p2a: Snorlax|slp\n|\n|upkeep\n|turn|27\n|\n|t:|1781908564\n|move|p1a: Gengar|Psychic|p2a: Snorlax\n|-damage|p2a: Snorlax|57/100 slp\n|-curestatus|p2a: Snorlax|slp|[msg]\n|\n|upkeep\n|turn|28\n|\n|t:|1781908575\n|move|p1a: Gengar|Thunderbolt|p2a: Snorlax\n|-damage|p2a: Snorlax|35/100\n|-status|p2a: Snorlax|par\n|cant|p2a: Snorlax|par\n|\n|upkeep\n|turn|29\n|\n|t:|1781908580\n|move|p1a: Gengar|Thunderbolt|p2a: Snorlax\n|-damage|p2a: Snorlax|14/100 par\n|move|p2a: Snorlax|Rest|p2a: Snorlax\n|-status|p2a: Snorlax|slp|[from] move: Rest\n|-heal|p2a: Snorlax|100/100 slp|[silent]\n|\n|upkeep\n|turn|30\n|\n|t:|1781908589\n|move|p1a: Gengar|Psychic|p2a: Snorlax\n|-damage|p2a: Snorlax|81/100 slp\n|cant|p2a: Snorlax|slp\n|\n|upkeep\n|turn|31\n|\n|t:|1781908592\n|move|p1a: Gengar|Psychic|p2a: Snorlax\n|-crit|p2a: Snorlax\n|-damage|p2a: Snorlax|41/100 slp\n|-curestatus|p2a: Snorlax|slp|[msg]\n|\n|upkeep\n|turn|32\n|\n|t:|1781908614\n|move|p1a: Gengar|Thunderbolt|p2a: Snorlax\n|-damage|p2a: Snorlax|19/100\n|move|p2a: Snorlax|Rest|p2a: Snorlax\n|-status|p2a: Snorlax|slp|[from] move: Rest\n|-heal|p2a: Snorlax|100/100 slp|[silent]\n|\n|upkeep\n|turn|33\n|\n|t:|1781908618\n|move|p1a: Gengar|Psychic|p2a: Snorlax\n|-damage|p2a: Snorlax|80/100 slp\n|-unboost|p2a: Snorlax|spa|1\n|-unboost|p2a: Snorlax|spd|1\n|cant|p2a: Snorlax|slp\n|\n|upkeep\n|turn|34\n|\n|t:|1781908628\n|switch|p2a: Chansey|Chansey|70/100 par\n|move|p1a: Gengar|Psychic|p2a: Chansey\n|-damage|p2a: Chansey|58/100 par\n|-unboost|p2a: Chansey|spa|1\n|-unboost|p2a: Chansey|spd|1\n|\n|upkeep\n|turn|35\n|\n|t:|1781908644\n|switch|p1a: Snorlax|Snorlax|56/100\n|move|p2a: Chansey|Soft-Boiled|p2a: Chansey\n|-heal|p2a: Chansey|100/100 par\n|\n|upkeep\n|turn|36\n|\n|t:|1781908653\n|move|p1a: Snorlax|Earthquake|p2a: Chansey\n|-damage|p2a: Chansey|66/100 par\n|move|p2a: Chansey|Counter|p1a: Snorlax\n|-fail|p2a: Chansey\n|\n|upkeep\n|turn|37\n|c|☆TheStupe|Thought so\n|\n|t:|1781908667\n|switch|p2a: Starmie|Starmie|100/100\n|move|p1a: Snorlax|Earthquake|p2a: Starmie\n|-damage|p2a: Starmie|70/100\n|\n|upkeep\n|turn|38\n|\n|t:|1781908686\n|move|p2a: Starmie|Thunder Wave|p1a: Snorlax\n|-status|p1a: Snorlax|par\n|move|p1a: Snorlax|Self-Destruct|p2a: Starmie\n|-damage|p2a: Starmie|0 fnt\n|faint|p2a: Starmie\n|faint|p1a: Snorlax\n|\n|t:|1781908703\n|switch|p2a: Tauros|Tauros|100/100\n|switch|p1a: Gengar|Gengar|100/100\n|turn|39\n|\n|t:|1781908716\n|move|p2a: Tauros|Earthquake|p1a: Gengar\n|-supereffective|p1a: Gengar\n|-damage|p1a: Gengar|30/100\n|move|p1a: Gengar|Thunderbolt|p2a: Tauros\n|-crit|p2a: Tauros\n|-damage|p2a: Tauros|36/100\n|\n|upkeep\n|turn|40\n|\n|t:|1781908724\n|move|p1a: Gengar|Explosion|p2a: Tauros\n|-damage|p2a: Tauros|0 fnt\n|faint|p2a: Tauros\n|faint|p1a: Gengar\n|\n|t:|1781908741\n|switch|p1a: Exeggutor|Exeggutor|67/100 par\n|switch|p2a: Snorlax|Snorlax|80/100 slp\n|turn|41\n|c|☆TPM|Damn I really let this one slip away from me \n|\n|t:|1781908752\n|-curestatus|p2a: Snorlax|slp|[msg]\n|move|p1a: Exeggutor|Explosion|p2a: Snorlax\n|-damage|p2a: Snorlax|13/100\n|faint|p1a: Exeggutor\n|\n|t:|1781908754\n|switch|p1a: Tauros|Tauros|100/100\n|turn|42\n|\n|t:|1781908761\n|switch|p2a: Alakazam|Alakazam|100/100 slp\n|move|p1a: Tauros|Body Slam|p2a: Alakazam\n|-damage|p2a: Alakazam|50/100 slp\n|\n|upkeep\n|turn|43\n|c|☆TheStupe|Unless I hyper miss it's gg\n|\n|t:|1781908765\n|cant|p2a: Alakazam|slp\n|move|p1a: Tauros|Body Slam|p2a: Alakazam\n|-crit|p2a: Alakazam\n|-damage|p2a: Alakazam|0 fnt\n|faint|p2a: Alakazam\n|\n|t:|1781908768\n|switch|p2a: Chansey|Chansey|66/100 par\n|turn|44\n|\n|t:|1781908796\n|move|p1a: Tauros|Hyper Beam|p2a: Chansey\n|-crit|p2a: Chansey\n|-damage|p2a: Chansey|0 fnt\n|faint|p2a: Chansey\n|\n|t:|1781908799\n|switch|p2a: Exeggutor|Exeggutor|44/100 par\n|turn|45\n|\n|t:|1781908805\n|move|p1a: Tauros|Hyper Beam|p2a: Exeggutor\n|-damage|p2a: Exeggutor|0 fnt\n|faint|p2a: Exeggutor\n|\n|t:|1781908807\n|switch|p2a: Snorlax|Snorlax|13/100\n|turn|46\n|\n|t:|1781908809\n|move|p1a: Tauros|Body Slam|p2a: Snorlax\n|-damage|p2a: Snorlax|0 fnt\n|faint|p2a: Snorlax\n|\n|win|TheStupe\n|c|☆TheStupe|ggs!\n|c|☆TPM|GG!\n|c|☆TheStupe|That was a fun set\n|c|☆TPM|If I have to be eliminated I'm glad it's by you \n|c|☆TPM|Main event needs the TheStupe \n","uploadtime":1781908809,"views":"88","formatid":"gen1ou","rating":null,"private":0,"password":null}