{"id":"smogtours-gen1ou-961341","format":"[Gen 1] OU","players":["BeeOrSomething","Tarvold"],"log":"|inactive|Battle timer is ON: inactive players will automatically lose when time's up.\n|t:|1785701959\n|gametype|singles\n|player|p1|BeeOrSomething|#beeorsomething|\n|player|p2|Tarvold|swimmerf-gen4dp|\n|gen|1\n|tier|[Gen 1] OU\n|rule|Desync Clause Mod: Desyncs resolve to link battle behavior from the acting player's perspective.\n|rule|HP Percentage Mod: HP is shown in percentages\n|rule|Endless Battle Clause: Forcing endless battles is banned\n|rule|Sleep Clause Mod: Limit one foe put to sleep\n|rule|Freeze Clause Mod: Limit one foe frozen\n|rule|Species Clause: Limit one of each Pokémon\n|rule|OHKO Clause: OHKO moves are banned\n|rule|Evasion Moves Clause: Evasion moves are banned\n|\n|t:|1785701959\n|teamsize|p1|6\n|teamsize|p2|6\n|start\n|switch|p1a: Inevitable|Gengar|100/100\n|switch|p2a: Tauros|Tauros|100/100\n|turn|1\n|c|☆BeeOrSomething|glhf\n|c|☆Tarvold|glhf\n|inactive|Tarvold has 270 seconds left.\n|\n|t:|1785701993\n|switch|p1a: Patrick|Starmie|100/100\n|move|p2a: Tauros|Earthquake|p1a: Patrick\n|-crit|p1a: Patrick\n|-damage|p1a: Patrick|50/100\n|\n|upkeep\n|turn|2\n|\n|t:|1785702001\n|move|p1a: Patrick|Recover|p1a: Patrick\n|-heal|p1a: Patrick|99/100\n|move|p2a: Tauros|Body Slam|p1a: Patrick\n|-damage|p1a: Patrick|68/100\n|\n|upkeep\n|turn|3\n|\n|t:|1785702010\n|switch|p2a: Chansey|Chansey|100/100\n|move|p1a: Patrick|Blizzard|p2a: Chansey\n|-damage|p2a: Chansey|87/100\n|\n|upkeep\n|turn|4\n|\n|t:|1785702021\n|switch|p1a: Inevitable|Gengar|100/100\n|move|p2a: Chansey|Thunder Wave|p1a: Inevitable\n|-status|p1a: Inevitable|par\n|\n|upkeep\n|turn|5\n|inactive|Tarvold has 270 seconds left.\n|inactive|Tarvold has 240 seconds left.\n|\n|t:|1785702102\n|switch|p2a: Lapras|Lapras|100/100\n|move|p1a: Inevitable|Hypnosis|p2a: Lapras\n|-status|p2a: Lapras|slp|[from] move: Hypnosis\n|\n|upkeep\n|turn|6\n|inactive|Tarvold has 210 seconds left.\n|\n|t:|1785702123\n|switch|p2a: Zapdos|Zapdos|100/100\n|move|p1a: Inevitable|Thunderbolt|p2a: Zapdos\n|-damage|p2a: Zapdos|82/100\n|\n|upkeep\n|turn|7\n|\n|t:|1785702130\n|switch|p1a: Bell Ringer|Rhydon|100/100\n|move|p2a: Zapdos|Drill Peck|p1a: Bell Ringer\n|-resisted|p1a: Bell Ringer\n|-damage|p1a: Bell Ringer|91/100\n|\n|upkeep\n|turn|8\n|\n|t:|1785702139\n|move|p2a: Zapdos|Drill Peck|p1a: Bell Ringer\n|-crit|p1a: Bell Ringer\n|-resisted|p1a: Bell Ringer\n|-damage|p1a: Bell Ringer|74/100\n|move|p1a: Bell Ringer|Earthquake|p2a: Zapdos\n|-immune|p2a: Zapdos\n|\n|upkeep\n|turn|9\n|\n|t:|1785702150\n|switch|p2a: Snorlax|Snorlax|100/100\n|move|p1a: Bell Ringer|Body Slam|p2a: Snorlax\n|-damage|p2a: Snorlax|81/100\n|\n|upkeep\n|turn|10\n|\n|t:|1785702163\n|switch|p1a: Blob|Chansey|100/100\n|move|p2a: Snorlax|Surf|p1a: Blob\n|-damage|p1a: Blob|92/100\n|\n|upkeep\n|turn|11\n|inactive|Tarvold has 210 seconds left.\n|\n|t:|1785702186\n|switch|p2a: Lapras|Lapras|100/100 slp\n|move|p1a: Blob|Ice Beam|p2a: Lapras\n|-resisted|p2a: Lapras\n|-damage|p2a: Lapras|96/100 slp\n|\n|upkeep\n|turn|12\n|inactive|Tarvold has 210 seconds left.\n|\n|t:|1785702207\n|switch|p2a: Zapdos|Zapdos|82/100\n|switch|p1a: Raging Bull|Tauros|100/100\n|\n|upkeep\n|turn|13\n|inactive|Tarvold has 210 seconds left.\n|inactive|BeeOrSomething has 270 seconds left.\n|inactive|Tarvold has 180 seconds left.\n|inactive|BeeOrSomething has 240 seconds left.\n|\n|t:|1785702261\n|move|p1a: Raging Bull|Body Slam|p2a: Zapdos\n|-damage|p2a: Zapdos|54/100\n|-status|p2a: Zapdos|par\n|cant|p2a: Zapdos|par\n|\n|upkeep\n|turn|14\n|inactive|BeeOrSomething has 240 seconds left.\n|\n|t:|1785702276\n|switch|p1a: Bell Ringer|Rhydon|74/100\n|switch|p2a: Chansey|Chansey|87/100\n|\n|upkeep\n|turn|15\n|\n|t:|1785702285\n|switch|p1a: Inevitable|Gengar|100/100 par\n|move|p2a: Chansey|Sing|p1a: Inevitable|[miss]\n|-miss|p2a: Chansey\n|\n|upkeep\n|turn|16\n|inactive|BeeOrSomething has 240 seconds left.\n|\n|t:|1785702304\n|move|p2a: Chansey|Seismic Toss|p1a: Inevitable\n|-damage|p1a: Inevitable|70/100 par\n|cant|p1a: Inevitable|par\n|\n|upkeep\n|turn|17\n|\n|t:|1785702312\n|switch|p2a: Zapdos|Zapdos|54/100 par\n|cant|p1a: Inevitable|par\n|\n|upkeep\n|turn|18\n|inactive|Tarvold has 180 seconds left.\n|\n|t:|1785702326\n|move|p1a: Inevitable|Thunderbolt|p2a: Zapdos\n|-damage|p2a: Zapdos|34/100 par\n|cant|p2a: Zapdos|par\n|\n|upkeep\n|turn|19\n|inactive|BeeOrSomething has 240 seconds left.\n|\n|t:|1785702353\n|switch|p1a: Patrick|Starmie|68/100\n|cant|p2a: Zapdos|par\n|\n|upkeep\n|turn|20\n|inactive|BeeOrSomething has 240 seconds left.\n|\n|t:|1785702363\n|switch|p2a: Chansey|Chansey|87/100\n|move|p1a: Patrick|Blizzard|p2a: Chansey\n|-crit|p2a: Chansey\n|-damage|p2a: Chansey|63/100\n|\n|upkeep\n|turn|21\n|inactive|BeeOrSomething has 240 seconds left.\n|\n|t:|1785702375\n|move|p1a: Patrick|Thunder Wave|p2a: Chansey\n|-status|p2a: Chansey|par\n|cant|p2a: Chansey|par\n|\n|upkeep\n|turn|22\n|inactive|BeeOrSomething has 240 seconds left.\n|\n|t:|1785702410\n|move|p1a: Patrick|Recover|p1a: Patrick\n|-heal|p1a: Patrick|100/100\n|move|p2a: Chansey|Soft-Boiled|p2a: Chansey\n|-heal|p2a: Chansey|100/100 par\n|\n|upkeep\n|turn|23\n|\n|t:|1785702417\n|switch|p1a: Inevitable|Gengar|70/100 par\n|move|p2a: Chansey|Seismic Toss|p1a: Inevitable\n|-damage|p1a: Inevitable|39/100 par\n|\n|upkeep\n|turn|24\n|inactive|Tarvold has 210 seconds left.\n|inactive|BeeOrSomething has 210 seconds left.\n|\n|t:|1785702444\n|switch|p1a: Bell Ringer|Rhydon|74/100\n|switch|p2a: Zapdos|Zapdos|34/100 par\n|\n|upkeep\n|turn|25\n|\n|t:|1785702452\n|move|p1a: Bell Ringer|Substitute|p1a: Bell Ringer\n|-start|p1a: Bell Ringer|Substitute\n|-damage|p1a: Bell Ringer|49/100\n|move|p2a: Zapdos|Rest|p2a: Zapdos\n|-status|p2a: Zapdos|slp|[from] move: Rest\n|-heal|p2a: Zapdos|100/100 slp|[silent]\n|\n|upkeep\n|turn|26\n|\n|t:|1785702459\n|move|p1a: Bell Ringer|Leer|p2a: Zapdos\n|-unboost|p2a: Zapdos|def|1\n|cant|p2a: Zapdos|slp\n|\n|upkeep\n|turn|27\n|\n|t:|1785702469\n|switch|p2a: Tauros|Tauros|100/100\n|move|p1a: Bell Ringer|Body Slam|p2a: Tauros\n|-damage|p2a: Tauros|75/100\n|\n|upkeep\n|turn|28\n|inactive|BeeOrSomething has 240 seconds left.\n|inactive|Tarvold has 210 seconds left.\n|\n|t:|1785702479\n|move|p2a: Tauros|Earthquake|p1a: Bell Ringer\n|-supereffective|p1a: Bell Ringer\n|-end|p1a: Bell Ringer|Substitute\n|move|p1a: Bell Ringer|Earthquake|p2a: Tauros\n|-damage|p2a: Tauros|34/100\n|\n|upkeep\n|turn|29\n|inactive|Tarvold has 210 seconds left.\n|\n|t:|1785702507\n|switch|p2a: Zapdos|Zapdos|100/100 slp\n|move|p1a: Bell Ringer|Earthquake|p2a: Zapdos\n|-immune|p2a: Zapdos\n|\n|upkeep\n|turn|30\n|\n|t:|1785702517\n|switch|p2a: Starmie|Starmie|100/100\n|move|p1a: Bell Ringer|Body Slam|p2a: Starmie\n|-damage|p2a: Starmie|73/100\n|\n|upkeep\n|turn|31\n|inactive|BeeOrSomething has 240 seconds left.\n|\n|t:|1785702542\n|switch|p1a: Blob|Chansey|92/100\n|move|p2a: Starmie|Surf|p1a: Blob\n|-crit|p1a: Blob\n|-damage|p1a: Blob|63/100\n|\n|upkeep\n|turn|32\n|inactive|BeeOrSomething has 240 seconds left.\n|\n|t:|1785702555\n|switch|p2a: Chansey|Chansey|100/100 par\n|move|p1a: Blob|Soft-Boiled|p1a: Blob\n|-heal|p1a: Blob|100/100\n|\n|upkeep\n|turn|33\n|inactive|BeeOrSomething has 240 seconds left.\n|\n|t:|1785702582\n|switch|p1a: Bell Ringer|Rhydon|49/100\n|move|p2a: Chansey|Seismic Toss|p1a: Bell Ringer\n|-damage|p1a: Bell Ringer|25/100\n|\n|upkeep\n|turn|34\n|\n|t:|1785702601\n|move|p1a: Bell Ringer|Body Slam|p2a: Chansey\n|-damage|p2a: Chansey|67/100 par\n|move|p2a: Chansey|Sing|p1a: Bell Ringer\n|-status|p1a: Bell Ringer|slp|[from] move: Sing\n|\n|upkeep\n|turn|35\n|\n|t:|1785702612\n|switch|p1a: Raging Bull|Tauros|100/100\n|move|p2a: Chansey|Seismic Toss|p1a: Raging Bull\n|-damage|p1a: Raging Bull|72/100\n|\n|upkeep\n|turn|36\n|inactive|Tarvold has 180 seconds left.\n|\n|t:|1785702645\n|move|p1a: Raging Bull|Body Slam|p2a: Chansey\n|-damage|p2a: Chansey|25/100 par\n|move|p2a: Chansey|Thunder Wave|p1a: Raging Bull\n|-status|p1a: Raging Bull|par\n|\n|upkeep\n|turn|37\n|\n|t:|1785702654\n|switch|p2a: Snorlax|Snorlax|81/100\n|move|p1a: Raging Bull|Body Slam|p2a: Snorlax\n|-damage|p2a: Snorlax|57/100\n|\n|upkeep\n|turn|38\n|inactive|BeeOrSomething has 240 seconds left.\n|\n|t:|1785702666\n|move|p2a: Snorlax|Surf|p1a: Raging Bull\n|-damage|p1a: Raging Bull|52/100 par\n|move|p1a: Raging Bull|Body Slam|p2a: Snorlax\n|-damage|p2a: Snorlax|31/100\n|\n|upkeep\n|turn|39\n|inactive|BeeOrSomething has 240 seconds left.\n|inactive|Tarvold has 180 seconds left.\n|\n|t:|1785702679\n|switch|p1a: Inevitable|Gengar|39/100 par\n|move|p2a: Snorlax|Rest|p2a: Snorlax\n|-status|p2a: Snorlax|slp|[from] move: Rest\n|-heal|p2a: Snorlax|100/100 slp|[silent]\n|\n|upkeep\n|turn|40\n|inactive|BeeOrSomething has 240 seconds left.\n|inactive|Tarvold has 180 seconds left.\n|\n|t:|1785702705\n|switch|p2a: Lapras|Lapras|96/100 slp\n|cant|p1a: Inevitable|par\n|\n|upkeep\n|turn|41\n|\n|t:|1785702711\n|switch|p2a: Zapdos|Zapdos|100/100 slp\n|move|p1a: Inevitable|Thunderbolt|p2a: Zapdos\n|-damage|p2a: Zapdos|80/100 slp\n|\n|upkeep\n|turn|42\n|\n|t:|1785702722\n|-curestatus|p2a: Zapdos|slp|[msg]\n|cant|p1a: Inevitable|par\n|\n|upkeep\n|turn|43\n|inactive|Tarvold has 180 seconds left.\n|\n|t:|1785702743\n|switch|p1a: My Precious|Golem|100/100\n|move|p2a: Zapdos|Drill Peck|p1a: My Precious\n|-crit|p1a: My Precious\n|-resisted|p1a: My Precious\n|-damage|p1a: My Precious|80/100\n|\n|upkeep\n|turn|44\n|inactive|Tarvold has 150 seconds left.\n|\n|t:|1785702782\n|move|p2a: Zapdos|Drill Peck|p1a: My Precious\n|-resisted|p1a: My Precious\n|-damage|p1a: My Precious|70/100\n|move|p1a: My Precious|Body Slam|p2a: Zapdos\n|-damage|p2a: Zapdos|61/100\n|\n|upkeep\n|turn|45\n|\n|t:|1785702792\n|move|p2a: Zapdos|Drill Peck|p1a: My Precious\n|-resisted|p1a: My Precious\n|-damage|p1a: My Precious|59/100\n|move|p1a: My Precious|Body Slam|p2a: Zapdos\n|-damage|p2a: Zapdos|42/100\n|-status|p2a: Zapdos|par\n|\n|upkeep\n|turn|46\n|inactive|BeeOrSomething has 270 seconds left.\n|inactive|Tarvold has 150 seconds left.\n|\n|t:|1785702798\n|move|p1a: My Precious|Rock Slide|p2a: Zapdos\n|-supereffective|p2a: Zapdos\n|-damage|p2a: Zapdos|0 fnt\n|faint|p2a: Zapdos\n|inactive|Tarvold has 150 seconds left.\n|\n|t:|1785702804\n|switch|p2a: Starmie|Starmie|73/100\n|turn|47\n|inactive|Tarvold has 150 seconds left.\n|inactive|BeeOrSomething has 270 seconds left.\n|inactive|Tarvold has 120 seconds left.\n|inactive|BeeOrSomething has 240 seconds left.\n|\n|t:|1785702873\n|switch|p2a: Chansey|Chansey|25/100 par\n|switch|p1a: Blob|Chansey|100/100\n|\n|upkeep\n|turn|48\n|\n|t:|1785702881\n|switch|p1a: Raging Bull|Tauros|52/100 par\n|move|p2a: Chansey|Soft-Boiled|p2a: Chansey\n|-heal|p2a: Chansey|75/100 par\n|\n|upkeep\n|turn|49\n|inactive|Tarvold has 90 seconds left.\n|\n|t:|1785702908\n|switch|p2a: Tauros|Tauros|34/100\n|cant|p1a: Raging Bull|par\n|\n|upkeep\n|turn|50\n|inactive|BeeOrSomething has 240 seconds left.\n|inactive|Tarvold has 90 seconds left.\n|inactive|BeeOrSomething has 210 seconds left.\n|\n|t:|1785702956\n|move|p2a: Tauros|Earthquake|p1a: Raging Bull\n|-damage|p1a: Raging Bull|29/100 par\n|move|p1a: Raging Bull|Hyper Beam|p2a: Tauros\n|-damage|p2a: Tauros|0 fnt\n|faint|p2a: Tauros\n|inactive|Tarvold has 60 seconds left.\n|\n|t:|1785702967\n|switch|p2a: Starmie|Starmie|73/100\n|turn|51\n|inactive|BeeOrSomething has 210 seconds left.\n|\n|t:|1785702977\n|switch|p1a: Blob|Chansey|100/100\n|move|p2a: Starmie|Thunder Wave|p1a: Blob\n|-status|p1a: Blob|par\n|\n|upkeep\n|turn|52\n|\n|t:|1785702987\n|switch|p2a: Snorlax|Snorlax|100/100 slp\n|move|p1a: Blob|Ice Beam|p2a: Snorlax\n|-damage|p2a: Snorlax|80/100 slp\n|\n|upkeep\n|turn|53\n|inactive|BeeOrSomething has 210 seconds left.\n|\n|t:|1785703004\n|cant|p2a: Snorlax|slp\n|move|p1a: Blob|Ice Beam|p2a: Snorlax\n|-damage|p2a: Snorlax|60/100 slp\n|\n|upkeep\n|turn|54\n|\n|t:|1785703009\n|-curestatus|p2a: Snorlax|slp|[msg]\n|move|p1a: Blob|Thunder Wave|p2a: Snorlax\n|-status|p2a: Snorlax|par\n|\n|upkeep\n|turn|55\n|\n|t:|1785703016\n|switch|p1a: Inevitable|Gengar|39/100 par\n|move|p2a: Snorlax|Reflect|p2a: Snorlax\n|-start|p2a: Snorlax|Reflect\n|\n|upkeep\n|turn|56\n|\n|t:|1785703027\n|cant|p1a: Inevitable|par\n|move|p2a: Snorlax|Rest|p2a: Snorlax\n|-status|p2a: Snorlax|slp|[from] move: Rest\n|-heal|p2a: Snorlax|100/100 slp|[silent]\n|\n|upkeep\n|turn|57\n|\n|t:|1785703033\n|move|p1a: Inevitable|Thunderbolt|p2a: Snorlax\n|-damage|p2a: Snorlax|77/100 slp\n|cant|p2a: Snorlax|slp\n|\n|upkeep\n|turn|58\n|\n|t:|1785703037\n|move|p1a: Inevitable|Thunderbolt|p2a: Snorlax\n|-damage|p2a: Snorlax|55/100 slp\n|-curestatus|p2a: Snorlax|slp|[msg]\n|\n|upkeep\n|turn|59\n|\n|t:|1785703043\n|cant|p1a: Inevitable|par\n|move|p2a: Snorlax|Rest|p2a: Snorlax\n|-status|p2a: Snorlax|slp|[from] move: Rest\n|-heal|p2a: Snorlax|100/100 slp|[silent]\n|\n|upkeep\n|turn|60\n|\n|t:|1785703049\n|move|p1a: Inevitable|Thunderbolt|p2a: Snorlax\n|-damage|p2a: Snorlax|80/100 slp\n|cant|p2a: Snorlax|slp\n|\n|upkeep\n|turn|61\n|\n|t:|1785703054\n|move|p1a: Inevitable|Thunderbolt|p2a: Snorlax\n|-damage|p2a: Snorlax|59/100 slp\n|-curestatus|p2a: Snorlax|slp|[msg]\n|\n|upkeep\n|turn|62\n|\n|t:|1785703058\n|cant|p1a: Inevitable|par\n|move|p2a: Snorlax|Rest|p2a: Snorlax\n|-status|p2a: Snorlax|slp|[from] move: Rest\n|-heal|p2a: Snorlax|100/100 slp|[silent]\n|\n|upkeep\n|turn|63\n|\n|t:|1785703063\n|move|p1a: Inevitable|Thunderbolt|p2a: Snorlax\n|-damage|p2a: Snorlax|79/100 slp\n|cant|p2a: Snorlax|slp\n|\n|upkeep\n|turn|64\n|\n|t:|1785703068\n|move|p1a: Inevitable|Thunderbolt|p2a: Snorlax\n|-damage|p2a: Snorlax|57/100 slp\n|-curestatus|p2a: Snorlax|slp|[msg]\n|\n|upkeep\n|turn|65\n|\n|t:|1785703072\n|move|p1a: Inevitable|Thunderbolt|p2a: Snorlax\n|-damage|p2a: Snorlax|34/100\n|move|p2a: Snorlax|Rest|p2a: Snorlax\n|-status|p2a: Snorlax|slp|[from] move: Rest\n|-heal|p2a: Snorlax|100/100 slp|[silent]\n|\n|upkeep\n|turn|66\n|\n|t:|1785703079\n|move|p1a: Inevitable|Thunderbolt|p2a: Snorlax\n|-damage|p2a: Snorlax|77/100 slp\n|cant|p2a: Snorlax|slp\n|\n|upkeep\n|turn|67\n|\n|t:|1785703083\n|move|p1a: Inevitable|Thunderbolt|p2a: Snorlax\n|-damage|p2a: Snorlax|53/100 slp\n|-curestatus|p2a: Snorlax|slp|[msg]\n|\n|upkeep\n|turn|68\n|\n|t:|1785703092\n|move|p1a: Inevitable|Night Shade|p2a: Snorlax\n|-damage|p2a: Snorlax|34/100\n|move|p2a: Snorlax|Rest|p2a: Snorlax\n|-status|p2a: Snorlax|slp|[from] move: Rest\n|-heal|p2a: Snorlax|100/100 slp|[silent]\n|\n|upkeep\n|turn|69\n|\n|t:|1785703098\n|move|p1a: Inevitable|Thunderbolt|p2a: Snorlax\n|-damage|p2a: Snorlax|80/100 slp\n|cant|p2a: Snorlax|slp\n|\n|upkeep\n|turn|70\n|\n|t:|1785703103\n|move|p1a: Inevitable|Thunderbolt|p2a: Snorlax\n|-damage|p2a: Snorlax|57/100 slp\n|-curestatus|p2a: Snorlax|slp|[msg]\n|\n|upkeep\n|turn|71\n|\n|t:|1785703107\n|cant|p1a: Inevitable|par\n|move|p2a: Snorlax|Rest|p2a: Snorlax\n|-status|p2a: Snorlax|slp|[from] move: Rest\n|-heal|p2a: Snorlax|100/100 slp|[silent]\n|\n|upkeep\n|turn|72\n|\n|t:|1785703112\n|move|p1a: Inevitable|Thunderbolt|p2a: Snorlax\n|-damage|p2a: Snorlax|77/100 slp\n|cant|p2a: Snorlax|slp\n|\n|upkeep\n|turn|73\n|\n|t:|1785703117\n|move|p1a: Inevitable|Thunderbolt|p2a: Snorlax\n|-damage|p2a: Snorlax|54/100 slp\n|-curestatus|p2a: Snorlax|slp|[msg]\n|\n|upkeep\n|turn|74\n|\n|t:|1785703121\n|cant|p1a: Inevitable|par\n|move|p2a: Snorlax|Rest|p2a: Snorlax\n|-status|p2a: Snorlax|slp|[from] move: Rest\n|-heal|p2a: Snorlax|100/100 slp|[silent]\n|\n|upkeep\n|turn|75\n|\n|t:|1785703126\n|move|p1a: Inevitable|Thunderbolt|p2a: Snorlax\n|-crit|p2a: Snorlax\n|-damage|p2a: Snorlax|58/100 slp\n|cant|p2a: Snorlax|slp\n|\n|upkeep\n|turn|76\n|\n|t:|1785703139\n|move|p1a: Inevitable|Explosion|p2a: Snorlax\n|-damage|p2a: Snorlax|32/100 slp\n|faint|p1a: Inevitable\n|\n|t:|1785703144\n|switch|p1a: My Precious|Golem|59/100\n|turn|77\n|\n|t:|1785703157\n|switch|p2a: Lapras|Lapras|96/100 slp\n|move|p1a: My Precious|Earthquake|p2a: Lapras\n|-damage|p2a: Lapras|67/100 slp\n|\n|upkeep\n|turn|78\n|\n|t:|1785703163\n|cant|p2a: Lapras|slp\n|move|p1a: My Precious|Rock Slide|p2a: Lapras\n|-supereffective|p2a: Lapras\n|-damage|p2a: Lapras|21/100 slp\n|\n|upkeep\n|turn|79\n|inactive|Tarvold has 270 seconds left.\n|\n|t:|1785703189\n|switch|p2a: Chansey|Chansey|75/100 par\n|move|p1a: My Precious|Earthquake|p2a: Chansey\n|-damage|p2a: Chansey|30/100 par\n|\n|upkeep\n|turn|80\n|\n|t:|1785703205\n|move|p1a: My Precious|Body Slam|p2a: Chansey\n|-damage|p2a: Chansey|2/100 par\n|cant|p2a: Chansey|par\n|\n|upkeep\n|turn|81\n|\n|t:|1785703212\n|move|p1a: My Precious|Body Slam|p2a: Chansey\n|-crit|p2a: Chansey\n|-damage|p2a: Chansey|0 fnt\n|faint|p2a: Chansey\n|\n|t:|1785703219\n|switch|p2a: Starmie|Starmie|73/100\n|turn|82\n|inactive|Tarvold has 240 seconds left.\n|inactive|BeeOrSomething has 270 seconds left.\n|\n|t:|1785703255\n|switch|p1a: Raging Bull|Tauros|29/100 par\n|move|p2a: Starmie|Recover|p2a: Starmie\n|-heal|p2a: Starmie|100/100\n|\n|upkeep\n|turn|83\n|inactive|BeeOrSomething has 270 seconds left.\n|\n|t:|1785703262\n|switch|p1a: Blob|Chansey|100/100 par\n|move|p2a: Starmie|Surf|p1a: Blob\n|-damage|p1a: Blob|85/100 par\n|\n|upkeep\n|turn|84\n|\n|t:|1785703274\n|switch|p2a: Lapras|Lapras|21/100 slp\n|move|p1a: Blob|Ice Beam|p2a: Lapras\n|-resisted|p2a: Lapras\n|-damage|p2a: Lapras|17/100 slp\n|\n|upkeep\n|turn|85\n|\n|t:|1785703285\n|switch|p2a: Starmie|Starmie|100/100\n|switch|p1a: Patrick|Starmie|100/100\n|\n|upkeep\n|turn|86\n|\n|t:|1785703296\n|move|p1a: Patrick|Thunder Wave|p2a: Starmie\n|-status|p2a: Starmie|par\n|cant|p2a: Starmie|par\n|\n|upkeep\n|turn|87\n|\n|t:|1785703301\n|move|p1a: Patrick|Thunderbolt|p2a: Starmie\n|-supereffective|p2a: Starmie\n|-damage|p2a: Starmie|58/100 par\n|move|p2a: Starmie|Surf|p1a: Patrick\n|-resisted|p1a: Patrick\n|-damage|p1a: Patrick|83/100\n|\n|upkeep\n|turn|88\n|\n|t:|1785703308\n|move|p1a: Patrick|Thunderbolt|p2a: Starmie\n|-supereffective|p2a: Starmie\n|-damage|p2a: Starmie|8/100 par\n|move|p2a: Starmie|Thunder Wave|p1a: Patrick\n|-status|p1a: Patrick|par\n|\n|upkeep\n|turn|89\n|\n|t:|1785703322\n|move|p1a: Patrick|Thunderbolt|p2a: Starmie\n|-supereffective|p2a: Starmie\n|-damage|p2a: Starmie|0 fnt\n|faint|p2a: Starmie\n|\n|t:|1785703325\n|switch|p2a: Snorlax|Snorlax|32/100 slp\n|turn|90\n|\n|t:|1785703335\n|-curestatus|p2a: Snorlax|slp|[msg]\n|cant|p1a: Patrick|par\n|\n|upkeep\n|turn|91\n|\n|t:|1785703340\n|move|p2a: Snorlax|Reflect|p2a: Snorlax\n|-start|p2a: Snorlax|Reflect\n|move|p1a: Patrick|Recover|p1a: Patrick\n|-heal|p1a: Patrick|100/100 par\n|\n|upkeep\n|turn|92\n|\n|t:|1785703346\n|move|p2a: Snorlax|Rest|p2a: Snorlax\n|-status|p2a: Snorlax|slp|[from] move: Rest\n|-heal|p2a: Snorlax|100/100 slp|[silent]\n|move|p1a: Patrick|Blizzard|p2a: Snorlax\n|-crit|p2a: Snorlax\n|-damage|p2a: Snorlax|52/100 slp\n|\n|upkeep\n|turn|93\n|\n|t:|1785703356\n|cant|p2a: Snorlax|slp\n|move|p1a: Patrick|Blizzard|p2a: Snorlax|[miss]\n|-miss|p1a: Patrick\n|\n|upkeep\n|turn|94\n|\n|t:|1785703360\n|-curestatus|p2a: Snorlax|slp|[msg]\n|move|p1a: Patrick|Thunder Wave|p2a: Snorlax\n|-status|p2a: Snorlax|par\n|\n|upkeep\n|turn|95\n|\n|t:|1785703367\n|move|p1a: Patrick|Thunderbolt|p2a: Snorlax\n|-damage|p2a: Snorlax|32/100 par\n|move|p2a: Snorlax|Rest|p2a: Snorlax\n|-status|p2a: Snorlax|slp|[from] move: Rest\n|-heal|p2a: Snorlax|100/100 slp|[silent]\n|\n|upkeep\n|turn|96\n|\n|t:|1785703373\n|cant|p1a: Patrick|par\n|cant|p2a: Snorlax|slp\n|\n|upkeep\n|turn|97\n|\n|t:|1785703377\n|move|p1a: Patrick|Thunderbolt|p2a: Snorlax\n|-damage|p2a: Snorlax|81/100 slp\n|-curestatus|p2a: Snorlax|slp|[msg]\n|\n|upkeep\n|turn|98\n|\n|t:|1785703382\n|move|p1a: Patrick|Thunder Wave|p2a: Snorlax\n|-status|p2a: Snorlax|par\n|move|p2a: Snorlax|Body Slam|p1a: Patrick\n|-damage|p1a: Patrick|62/100 par\n|\n|upkeep\n|turn|99\n|\n|t:|1785703389\n|move|p1a: Patrick|Recover|p1a: Patrick\n|-heal|p1a: Patrick|100/100 par\n|move|p2a: Snorlax|Body Slam|p1a: Patrick\n|-crit|p1a: Patrick\n|-damage|p1a: Patrick|35/100 par\n|\n|upkeep\n|turn|100\n|\n|t:|1785703395\n|cant|p1a: Patrick|par\n|move|p2a: Snorlax|Body Slam|p1a: Patrick\n|-damage|p1a: Patrick|0 fnt\n|faint|p1a: Patrick\n|\n|t:|1785703398\n|switch|p1a: Blob|Chansey|85/100 par\n|turn|101\n|\n|t:|1785703403\n|move|p1a: Blob|Ice Beam|p2a: Snorlax\n|-damage|p2a: Snorlax|63/100 par\n|move|p2a: Snorlax|Surf|p1a: Blob\n|-damage|p1a: Blob|77/100 par\n|\n|upkeep\n|turn|102\n|\n|t:|1785703408\n|cant|p1a: Blob|par\n|move|p2a: Snorlax|Rest|p2a: Snorlax\n|-status|p2a: Snorlax|slp|[from] move: Rest\n|-heal|p2a: Snorlax|100/100 slp|[silent]\n|\n|upkeep\n|turn|103\n|\n|t:|1785703414\n|cant|p1a: Blob|par\n|cant|p2a: Snorlax|slp\n|\n|upkeep\n|turn|104\n|\n|t:|1785703417\n|move|p1a: Blob|Soft-Boiled|p1a: Blob\n|-heal|p1a: Blob|100/100 par\n|-curestatus|p2a: Snorlax|slp|[msg]\n|\n|upkeep\n|turn|105\n|\n|t:|1785703422\n|move|p1a: Blob|Thunder Wave|p2a: Snorlax\n|-status|p2a: Snorlax|par\n|move|p2a: Snorlax|Body Slam|p1a: Blob\n|-damage|p1a: Blob|59/100 par\n|\n|upkeep\n|turn|106\n|\n|t:|1785703427\n|cant|p1a: Blob|par\n|cant|p2a: Snorlax|par\n|\n|upkeep\n|turn|107\n|\n|t:|1785703431\n|move|p1a: Blob|Soft-Boiled|p1a: Blob\n|-heal|p1a: Blob|100/100 par\n|move|p2a: Snorlax|Body Slam|p1a: Blob\n|-damage|p1a: Blob|62/100 par\n|\n|upkeep\n|turn|108\n|\n|t:|1785703437\n|move|p1a: Blob|Soft-Boiled|p1a: Blob\n|-heal|p1a: Blob|100/100 par\n|move|p2a: Snorlax|Body Slam|p1a: Blob\n|-crit|p1a: Blob\n|-damage|p1a: Blob|25/100 par\n|\n|upkeep\n|turn|109\n|\n|t:|1785703444\n|move|p1a: Blob|Soft-Boiled|p1a: Blob\n|-heal|p1a: Blob|75/100 par\n|move|p2a: Snorlax|Body Slam|p1a: Blob\n|-damage|p1a: Blob|35/100 par\n|\n|upkeep\n|turn|110\n|\n|t:|1785703449\n|move|p1a: Blob|Soft-Boiled|p1a: Blob\n|-heal|p1a: Blob|85/100 par\n|cant|p2a: Snorlax|par\n|\n|upkeep\n|turn|111\n|\n|t:|1785703455\n|switch|p1a: Bell Ringer|Rhydon|25/100 slp\n|move|p2a: Snorlax|Surf|p1a: Bell Ringer\n|-crit|p1a: Bell Ringer\n|-supereffective|p1a: Bell Ringer\n|-damage|p1a: Bell Ringer|0 fnt\n|faint|p1a: Bell Ringer\n|c|☆BeeOrSomething|wp\n|\n|t:|1785703461\n|switch|p1a: Blob|Chansey|85/100 par\n|turn|112\n|\n|t:|1785703465\n|move|p1a: Blob|Ice Beam|p2a: Snorlax\n|-damage|p2a: Snorlax|81/100 par\n|move|p2a: Snorlax|Body Slam|p1a: Blob\n|-damage|p1a: Blob|40/100 par\n|\n|upkeep\n|turn|113\n|\n|t:|1785703472\n|move|p1a: Blob|Soft-Boiled|p1a: Blob\n|-heal|p1a: Blob|90/100 par\n|cant|p2a: Snorlax|par\n|\n|upkeep\n|turn|114\n|\n|t:|1785703477\n|move|p1a: Blob|Ice Beam|p2a: Snorlax\n|-damage|p2a: Snorlax|64/100 par\n|move|p2a: Snorlax|Body Slam|p1a: Blob\n|-damage|p1a: Blob|46/100 par\n|\n|upkeep\n|turn|115\n|\n|t:|1785703490\n|move|p1a: Blob|Soft-Boiled|p1a: Blob\n|-heal|p1a: Blob|96/100 par\n|move|p2a: Snorlax|Rest|p2a: Snorlax\n|-status|p2a: Snorlax|slp|[from] move: Rest\n|-heal|p2a: Snorlax|100/100 slp|[silent]\n|\n|upkeep\n|turn|116\n|\n|t:|1785703496\n|move|p1a: Blob|Ice Beam|p2a: Snorlax\n|-damage|p2a: Snorlax|83/100 slp\n|cant|p2a: Snorlax|slp\n|\n|upkeep\n|turn|117\n|\n|t:|1785703501\n|move|p1a: Blob|Ice Beam|p2a: Snorlax\n|-damage|p2a: Snorlax|64/100 slp\n|-curestatus|p2a: Snorlax|slp|[msg]\n|\n|upkeep\n|turn|118\n|\n|t:|1785703505\n|cant|p1a: Blob|par\n|move|p2a: Snorlax|Body Slam|p1a: Blob\n|-damage|p1a: Blob|56/100 par\n|\n|upkeep\n|turn|119\n|\n|t:|1785703511\n|cant|p1a: Blob|par\n|move|p2a: Snorlax|Body Slam|p1a: Blob\n|-damage|p1a: Blob|12/100 par\n|\n|upkeep\n|turn|120\n|\n|t:|1785703530\n|move|p1a: Blob|Ice Beam|p2a: Snorlax\n|-damage|p2a: Snorlax|44/100\n|move|p2a: Snorlax|Rest|p2a: Snorlax\n|-status|p2a: Snorlax|slp|[from] move: Rest\n|-heal|p2a: Snorlax|100/100 slp|[silent]\n|\n|upkeep\n|turn|121\n|\n|t:|1785703536\n|move|p1a: Blob|Ice Beam|p2a: Snorlax\n|-damage|p2a: Snorlax|82/100 slp\n|cant|p2a: Snorlax|slp\n|\n|upkeep\n|turn|122\n|\n|t:|1785703541\n|move|p1a: Blob|Ice Beam|p2a: Snorlax\n|-damage|p2a: Snorlax|64/100 slp\n|-curestatus|p2a: Snorlax|slp|[msg]\n|\n|upkeep\n|turn|123\n|\n|t:|1785703549\n|move|p1a: Blob|Soft-Boiled|p1a: Blob\n|-heal|p1a: Blob|62/100 par\n|move|p2a: Snorlax|Rest|p2a: Snorlax\n|-status|p2a: Snorlax|slp|[from] move: Rest\n|-heal|p2a: Snorlax|100/100 slp|[silent]\n|\n|upkeep\n|turn|124\n|\n|t:|1785703556\n|move|p1a: Blob|Ice Beam|p2a: Snorlax\n|-damage|p2a: Snorlax|82/100 slp\n|cant|p2a: Snorlax|slp\n|\n|upkeep\n|turn|125\n|\n|t:|1785703560\n|cant|p1a: Blob|par\n|-curestatus|p2a: Snorlax|slp|[msg]\n|\n|upkeep\n|turn|126\n|\n|t:|1785703564\n|move|p1a: Blob|Ice Beam|p2a: Snorlax\n|-crit|p2a: Snorlax\n|-damage|p2a: Snorlax|42/100\n|move|p2a: Snorlax|Body Slam|p1a: Blob\n|-damage|p1a: Blob|24/100 par\n|\n|upkeep\n|turn|127\n|\n|t:|1785703576\n|switch|p1a: Raging Bull|Tauros|29/100 par\n|move|p2a: Snorlax|Rest|p2a: Snorlax\n|-status|p2a: Snorlax|slp|[from] move: Rest\n|-heal|p2a: Snorlax|100/100 slp|[silent]\n|\n|upkeep\n|turn|128\n|\n|t:|1785703582\n|move|p1a: Raging Bull|Body Slam|p2a: Snorlax\n|-damage|p2a: Snorlax|89/100 slp\n|cant|p2a: Snorlax|slp\n|\n|upkeep\n|turn|129\n|\n|t:|1785703587\n|move|p1a: Raging Bull|Body Slam|p2a: Snorlax\n|-damage|p2a: Snorlax|76/100 slp\n|-curestatus|p2a: Snorlax|slp|[msg]\n|\n|upkeep\n|turn|130\n|\n|t:|1785703592\n|move|p1a: Raging Bull|Hyper Beam|p2a: Snorlax\n|-crit|p2a: Snorlax\n|-damage|p2a: Snorlax|0 fnt\n|faint|p2a: Snorlax\n|\n|t:|1785703596\n|switch|p2a: Lapras|Lapras|17/100 slp\n|turn|131\n|\n|t:|1785703598\n|cant|p2a: Lapras|slp\n|move|p1a: Raging Bull|Body Slam|p2a: Lapras\n|-damage|p2a: Lapras|0 fnt\n|faint|p2a: Lapras\n|\n|win|BeeOrSomething\n|c|☆Tarvold|gg\n|c|☆BeeOrSomething|gg\n|player|p1|\n","uploadtime":1785703598,"views":"59","formatid":"gen1ou","rating":null,"private":0,"password":null}