{"id":"smogtours-gen1ou-822535","format":"[Gen 1] OU","players":["Amaranth","Kaz"],"log":"|inactive|Battle timer is ON: inactive players will automatically lose when time's up.\n|t:|1740844834\n|gametype|singles\n|player|p1|Amaranth|#amaranth|\n|player|p2|Kaz|#splxviclassiest2|\n|teamsize|p1|6\n|teamsize|p2|6\n|gen|1\n|tier|[Gen 1] OU\n|rule|Desync Clause Mod: Desyncs changed to move failure.\n|rule|Sleep Clause Mod: Limit one foe put to sleep\n|rule|Freeze Clause Mod: Limit one foe frozen\n|rule|Species Clause: Limit one of each Pokémon\n|rule|OHKO Clause: OHKO moves are banned\n|rule|Evasion Moves Clause: Evasion moves are banned\n|rule|Endless Battle Clause: Forcing endless battles is banned\n|rule|HP Percentage Mod: HP is shown in percentages\n|\n|t:|1740844834\n|start\n|switch|p1a: Jynx|Jynx|100/100\n|switch|p2a: Jynx|Jynx|100/100\n|turn|1\n|c|☆Amaranth|glhf\n|c|☆Kaz|you too\n|\n|t:|1740844856\n|move|p2a: Jynx|Lovely Kiss|p1a: Jynx|[miss]\n|-miss|p2a: Jynx\n|move|p1a: Jynx|Lovely Kiss|p2a: Jynx\n|-status|p2a: Jynx|slp|[from] move: Lovely Kiss\n|\n|upkeep\n|turn|2\n|\n|t:|1740844863\n|switch|p2a: Starmie|Starmie|100/100\n|move|p1a: Jynx|Blizzard|p2a: Starmie\n|-resisted|p2a: Starmie\n|-damage|p2a: Starmie|79/100\n|\n|upkeep\n|turn|3\n|\n|t:|1740844867\n|switch|p1a: Chansey|Chansey|100/100\n|move|p2a: Starmie|Thunder Wave|p1a: Chansey\n|-status|p1a: Chansey|par\n|\n|upkeep\n|turn|4\n|\n|t:|1740844873\n|switch|p2a: Jynx|Jynx|100/100 slp\n|cant|p1a: Chansey|par\n|\n|upkeep\n|turn|5\n|\n|t:|1740844876\n|switch|p2a: Snorlax|Snorlax|100/100\n|switch|p1a: Tauros|Tauros|100/100\n|\n|upkeep\n|turn|6\n|rated|Smogon Premier League\n|\n|t:|1740844886\n|switch|p1a: Cloyster|Cloyster|100/100\n|move|p2a: Snorlax|Body Slam|p1a: Cloyster\n|-damage|p1a: Cloyster|77/100\n|\n|upkeep\n|turn|7\n|inactive|Kaz has 270 seconds left.\n|\n|t:|1740844940\n|switch|p2a: Jynx|Jynx|100/100 slp\n|move|p1a: Cloyster|Blizzard|p2a: Jynx\n|-resisted|p2a: Jynx\n|-damage|p2a: Jynx|79/100 slp\n|\n|upkeep\n|turn|8\n|\n|t:|1740844947\n|switch|p2a: Starmie|Starmie|79/100\n|switch|p1a: Tauros|Tauros|100/100\n|\n|upkeep\n|turn|9\n|\n|t:|1740844952\n|switch|p2a: Snorlax|Snorlax|100/100\n|switch|p1a: Chansey|Chansey|100/100 par\n|\n|upkeep\n|turn|10\n|\n|t:|1740844958\n|move|p2a: Snorlax|Earthquake|p1a: Chansey\n|-crit|p1a: Chansey\n|-damage|p1a: Chansey|40/100 par\n|move|p1a: Chansey|Thunder Wave|p2a: Snorlax\n|-status|p2a: Snorlax|par\n|\n|upkeep\n|turn|11\n|\n|t:|1740844961\n|move|p1a: Chansey|Soft-Boiled|p1a: Chansey\n|-heal|p1a: Chansey|90/100 par\n|move|p2a: Snorlax|Body Slam|p1a: Chansey\n|-damage|p1a: Chansey|48/100 par\n|\n|upkeep\n|turn|12\n|\n|t:|1740844976\n|switch|p1a: Snorlax|Snorlax|100/100\n|move|p2a: Snorlax|Body Slam|p1a: Snorlax\n|-damage|p1a: Snorlax|75/100\n|\n|upkeep\n|turn|13\n|\n|t:|1740844980\n|move|p1a: Snorlax|Body Slam|p2a: Snorlax\n|-damage|p2a: Snorlax|73/100 par\n|cant|p2a: Snorlax|par\n|\n|upkeep\n|turn|14\n|\n|t:|1740844984\n|move|p1a: Snorlax|Body Slam|p2a: Snorlax\n|-damage|p2a: Snorlax|46/100 par\n|move|p2a: Snorlax|Reflect|p2a: Snorlax\n|-start|p2a: Snorlax|Reflect\n|\n|upkeep\n|turn|15\n|\n|t:|1740845014\n|switch|p1a: Alakazam|Alakazam|100/100\n|move|p2a: Snorlax|Rest|p2a: Snorlax\n|-status|p2a: Snorlax|slp|[from] move: Rest\n|-heal|p2a: Snorlax|100/100 slp|[silent]\n|\n|upkeep\n|turn|16\n|inactive|Kaz has 270 seconds left.\n|\n|t:|1740845057\n|switch|p2a: Chansey|Chansey|100/100\n|move|p1a: Alakazam|Psychic|p2a: Chansey\n|-damage|p2a: Chansey|84/100\n|-unboost|p2a: Chansey|spa|1\n|-unboost|p2a: Chansey|spd|1\n|\n|upkeep\n|turn|17\n|\n|t:|1740845073\n|switch|p1a: Chansey|Chansey|48/100 par\n|move|p2a: Chansey|Thunder Wave|p1a: Chansey\n|-fail|p1a: Chansey|par\n|\n|upkeep\n|turn|18\n|\n|t:|1740845076\n|switch|p2a: Snorlax|Snorlax|100/100 slp\n|move|p1a: Chansey|Soft-Boiled|p1a: Chansey\n|-heal|p1a: Chansey|98/100 par\n|\n|upkeep\n|turn|19\n|\n|t:|1740845083\n|cant|p2a: Snorlax|slp\n|move|p1a: Chansey|Ice Beam|p2a: Snorlax\n|-damage|p2a: Snorlax|82/100 slp\n|\n|upkeep\n|turn|20\n|inactive|Kaz has 270 seconds left.\n|\n|t:|1740845092\n|-curestatus|p2a: Snorlax|slp|[msg]\n|cant|p1a: Chansey|par\n|\n|upkeep\n|turn|21\n|\n|t:|1740845099\n|move|p2a: Snorlax|Earthquake|p1a: Chansey\n|-damage|p1a: Chansey|65/100 par\n|move|p1a: Chansey|Thunder Wave|p2a: Snorlax\n|-status|p2a: Snorlax|par\n|\n|upkeep\n|turn|22\n|\n|t:|1740845108\n|switch|p1a: Cloyster|Cloyster|77/100\n|move|p2a: Snorlax|Body Slam|p1a: Cloyster\n|-damage|p1a: Cloyster|53/100\n|\n|upkeep\n|turn|23\n|inactive|Kaz has 270 seconds left.\n|\n|t:|1740845141\n|switch|p2a: Starmie|Starmie|79/100\n|move|p1a: Cloyster|Blizzard|p2a: Starmie\n|-resisted|p2a: Starmie\n|-damage|p2a: Starmie|61/100\n|\n|upkeep\n|turn|24\n|\n|t:|1740845150\n|switch|p1a: Chansey|Chansey|65/100 par\n|move|p2a: Starmie|Recover|p2a: Starmie\n|-heal|p2a: Starmie|100/100\n|\n|upkeep\n|turn|25\n|inactive|Kaz has 270 seconds left.\n|inactive|Kaz has 240 seconds left.\n|\n|t:|1740845201\n|switch|p2a: Snorlax|Snorlax|82/100 par\n|move|p1a: Chansey|Ice Beam|p2a: Snorlax\n|-damage|p2a: Snorlax|64/100 par\n|\n|upkeep\n|turn|26\n|\n|t:|1740845210\n|switch|p1a: Snorlax|Snorlax|75/100\n|cant|p2a: Snorlax|par\n|\n|upkeep\n|turn|27\n|inactive|Kaz has 240 seconds left.\n|inactive|Kaz has 210 seconds left.\n|\n|t:|1740845263\n|move|p1a: Snorlax|Body Slam|p2a: Snorlax\n|-damage|p2a: Snorlax|36/100 par\n|move|p2a: Snorlax|Reflect|p2a: Snorlax\n|-start|p2a: Snorlax|Reflect\n|\n|upkeep\n|turn|28\n|\n|t:|1740845281\n|switch|p1a: Cloyster|Cloyster|53/100\n|move|p2a: Snorlax|Rest|p2a: Snorlax\n|-status|p2a: Snorlax|slp|[from] move: Rest\n|-heal|p2a: Snorlax|100/100 slp|[silent]\n|\n|upkeep\n|turn|29\n|inactive|Kaz has 180 seconds left.\n|\n|t:|1740845306\n|switch|p2a: Jynx|Jynx|79/100 slp\n|move|p1a: Cloyster|Blizzard|p2a: Jynx\n|-resisted|p2a: Jynx\n|-damage|p2a: Jynx|60/100 slp\n|\n|upkeep\n|turn|30\n|\n|t:|1740845319\n|switch|p2a: Starmie|Starmie|100/100\n|switch|p1a: Alakazam|Alakazam|100/100\n|\n|upkeep\n|turn|31\n|\n|t:|1740845337\n|switch|p2a: Snorlax|Snorlax|100/100 slp\n|move|p1a: Alakazam|Thunder Wave|p2a: Snorlax\n|-fail|p2a: Snorlax\n|\n|upkeep\n|turn|32\n|\n|t:|1740845343\n|switch|p2a: Chansey|Chansey|84/100\n|move|p1a: Alakazam|Thunder Wave|p2a: Chansey\n|-status|p2a: Chansey|par\n|\n|upkeep\n|turn|33\n|\n|t:|1740845351\n|switch|p1a: Chansey|Chansey|65/100 par\n|move|p2a: Chansey|Thunder Wave|p1a: Chansey\n|-fail|p1a: Chansey|par\n|\n|upkeep\n|turn|34\n|\n|t:|1740845363\n|switch|p2a: Snorlax|Snorlax|100/100 slp\n|switch|p1a: Snorlax|Snorlax|75/100\n|\n|upkeep\n|turn|35\n|\n|t:|1740845366\n|cant|p2a: Snorlax|slp\n|move|p1a: Snorlax|Body Slam|p2a: Snorlax\n|-damage|p2a: Snorlax|73/100 slp\n|\n|upkeep\n|turn|36\n|\n|t:|1740845371\n|move|p1a: Snorlax|Body Slam|p2a: Snorlax\n|-damage|p2a: Snorlax|45/100 slp\n|-curestatus|p2a: Snorlax|slp|[msg]\n|\n|upkeep\n|turn|37\n|inactive|Kaz has 210 seconds left.\n|\n|t:|1740845399\n|move|p2a: Snorlax|Reflect|p2a: Snorlax\n|-start|p2a: Snorlax|Reflect\n|move|p1a: Snorlax|Hyper Beam|p2a: Snorlax|[miss]\n|-miss|p1a: Snorlax\n|\n|upkeep\n|turn|38\n|\n|t:|1740845410\n|switch|p1a: Cloyster|Cloyster|53/100\n|move|p2a: Snorlax|Body Slam|p1a: Cloyster\n|-crit|p1a: Cloyster\n|-damage|p1a: Cloyster|9/100\n|\n|upkeep\n|turn|39\n|\n|t:|1740845426\n|move|p1a: Cloyster|Rest|p1a: Cloyster\n|-status|p1a: Cloyster|slp|[from] move: Rest\n|-heal|p1a: Cloyster|100/100 slp|[silent]\n|move|p2a: Snorlax|Body Slam|p1a: Cloyster\n|-damage|p1a: Cloyster|76/100 slp\n|\n|upkeep\n|turn|40\n|\n|t:|1740845430\n|cant|p1a: Cloyster|slp\n|move|p2a: Snorlax|Body Slam|p1a: Cloyster\n|-damage|p1a: Cloyster|53/100 slp\n|\n|upkeep\n|turn|41\n|\n|t:|1740845433\n|-curestatus|p1a: Cloyster|slp|[msg]\n|move|p2a: Snorlax|Body Slam|p1a: Cloyster\n|-damage|p1a: Cloyster|30/100\n|-status|p1a: Cloyster|par\n|\n|upkeep\n|turn|42\n|inactive|Kaz has 210 seconds left.\n|\n|t:|1740845461\n|switch|p2a: Rhydon|Rhydon|100/100\n|move|p1a: Cloyster|Rest|p1a: Cloyster\n|-status|p1a: Cloyster|slp|[from] move: Rest\n|-heal|p1a: Cloyster|100/100 slp|[silent]\n|\n|upkeep\n|turn|43\n|inactive|Kaz has 180 seconds left.\n|\n|t:|1740845497\n|switch|p1a: Tauros|Tauros|100/100\n|move|p2a: Rhydon|Rock Slide|p1a: Tauros\n|-damage|p1a: Tauros|71/100\n|\n|upkeep\n|turn|44\n|inactive|Kaz has 180 seconds left.\n|inactive|Amaranth has 270 seconds left.\n|inactive|Kaz has 150 seconds left.\n|\n|t:|1740845540\n|move|p1a: Tauros|Blizzard|p2a: Rhydon\n|-supereffective|p2a: Rhydon\n|-damage|p2a: Rhydon|39/100\n|move|p2a: Rhydon|Earthquake|p1a: Tauros\n|-damage|p1a: Tauros|30/100\n|\n|upkeep\n|turn|45\n|inactive|Kaz has 150 seconds left.\n|inactive|Kaz has 120 seconds left.\n|inactive|Kaz has 90 seconds left.\n|\n|t:|1740845619\n|move|p1a: Tauros|Blizzard|p2a: Rhydon\n|-supereffective|p2a: Rhydon\n|-damage|p2a: Rhydon|0 fnt\n|faint|p2a: Rhydon\n|\n|t:|1740845624\n|switch|p2a: Tauros|Tauros|100/100\n|turn|46\n|\n|t:|1740845631\n|move|p1a: Tauros|Hyper Beam|p2a: Tauros\n|-damage|p2a: Tauros|51/100\n|-mustrecharge|p1a: Tauros\n|move|p2a: Tauros|Body Slam|p1a: Tauros\n|-crit|p1a: Tauros\n|-damage|p1a: Tauros|0 fnt\n|faint|p1a: Tauros\n|\n|t:|1740845639\n|switch|p1a: Snorlax|Snorlax|75/100\n|turn|47\n|inactive|Kaz has 90 seconds left.\n|\n|t:|1740845684\n|switch|p2a: Starmie|Starmie|100/100\n|move|p1a: Snorlax|Hyper Beam|p2a: Starmie\n|-damage|p2a: Starmie|32/100\n|-mustrecharge|p1a: Snorlax\n|\n|upkeep\n|turn|48\n|\n|t:|1740845689\n|move|p2a: Starmie|Psychic|p1a: Snorlax\n|-crit|p1a: Snorlax\n|-damage|p1a: Snorlax|24/100\n|cant|p1a: Snorlax|recharge\n|\n|upkeep\n|turn|49\n|inactive|Amaranth has 270 seconds left.\n|inactive|Kaz has 90 seconds left.\n|\n|t:|1740845710\n|switch|p1a: Chansey|Chansey|65/100 par\n|move|p2a: Starmie|Psychic|p1a: Chansey\n|-damage|p1a: Chansey|52/100 par\n|\n|upkeep\n|turn|50\n|inactive|Amaranth has 270 seconds left.\n|\n|t:|1740845725\n|switch|p2a: Snorlax|Snorlax|45/100\n|cant|p1a: Chansey|par\n|\n|upkeep\n|turn|51\n|\n|t:|1740845730\n|move|p2a: Snorlax|Body Slam|p1a: Chansey\n|-damage|p1a: Chansey|13/100 par\n|move|p1a: Chansey|Thunder Wave|p2a: Snorlax\n|-status|p2a: Snorlax|par\n|\n|upkeep\n|turn|52\n|\n|t:|1740845734\n|move|p1a: Chansey|Soft-Boiled|p1a: Chansey\n|-heal|p1a: Chansey|63/100 par\n|move|p2a: Snorlax|Body Slam|p1a: Chansey\n|-damage|p1a: Chansey|24/100 par\n|\n|upkeep\n|turn|53\n|inactive|Kaz has 90 seconds left.\n|\n|t:|1740845747\n|move|p1a: Chansey|Soft-Boiled|p1a: Chansey\n|-heal|p1a: Chansey|74/100 par\n|move|p2a: Snorlax|Body Slam|p1a: Chansey\n|-damage|p1a: Chansey|30/100 par\n|\n|upkeep\n|turn|54\n|\n|t:|1740845750\n|cant|p1a: Chansey|par\n|move|p2a: Snorlax|Body Slam|p1a: Chansey\n|-damage|p1a: Chansey|0 fnt\n|faint|p1a: Chansey\n|\n|t:|1740845756\n|switch|p1a: Snorlax|Snorlax|24/100\n|turn|55\n|inactive|Kaz has 90 seconds left.\n|\n|t:|1740845795\n|move|p1a: Snorlax|Rest|p1a: Snorlax\n|-status|p1a: Snorlax|slp|[from] move: Rest\n|-heal|p1a: Snorlax|100/100 slp|[silent]\n|cant|p2a: Snorlax|par\n|\n|upkeep\n|turn|56\n|inactive|Kaz has 60 seconds left.\n|\n|t:|1740845833\n|cant|p1a: Snorlax|slp\n|move|p2a: Snorlax|Rest|p2a: Snorlax\n|-status|p2a: Snorlax|slp|[from] move: Rest\n|-heal|p2a: Snorlax|100/100 slp|[silent]\n|\n|upkeep\n|turn|57\n|\n|t:|1740845837\n|-curestatus|p1a: Snorlax|slp|[msg]\n|cant|p2a: Snorlax|slp\n|\n|upkeep\n|turn|58\n|\n|t:|1740845840\n|move|p1a: Snorlax|Body Slam|p2a: Snorlax\n|-damage|p2a: Snorlax|74/100 slp\n|-curestatus|p2a: Snorlax|slp|[msg]\n|\n|upkeep\n|turn|59\n|\n|t:|1740845847\n|move|p1a: Snorlax|Body Slam|p2a: Snorlax\n|-damage|p2a: Snorlax|45/100\n|move|p2a: Snorlax|Reflect|p2a: Snorlax\n|-start|p2a: Snorlax|Reflect\n|\n|upkeep\n|turn|60\n|\n|t:|1740845851\n|switch|p1a: Cloyster|Cloyster|100/100 slp\n|move|p2a: Snorlax|Body Slam|p1a: Cloyster\n|-damage|p1a: Cloyster|79/100 slp\n|\n|upkeep\n|turn|61\n|\n|t:|1740845857\n|cant|p1a: Cloyster|slp\n|move|p2a: Snorlax|Body Slam|p1a: Cloyster\n|-damage|p1a: Cloyster|55/100 slp\n|\n|upkeep\n|turn|62\n|\n|t:|1740845875\n|switch|p2a: Starmie|Starmie|32/100\n|-curestatus|p1a: Cloyster|slp|[msg]\n|\n|upkeep\n|turn|63\n|inactive|Amaranth has 270 seconds left.\n|\n|t:|1740845912\n|switch|p1a: Alakazam|Alakazam|100/100\n|move|p2a: Starmie|Thunder Wave|p1a: Alakazam\n|-status|p1a: Alakazam|par\n|\n|upkeep\n|turn|64\n|inactive|Amaranth has 270 seconds left.\n|inactive|Kaz has 90 seconds left.\n|\n|t:|1740845928\n|switch|p2a: Chansey|Chansey|84/100 par\n|move|p1a: Alakazam|Thunder Wave|p2a: Chansey\n|-fail|p2a: Chansey|par\n|\n|upkeep\n|turn|65\n|\n|t:|1740845935\n|move|p1a: Alakazam|Psychic|p2a: Chansey\n|-damage|p2a: Chansey|65/100 par\n|move|p2a: Chansey|Ice Beam|p1a: Alakazam\n|-damage|p1a: Alakazam|81/100 par\n|\n|upkeep\n|turn|66\n|\n|t:|1740845939\n|cant|p1a: Alakazam|par\n|move|p2a: Chansey|Soft-Boiled|p2a: Chansey\n|-heal|p2a: Chansey|100/100 par\n|\n|upkeep\n|turn|67\n|\n|t:|1740845940\n|move|p1a: Alakazam|Psychic|p2a: Chansey\n|-damage|p2a: Chansey|81/100 par\n|move|p2a: Chansey|Ice Beam|p1a: Alakazam\n|-damage|p1a: Alakazam|62/100 par\n|\n|upkeep\n|turn|68\n|inactive|Kaz has 120 seconds left.\n|\n|t:|1740845946\n|move|p1a: Alakazam|Recover|p1a: Alakazam\n|-heal|p1a: Alakazam|100/100 par\n|move|p2a: Chansey|Ice Beam|p1a: Alakazam\n|-damage|p1a: Alakazam|81/100 par\n|\n|upkeep\n|turn|69\n|\n|t:|1740845952\n|move|p1a: Alakazam|Psychic|p2a: Chansey\n|-damage|p2a: Chansey|64/100 par\n|move|p2a: Chansey|Soft-Boiled|p2a: Chansey\n|-heal|p2a: Chansey|100/100 par\n|\n|upkeep\n|turn|70\n|\n|t:|1740845956\n|cant|p1a: Alakazam|par\n|move|p2a: Chansey|Ice Beam|p1a: Alakazam\n|-damage|p1a: Alakazam|62/100 par\n|\n|upkeep\n|turn|71\n|\n|t:|1740845970\n|cant|p1a: Alakazam|par\n|cant|p2a: Chansey|par\n|\n|upkeep\n|turn|72\n|inactive|Kaz has 120 seconds left.\n|\n|t:|1740845995\n|move|p1a: Alakazam|Recover|p1a: Alakazam\n|-heal|p1a: Alakazam|100/100 par\n|cant|p2a: Chansey|par\n|\n|upkeep\n|turn|73\n|\n|t:|1740845998\n|move|p1a: Alakazam|Psychic|p2a: Chansey\n|-damage|p2a: Chansey|83/100 par\n|cant|p2a: Chansey|par\n|\n|upkeep\n|turn|74\n|\n|t:|1740846001\n|move|p1a: Alakazam|Psychic|p2a: Chansey\n|-damage|p2a: Chansey|63/100 par\n|-unboost|p2a: Chansey|spa|1\n|-unboost|p2a: Chansey|spd|1\n|move|p2a: Chansey|Soft-Boiled|p2a: Chansey\n|-heal|p2a: Chansey|100/100 par\n|\n|upkeep\n|turn|75\n|\n|t:|1740846004\n|move|p1a: Alakazam|Psychic|p2a: Chansey\n|-damage|p2a: Chansey|75/100 par\n|-unboost|p2a: Chansey|spa|1\n|-unboost|p2a: Chansey|spd|1\n|cant|p2a: Chansey|par\n|\n|upkeep\n|turn|76\n|inactive|Kaz has 150 seconds left.\n|\n|t:|1740846031\n|switch|p1a: Snorlax|Snorlax|100/100\n|cant|p2a: Chansey|par\n|\n|upkeep\n|turn|77\n|\n|t:|1740846045\n|move|p1a: Snorlax|Earthquake|p2a: Chansey\n|-damage|p2a: Chansey|44/100 par\n|move|p2a: Chansey|Thunder Wave|p1a: Snorlax\n|-status|p1a: Snorlax|par\n|\n|upkeep\n|turn|78\n|inactive|Kaz has 150 seconds left.\n|\n|t:|1740846080\n|switch|p2a: Jynx|Jynx|60/100 slp\n|move|p1a: Snorlax|Hyper Beam|p2a: Jynx|[miss]\n|-miss|p1a: Snorlax\n|\n|upkeep\n|turn|79\n|inactive|Kaz has 120 seconds left.\n|\n|t:|1740846118\n|cant|p2a: Jynx|slp\n|move|p1a: Snorlax|Body Slam|p2a: Jynx\n|-damage|p2a: Jynx|4/100 slp\n|\n|upkeep\n|turn|80\n|\n|t:|1740846128\n|switch|p2a: Snorlax|Snorlax|45/100\n|cant|p1a: Snorlax|par\n|\n|upkeep\n|turn|81\n|inactive|Kaz has 90 seconds left.\n|\n|t:|1740846178\n|switch|p1a: Cloyster|Cloyster|55/100\n|move|p2a: Snorlax|Rest|p2a: Snorlax\n|-status|p2a: Snorlax|slp|[from] move: Rest\n|-heal|p2a: Snorlax|100/100 slp|[silent]\n|\n|upkeep\n|turn|82\n|\n|t:|1740846188\n|switch|p2a: Starmie|Starmie|32/100\n|move|p1a: Cloyster|Blizzard|p2a: Starmie\n|-crit|p2a: Starmie\n|-resisted|p2a: Starmie\n|-damage|p2a: Starmie|0 fnt\n|faint|p2a: Starmie\n|\n|t:|1740846193\n|switch|p2a: Tauros|Tauros|51/100\n|turn|83\n|\n|t:|1740846221\n|switch|p1a: Snorlax|Snorlax|100/100 par\n|move|p2a: Tauros|Body Slam|p1a: Snorlax\n|-damage|p1a: Snorlax|76/100 par\n|\n|upkeep\n|turn|84\n|\n|t:|1740846230\n|switch|p2a: Snorlax|Snorlax|100/100 slp\n|move|p1a: Snorlax|Hyper Beam|p2a: Snorlax\n|-damage|p2a: Snorlax|55/100 slp\n|-mustrecharge|p1a: Snorlax\n|\n|upkeep\n|turn|85\n|\n|t:|1740846233\n|cant|p2a: Snorlax|slp\n|cant|p1a: Snorlax|recharge\n|\n|upkeep\n|turn|86\n|\n|t:|1740846239\n|switch|p1a: Cloyster|Cloyster|55/100\n|-curestatus|p2a: Snorlax|slp|[msg]\n|\n|upkeep\n|turn|87\n|inactive|Kaz has 90 seconds left.\n|\n|t:|1740846269\n|switch|p2a: Jynx|Jynx|4/100 slp\n|move|p1a: Cloyster|Clamp|p2a: Jynx\n|-damage|p2a: Jynx|0 fnt\n|faint|p2a: Jynx\n|\n|t:|1740846273\n|switch|p2a: Tauros|Tauros|51/100\n|turn|88\n|inactive|Amaranth has 270 seconds left.\n|inactive|Kaz has 60 seconds left.\n|inactive|Amaranth has 240 seconds left.\n|\n|t:|1740846340\n|move|p2a: Tauros|Body Slam|p1a: Cloyster\n|-crit|p1a: Cloyster\n|-damage|p1a: Cloyster|16/100\n|move|p1a: Cloyster|Explosion|p2a: Tauros\n|-crit|p2a: Tauros\n|-damage|p2a: Tauros|0 fnt\n|faint|p2a: Tauros\n|faint|p1a: Cloyster\n|inactive|Amaranth has 240 seconds left.\n|inactive|Kaz has 30 seconds left.\n|inactive|Amaranth has 210 seconds left.\n|\n|t:|1740846391\n|switch|p2a: Chansey|Chansey|44/100 par\n|switch|p1a: Snorlax|Snorlax|76/100 par\n|turn|89\n|\n|t:|1740846399\n|move|p2a: Chansey|Soft-Boiled|p2a: Chansey\n|-heal|p2a: Chansey|94/100 par\n|cant|p1a: Snorlax|par\n|\n|upkeep\n|turn|90\n|\n|t:|1740846404\n|switch|p2a: Snorlax|Snorlax|55/100\n|move|p1a: Snorlax|Body Slam|p2a: Snorlax\n|-damage|p2a: Snorlax|31/100\n|\n|upkeep\n|turn|91\n|\n|t:|1740846420\n|move|p2a: Snorlax|Rest|p2a: Snorlax\n|-status|p2a: Snorlax|slp|[from] move: Rest\n|-heal|p2a: Snorlax|100/100 slp|[silent]\n|move|p1a: Snorlax|Body Slam|p2a: Snorlax\n|-damage|p2a: Snorlax|73/100 slp\n|\n|upkeep\n|turn|92\n|\n|t:|1740846427\n|cant|p2a: Snorlax|slp\n|move|p1a: Snorlax|Body Slam|p2a: Snorlax\n|-damage|p2a: Snorlax|46/100 slp\n|\n|upkeep\n|turn|93\n|\n|t:|1740846430\n|-curestatus|p2a: Snorlax|slp|[msg]\n|move|p1a: Snorlax|Hyper Beam|p2a: Snorlax\n|-damage|p2a: Snorlax|0 fnt\n|faint|p2a: Snorlax\n|\n|t:|1740846433\n|switch|p2a: Chansey|Chansey|94/100 par\n|turn|94\n|\n|t:|1740846436\n|switch|p1a: Alakazam|Alakazam|100/100 par\n|move|p2a: Chansey|Ice Beam|p1a: Alakazam\n|-crit|p1a: Alakazam\n|-damage|p1a: Alakazam|62/100 par\n|\n|upkeep\n|turn|95\n|c|☆Amaranth|gg\n|\n|t:|1740846439\n|move|p1a: Alakazam|Recover|p1a: Alakazam\n|-heal|p1a: Alakazam|100/100 par\n|move|p2a: Chansey|Ice Beam|p1a: Alakazam\n|-damage|p1a: Alakazam|80/100 par\n|\n|upkeep\n|turn|96\n|\n|t:|1740846441\n|move|p1a: Alakazam|Recover|p1a: Alakazam\n|-heal|p1a: Alakazam|100/100 par\n|move|p2a: Chansey|Ice Beam|p1a: Alakazam\n|-damage|p1a: Alakazam|81/100 par\n|\n|upkeep\n|turn|97\n|\n|t:|1740846443\n|move|p1a: Alakazam|Recover|p1a: Alakazam\n|-heal|p1a: Alakazam|100/100 par\n|cant|p2a: Chansey|par\n|\n|upkeep\n|turn|98\n|\n|t:|1740846444\n|move|p1a: Alakazam|Psychic|p2a: Chansey\n|-damage|p2a: Chansey|76/100 par\n|move|p2a: Chansey|Ice Beam|p1a: Alakazam\n|-damage|p1a: Alakazam|82/100 par\n|\n|upkeep\n|turn|99\n|\n|t:|1740846446\n|move|p1a: Alakazam|Psychic|p2a: Chansey\n|-damage|p2a: Chansey|59/100 par\n|move|p2a: Chansey|Ice Beam|p1a: Alakazam\n|-damage|p1a: Alakazam|62/100 par\n|\n|upkeep\n|turn|100\n|\n|t:|1740846448\n|move|p1a: Alakazam|Psychic|p2a: Chansey\n|-damage|p2a: Chansey|41/100 par\n|cant|p2a: Chansey|par\n|\n|upkeep\n|turn|101\n|\n|t:|1740846449\n|move|p1a: Alakazam|Psychic|p2a: Chansey\n|-crit|p2a: Chansey\n|-damage|p2a: Chansey|5/100 par\n|-unboost|p2a: Chansey|spa|1\n|-unboost|p2a: Chansey|spd|1\n|move|p2a: Chansey|Soft-Boiled|p2a: Chansey\n|-heal|p2a: Chansey|55/100 par\n|\n|upkeep\n|turn|102\n|\n|t:|1740846451\n|move|p1a: Alakazam|Psychic|p2a: Chansey\n|-damage|p2a: Chansey|28/100 par\n|cant|p2a: Chansey|par\n|\n|upkeep\n|turn|103\n|\n|t:|1740846453\n|move|p1a: Alakazam|Psychic|p2a: Chansey\n|-damage|p2a: Chansey|2/100 par\n|-unboost|p2a: Chansey|spa|1\n|-unboost|p2a: Chansey|spd|1\n|cant|p2a: Chansey|par\n|\n|upkeep\n|turn|104\n|\n|t:|1740846455\n|cant|p1a: Alakazam|par\n|cant|p2a: Chansey|par\n|\n|upkeep\n|turn|105\n|c|☆Kaz|gg\n|-message|Kaz forfeited.\n|\n|win|Amaranth\n|player|p2|\n|player|p1|\n","uploadtime":1740846461,"views":"1758","formatid":"gen1ou","rating":null,"private":0,"password":null}