{"id":"smogtours-gen1ou-817571","format":"[Gen 1] OU","players":["Serpi n_n","genesis7"],"log":"|inactive|Battle timer is ON: inactive players will automatically lose when time's up.\n|t:|1738510141\n|gametype|singles\n|player|p1|Serpi n_n|#splxviraiders|\n|player|p2|genesis7|#ssdleviathans|\n|teamsize|p1|6\n|teamsize|p2|6\n|gen|1\n|tier|[Gen 1] OU\n|rule|Desync Clause Mod: Desyncs changed to move failure.\n|rule|Sleep Clause Mod: Limit one foe put to sleep\n|rule|Freeze Clause Mod: Limit one foe frozen\n|rule|Species Clause: Limit one of each Pokémon\n|rule|OHKO Clause: OHKO moves are banned\n|rule|Evasion Moves Clause: Evasion moves are banned\n|rule|Endless Battle Clause: Forcing endless battles is banned\n|rule|HP Percentage Mod: HP is shown in percentages\n|\n|t:|1738510141\n|start\n|switch|p1a: Jynx|Jynx|100/100\n|switch|p2a: Starmie|Starmie|100/100\n|turn|1\n|c|☆genesis7|glhf\n|rated|Smogon Premier League\n|c|☆Serpi n_n|hf\n|inactive|genesis7 has 270 seconds left.\n|\n|t:|1738510184\n|switch|p1a: Chansey|Chansey|100/100\n|move|p2a: Starmie|Thunder Wave|p1a: Chansey\n|-status|p1a: Chansey|par\n|\n|upkeep\n|turn|2\n|\n|t:|1738510195\n|move|p2a: Starmie|Psychic|p1a: Chansey\n|-crit|p1a: Chansey\n|-damage|p1a: Chansey|72/100 par\n|move|p1a: Chansey|Ice Beam|p2a: Starmie\n|-resisted|p2a: Starmie\n|-damage|p2a: Starmie|88/100\n|-status|p2a: Starmie|frz\n|\n|upkeep\n|turn|3\n|inactive|genesis7 has 270 seconds left.\n|inactive|Serpi n_n has 270 seconds left.\n|\n|t:|1738510251\n|switch|p2a: Tauros|Tauros|100/100\n|move|p1a: Chansey|Sing|p2a: Tauros\n|-status|p2a: Tauros|slp|[from] move: Sing\n|\n|upkeep\n|turn|4\n|inactive|Serpi n_n has 270 seconds left.\n|inactive|Serpi n_n has 240 seconds left.\n|inactive|Serpi n_n has 210 seconds left.\n|\n|t:|1738510338\n|cant|p2a: Tauros|slp\n|cant|p1a: Chansey|par\n|\n|upkeep\n|turn|5\n|\n|t:|1738510342\n|cant|p2a: Tauros|slp\n|move|p1a: Chansey|Ice Beam|p2a: Tauros\n|-damage|p2a: Tauros|72/100 slp\n|\n|upkeep\n|turn|6\n|\n|t:|1738510361\n|-curestatus|p2a: Tauros|slp|[msg]\n|move|p1a: Chansey|Ice Beam|p2a: Tauros\n|-damage|p2a: Tauros|43/100\n|\n|upkeep\n|turn|7\n|inactive|genesis7 has 270 seconds left.\n|\n|t:|1738510374\n|switch|p1a: Snorlax|Snorlax|100/100\n|move|p2a: Tauros|Body Slam|p1a: Snorlax\n|-damage|p1a: Snorlax|74/100\n|\n|upkeep\n|turn|8\n|inactive|genesis7 has 270 seconds left.\n|inactive|Serpi n_n has 180 seconds left.\n|\n|t:|1738510410\n|switch|p2a: Snorlax|Snorlax|100/100\n|move|p1a: Snorlax|Hyper Beam|p2a: Snorlax\n|-damage|p2a: Snorlax|52/100\n|-mustrecharge|p1a: Snorlax\n|\n|upkeep\n|turn|9\n|inactive|genesis7 has 270 seconds left.\n|\n|t:|1738510418\n|move|p2a: Snorlax|Body Slam|p1a: Snorlax\n|-damage|p1a: Snorlax|48/100\n|cant|p1a: Snorlax|recharge\n|\n|upkeep\n|turn|10\n|inactive|Serpi n_n has 180 seconds left.\n|inactive|genesis7 has 270 seconds left.\n|\n|t:|1738510453\n|move|p2a: Snorlax|Reflect|p2a: Snorlax\n|-start|p2a: Snorlax|Reflect\n|move|p1a: Snorlax|Body Slam|p2a: Snorlax\n|-damage|p2a: Snorlax|39/100\n|\n|upkeep\n|turn|11\n|inactive|Serpi n_n has 150 seconds left.\n|inactive|genesis7 has 270 seconds left.\n|\n|t:|1738510503\n|move|p1a: Snorlax|Reflect|p1a: Snorlax\n|-start|p1a: Snorlax|Reflect\n|move|p2a: Snorlax|Body Slam|p1a: Snorlax\n|-damage|p1a: Snorlax|36/100\n|\n|upkeep\n|turn|12\n|\n|t:|1738510509\n|move|p1a: Snorlax|Rest|p1a: Snorlax\n|-status|p1a: Snorlax|slp|[from] move: Rest\n|-heal|p1a: Snorlax|100/100 slp|[silent]\n|move|p2a: Snorlax|Rest|p2a: Snorlax\n|-status|p2a: Snorlax|slp|[from] move: Rest\n|-heal|p2a: Snorlax|100/100 slp|[silent]\n|\n|upkeep\n|turn|13\n|\n|t:|1738510514\n|cant|p1a: Snorlax|slp\n|cant|p2a: Snorlax|slp\n|\n|upkeep\n|turn|14\n|\n|t:|1738510517\n|switch|p1a: Jynx|Jynx|100/100\n|-curestatus|p2a: Snorlax|slp|[msg]\n|\n|upkeep\n|turn|15\n|inactive|genesis7 has 270 seconds left.\n|inactive|genesis7 has 240 seconds left.\n|inactive|genesis7 has 210 seconds left.\n|inactive|genesis7 has 180 seconds left.\n|\n|t:|1738510637\n|move|p1a: Jynx|Lovely Kiss|p2a: Snorlax|[miss]\n|-miss|p1a: Jynx\n|move|p2a: Snorlax|Body Slam|p1a: Jynx\n|-damage|p1a: Jynx|43/100\n|-status|p1a: Jynx|par\n|\n|upkeep\n|turn|16\n|inactive|genesis7 has 180 seconds left.\n|inactive|Serpi n_n has 150 seconds left.\n|\n|t:|1738510668\n|switch|p1a: Starmie|Starmie|100/100\n|move|p2a: Snorlax|Body Slam|p1a: Starmie\n|-damage|p1a: Starmie|64/100\n|\n|upkeep\n|turn|17\n|inactive|genesis7 has 180 seconds left.\n|\n|t:|1738510682\n|move|p1a: Starmie|Thunder Wave|p2a: Snorlax\n|-status|p2a: Snorlax|par\n|move|p2a: Snorlax|Body Slam|p1a: Starmie\n|-damage|p1a: Starmie|29/100\n|\n|upkeep\n|turn|18\n|\n|t:|1738510688\n|move|p1a: Starmie|Recover|p1a: Starmie\n|-heal|p1a: Starmie|79/100\n|cant|p2a: Snorlax|par\n|\n|upkeep\n|turn|19\n|inactive|Serpi n_n has 150 seconds left.\n|inactive|genesis7 has 180 seconds left.\n|\n|t:|1738510725\n|switch|p2a: Exeggutor|Exeggutor|100/100\n|move|p1a: Starmie|Blizzard|p2a: Exeggutor\n|-supereffective|p2a: Exeggutor\n|-damage|p2a: Exeggutor|60/100\n|\n|upkeep\n|turn|20\n|inactive|Serpi n_n has 150 seconds left.\n|\n|t:|1738510737\n|switch|p1a: Jynx|Jynx|43/100 par\n|move|p2a: Exeggutor|Sleep Powder|p1a: Jynx\n|-fail|p1a: Jynx\n|\n|upkeep\n|turn|21\n|inactive|Serpi n_n has 150 seconds left.\n|\n|t:|1738510766\n|switch|p2a: Snorlax|Snorlax|100/100 par\n|move|p1a: Jynx|Blizzard|p2a: Snorlax\n|-damage|p2a: Snorlax|68/100 par\n|\n|upkeep\n|turn|22\n|inactive|Serpi n_n has 120 seconds left.\n|inactive|Serpi n_n has 90 seconds left.\n|\n|t:|1738510835\n|switch|p1a: Snorlax|Snorlax|100/100 slp\n|move|p2a: Snorlax|Body Slam|p1a: Snorlax\n|-damage|p1a: Snorlax|73/100 slp\n|\n|upkeep\n|turn|23\n|\n|t:|1738510840\n|-curestatus|p1a: Snorlax|slp|[msg]\n|move|p2a: Snorlax|Reflect|p2a: Snorlax\n|-start|p2a: Snorlax|Reflect\n|\n|upkeep\n|turn|24\n|\n|t:|1738510848\n|switch|p1a: Starmie|Starmie|79/100\n|cant|p2a: Snorlax|par\n|\n|upkeep\n|turn|25\n|\n|t:|1738510859\n|switch|p2a: Chansey|Chansey|100/100\n|move|p1a: Starmie|Blizzard|p2a: Chansey\n|-damage|p2a: Chansey|88/100\n|-message|Freeze Clause activated.\n|\n|upkeep\n|turn|26\n|inactive|Serpi n_n has 90 seconds left.\n|inactive|Serpi n_n has 60 seconds left.\n|\n|t:|1738510924\n|switch|p1a: Chansey|Chansey|72/100 par\n|move|p2a: Chansey|Thunderbolt|p1a: Chansey\n|-damage|p1a: Chansey|61/100 par\n|\n|upkeep\n|turn|27\n|inactive|Serpi n_n has 60 seconds left.\n|\n|t:|1738510954\n|switch|p2a: Snorlax|Snorlax|68/100 par\n|move|p1a: Chansey|Ice Beam|p2a: Snorlax\n|-damage|p2a: Snorlax|50/100 par\n|\n|upkeep\n|turn|28\n|inactive|Serpi n_n has 30 seconds left.\n|inactive|Serpi n_n has 20 seconds left.\n|inactive|Serpi n_n has 15 seconds left.\n|inactive|Serpi n_n has 10 seconds left.\n|\n|t:|1738510998\n|switch|p1a: Rhydon|Rhydon|100/100\n|move|p2a: Snorlax|Reflect|p2a: Snorlax\n|-start|p2a: Snorlax|Reflect\n|\n|upkeep\n|turn|29\n|inactive|Serpi n_n has 20 seconds left this turn.\n|\n|t:|1738511002\n|move|p1a: Rhydon|Substitute|p1a: Rhydon\n|-start|p1a: Rhydon|Substitute\n|-damage|p1a: Rhydon|76/100\n|move|p2a: Snorlax|Rest|p2a: Snorlax\n|-status|p2a: Snorlax|slp|[from] move: Rest\n|-heal|p2a: Snorlax|100/100 slp|[silent]\n|\n|upkeep\n|turn|30\n|inactive|Serpi n_n has 30 seconds left this turn.\n|inactive|Serpi n_n has 20 seconds left.\n|\n|t:|1738511012\n|move|p1a: Rhydon|Earthquake|p2a: Snorlax\n|-damage|p2a: Snorlax|83/100 slp\n|cant|p2a: Snorlax|slp\n|\n|upkeep\n|turn|31\n|inactive|Serpi n_n has 30 seconds left this turn.\n|\n|t:|1738511016\n|move|p1a: Rhydon|Earthquake|p2a: Snorlax\n|-damage|p2a: Snorlax|67/100 slp\n|-curestatus|p2a: Snorlax|slp|[msg]\n|\n|upkeep\n|turn|32\n|\n|t:|1738511025\n|move|p1a: Rhydon|Earthquake|p2a: Snorlax\n|-damage|p2a: Snorlax|49/100\n|move|p2a: Snorlax|Ice Beam|p1a: Rhydon\n|-supereffective|p1a: Rhydon\n|-end|p1a: Rhydon|Substitute\n|\n|upkeep\n|turn|33\n|inactive|genesis7 has 240 seconds left.\n|inactive|Serpi n_n has 30 seconds left.\n|inactive|Serpi n_n has 20 seconds left.\n|\n|t:|1738511052\n|switch|p1a: Starmie|Starmie|79/100\n|move|p2a: Snorlax|Ice Beam|p1a: Starmie\n|-resisted|p1a: Starmie\n|-damage|p1a: Starmie|70/100\n|\n|upkeep\n|turn|34\n|inactive|Serpi n_n has 30 seconds left this turn.\n|inactive|Serpi n_n has 20 seconds left.\n|inactive|Serpi n_n has 15 seconds left.\n|\n|t:|1738511071\n|move|p1a: Starmie|Thunder Wave|p2a: Snorlax\n|-status|p2a: Snorlax|par\n|cant|p2a: Snorlax|par\n|\n|upkeep\n|turn|35\n|inactive|Serpi n_n has 25 seconds left this turn.\n|inactive|Serpi n_n has 20 seconds left.\n|inactive|Serpi n_n has 15 seconds left.\n|\n|t:|1738511085\n|move|p1a: Starmie|Blizzard|p2a: Snorlax\n|-damage|p2a: Snorlax|25/100 par\n|cant|p2a: Snorlax|par\n|\n|upkeep\n|turn|36\n|inactive|Serpi n_n has 25 seconds left this turn.\n|\n|t:|1738511109\n|move|p1a: Starmie|Blizzard|p2a: Snorlax\n|-damage|p2a: Snorlax|0 fnt\n|faint|p2a: Snorlax\n|inactive|Serpi n_n has 30 seconds left this turn.\n|inactive|genesis7 has 240 seconds left.\n|\n|t:|1738511127\n|switch|p2a: Chansey|Chansey|88/100\n|turn|37\n|inactive|Serpi n_n has 30 seconds left.\n|\n|t:|1738511147\n|move|p1a: Starmie|Thunder Wave|p2a: Chansey\n|-status|p2a: Chansey|par\n|cant|p2a: Chansey|par\n|\n|upkeep\n|turn|38\n|inactive|Serpi n_n has 30 seconds left.\n|\n|t:|1738511158\n|switch|p1a: Chansey|Chansey|61/100 par\n|switch|p2a: Tauros|Tauros|43/100\n|\n|upkeep\n|turn|39\n|inactive|Serpi n_n has 30 seconds left.\n|\n|t:|1738511177\n|switch|p1a: Jynx|Jynx|43/100 par\n|move|p2a: Tauros|Body Slam|p1a: Jynx|[miss]\n|-miss|p2a: Tauros\n|-hint|In Gen 1, moves with 100% accuracy can still miss 1/256 of the time.\n|\n|upkeep\n|turn|40\n|\n|t:|1738511181\n|move|p2a: Tauros|Body Slam|p1a: Jynx\n|-crit|p1a: Jynx\n|-damage|p1a: Jynx|0 fnt\n|faint|p1a: Jynx\n|\n|t:|1738511185\n|switch|p1a: Tauros|Tauros|100/100\n|turn|41\n|\n|t:|1738511192\n|switch|p2a: Starmie|Starmie|88/100 frz\n|move|p1a: Tauros|Body Slam|p2a: Starmie\n|-damage|p2a: Starmie|57/100 frz\n|\n|upkeep\n|turn|42\n|\n|t:|1738511217\n|cant|p2a: Starmie|frz\n|move|p1a: Tauros|Body Slam|p2a: Starmie\n|-damage|p2a: Starmie|22/100 frz\n|\n|upkeep\n|turn|43\n|\n|t:|1738511221\n|cant|p2a: Starmie|frz\n|move|p1a: Tauros|Body Slam|p2a: Starmie\n|-damage|p2a: Starmie|0 fnt\n|faint|p2a: Starmie\n|\n|t:|1738511232\n|switch|p2a: Exeggutor|Exeggutor|60/100\n|turn|44\n|inactive|Serpi n_n has 60 seconds left.\n|inactive|genesis7 has 270 seconds left.\n|\n|t:|1738511259\n|move|p1a: Tauros|Blizzard|p2a: Exeggutor\n|-supereffective|p2a: Exeggutor\n|-damage|p2a: Exeggutor|27/100\n|move|p2a: Exeggutor|Sleep Powder|p1a: Tauros|[miss]\n|-miss|p2a: Exeggutor\n|\n|upkeep\n|turn|45\n|inactive|genesis7 has 270 seconds left.\n|\n|t:|1738511289\n|switch|p2a: Chansey|Chansey|88/100 par\n|move|p1a: Tauros|Body Slam|p2a: Chansey\n|-crit|p2a: Chansey\n|-damage|p2a: Chansey|10/100 par\n|\n|upkeep\n|turn|46\n|\n|t:|1738511299\n|move|p1a: Tauros|Body Slam|p2a: Chansey\n|-damage|p2a: Chansey|0 fnt\n|faint|p2a: Chansey\n|\n|t:|1738511304\n|switch|p2a: Tauros|Tauros|43/100\n|turn|47\n|inactive|Serpi n_n has 60 seconds left.\n|\n|t:|1738511329\n|move|p1a: Tauros|Body Slam|p2a: Tauros\n|-damage|p2a: Tauros|16/100\n|move|p2a: Tauros|Blizzard|p1a: Tauros\n|-crit|p1a: Tauros\n|-damage|p1a: Tauros|46/100\n|\n|upkeep\n|turn|48\n|inactive|Serpi n_n has 60 seconds left.\n|\n|t:|1738511351\n|move|p1a: Tauros|Body Slam|p2a: Tauros\n|-damage|p2a: Tauros|0 fnt\n|faint|p2a: Tauros\n|\n|t:|1738511356\n|switch|p2a: Rhydon|Rhydon|100/100\n|turn|49\n|inactive|Serpi n_n has 60 seconds left.\n|inactive|Serpi n_n has 30 seconds left.\n|inactive|Serpi n_n has 20 seconds left.\n|inactive|Serpi n_n has 15 seconds left.\n|\n|t:|1738511419\n|move|p1a: Tauros|Blizzard|p2a: Rhydon\n|-supereffective|p2a: Rhydon\n|-damage|p2a: Rhydon|44/100\n|move|p2a: Rhydon|Earthquake|p1a: Tauros\n|-damage|p1a: Tauros|6/100\n|\n|upkeep\n|turn|50\n|inactive|Serpi n_n has 25 seconds left this turn.\n|\n|t:|1738511425\n|move|p1a: Tauros|Blizzard|p2a: Rhydon\n|-supereffective|p2a: Rhydon\n|-damage|p2a: Rhydon|0 fnt\n|faint|p2a: Rhydon\n|inactive|Serpi n_n has 30 seconds left this turn.\n|\n|t:|1738511427\n|switch|p2a: Exeggutor|Exeggutor|27/100\n|turn|51\n|\n|t:|1738511432\n|move|p1a: Tauros|Body Slam|p2a: Exeggutor\n|-damage|p2a: Exeggutor|0 fnt\n|faint|p2a: Exeggutor\n|\n|win|Serpi n_n\n|c|☆genesis7|GGS\n|c|☆Serpi n_n|ggs\n|c|☆Serpi n_n|sry for luck\n|player|p2|\n","uploadtime":1738511432,"views":"1964","formatid":"gen1ou","rating":null,"private":0,"password":null}