{"id":"smogtours-gen1ou-958035","format":"[Gen 1] OU","players":["LNumbers","Girls See Ghosts"],"log":"|inactive|Battle timer is ON: inactive players will automatically lose when time's up.\n|t:|1784655524\n|gametype|singles\n|player|p1|LNumbers|#rbywc2026|\n|player|p2|Girls See Ghosts|#adpl9|\n|gen|1\n|tier|[Gen 1] OU\n|rule|Desync Clause Mod: Desyncs resolve to link battle behavior from the acting player's perspective.\n|rule|HP Percentage Mod: HP is shown in percentages\n|rule|Endless Battle Clause: Forcing endless battles is banned\n|rule|Sleep Clause Mod: Limit one foe put to sleep\n|rule|Freeze Clause Mod: Limit one foe frozen\n|rule|Species Clause: Limit one of each Pokémon\n|rule|OHKO Clause: OHKO moves are banned\n|rule|Evasion Moves Clause: Evasion moves are banned\n|\n|t:|1784655524\n|teamsize|p1|6\n|teamsize|p2|6\n|start\n|switch|p1a: Jynx|Jynx|100/100\n|switch|p2a: Tauros|Tauros|100/100\n|turn|1\n|c|☆Girls See Ghosts|glhf\n|c|☆LNumbers|hf\n|inactive|LNumbers has 270 seconds left.\n|\n|t:|1784655581\n|move|p2a: Tauros|Body Slam|p1a: Jynx\n|-damage|p1a: Jynx|48/100\n|move|p1a: Jynx|Lovely Kiss|p2a: Tauros\n|-status|p2a: Tauros|slp|[from] move: Lovely Kiss\n|\n|upkeep\n|turn|2\n|\n|t:|1784655604\n|switch|p2a: Jynx|Jynx|100/100\n|move|p1a: Jynx|Blizzard|p2a: Jynx\n|-resisted|p2a: Jynx\n|-damage|p2a: Jynx|79/100\n|\n|upkeep\n|turn|3\n|inactive|LNumbers has 270 seconds left.\n|\n|t:|1784655647\n|move|p1a: Jynx|Psychic|p2a: Jynx\n|-resisted|p2a: Jynx\n|-damage|p2a: Jynx|62/100\n|-unboost|p2a: Jynx|spa|1\n|-unboost|p2a: Jynx|spd|1\n|move|p2a: Jynx|Psychic|p1a: Jynx\n|-resisted|p1a: Jynx\n|-damage|p1a: Jynx|38/100\n|-unboost|p1a: Jynx|spa|1\n|-unboost|p1a: Jynx|spd|1\n|\n|upkeep\n|turn|4\n|\n|t:|1784655673\n|switch|p2a: Snorlax|Snorlax|100/100\n|move|p1a: Jynx|Rest|p1a: Jynx\n|-status|p1a: Jynx|slp|[from] move: Rest\n|-heal|p1a: Jynx|100/100 slp|[silent]\n|\n|upkeep\n|turn|5\n|inactive|LNumbers has 240 seconds left.\n|inactive|LNumbers has 210 seconds left.\n|inactive|LNumbers has 180 seconds left.\n|\n|t:|1784655751\n|switch|p1a: Snorlax|Snorlax|100/100\n|move|p2a: Snorlax|Body Slam|p1a: Snorlax\n|-damage|p1a: Snorlax|73/100\n|\n|upkeep\n|turn|6\n|inactive|LNumbers has 180 seconds left.\n|\n|t:|1784655767\n|move|p1a: Snorlax|Reflect|p1a: Snorlax\n|-start|p1a: Snorlax|Reflect\n|move|p2a: Snorlax|Body Slam|p1a: Snorlax\n|-damage|p1a: Snorlax|59/100\n|\n|upkeep\n|turn|7\n|\n|t:|1784655770\n|move|p2a: Snorlax|Reflect|p2a: Snorlax\n|-start|p2a: Snorlax|Reflect\n|move|p1a: Snorlax|Body Slam|p2a: Snorlax\n|-damage|p2a: Snorlax|88/100\n|\n|upkeep\n|turn|8\n|\n|t:|1784655776\n|move|p2a: Snorlax|Body Slam|p1a: Snorlax\n|-damage|p1a: Snorlax|45/100\n|move|p1a: Snorlax|Ice Beam|p2a: Snorlax\n|-damage|p2a: Snorlax|74/100\n|-status|p2a: Snorlax|frz\n|\n|upkeep\n|turn|9\n|\n|t:|1784655784\n|switch|p2a: Chansey|Chansey|100/100\n|move|p1a: Snorlax|Body Slam|p2a: Chansey\n|-damage|p2a: Chansey|58/100\n|\n|upkeep\n|turn|10\n|inactive|LNumbers has 210 seconds left.\n|\n|t:|1784655790\n|move|p2a: Chansey|Soft-Boiled|p2a: Chansey\n|-heal|p2a: Chansey|100/100\n|move|p1a: Snorlax|Self-Destruct|p2a: Chansey\n|-damage|p2a: Chansey|0 fnt\n|faint|p2a: Chansey\n|faint|p1a: Snorlax\n|inactive|LNumbers has 210 seconds left.\n|inactive|LNumbers has 180 seconds left.\n|inactive|LNumbers has 150 seconds left.\n|\n|t:|1784655870\n|switch|p2a: Starmie|Starmie|100/100\n|switch|p1a: Tauros|Tauros|100/100\n|turn|11\n|inactive|LNumbers has 120 seconds left.\n|\n|t:|1784655899\n|switch|p1a: Jynx|Jynx|100/100 slp\n|move|p2a: Starmie|Blizzard|p1a: Jynx\n|-resisted|p1a: Jynx\n|-damage|p1a: Jynx|87/100 slp\n|\n|upkeep\n|turn|12\n|\n|t:|1784655907\n|switch|p2a: Jynx|Jynx|62/100\n|cant|p1a: Jynx|slp\n|\n|upkeep\n|turn|13\n|inactive|LNumbers has 120 seconds left.\n|\n|t:|1784655943\n|switch|p1a: Exeggutor|Exeggutor|100/100\n|move|p2a: Jynx|Lovely Kiss|p1a: Exeggutor\n|-status|p1a: Exeggutor|slp|[from] move: Lovely Kiss\n|\n|upkeep\n|turn|14\n|\n|t:|1784655952\n|switch|p2a: Rhydon|Rhydon|100/100\n|switch|p1a: Jynx|Jynx|87/100 slp\n|\n|upkeep\n|turn|15\n|\n|t:|1784655968\n|switch|p1a: Tauros|Tauros|100/100\n|move|p2a: Rhydon|Rock Slide|p1a: Tauros\n|-damage|p1a: Tauros|70/100\n|\n|upkeep\n|turn|16\n|\n|t:|1784655980\n|switch|p2a: Snorlax|Snorlax|74/100 frz\n|move|p1a: Tauros|Earthquake|p2a: Snorlax\n|-damage|p2a: Snorlax|55/100 frz\n|\n|upkeep\n|turn|17\n|\n|t:|1784655983\n|move|p1a: Tauros|Body Slam|p2a: Snorlax\n|-damage|p2a: Snorlax|30/100 frz\n|cant|p2a: Snorlax|frz\n|\n|upkeep\n|turn|18\n|\n|t:|1784655986\n|move|p1a: Tauros|Body Slam|p2a: Snorlax\n|-crit|p2a: Snorlax\n|-damage|p2a: Snorlax|0 fnt\n|faint|p2a: Snorlax\n|\n|t:|1784655989\n|switch|p2a: Starmie|Starmie|100/100\n|turn|19\n|\n|t:|1784656013\n|move|p2a: Starmie|Thunder Wave|p1a: Tauros\n|-status|p1a: Tauros|par\n|move|p1a: Tauros|Body Slam|p2a: Starmie\n|-crit|p2a: Starmie\n|-damage|p2a: Starmie|33/100\n|\n|upkeep\n|turn|20\n|\n|t:|1784656018\n|move|p2a: Starmie|Recover|p2a: Starmie\n|-heal|p2a: Starmie|83/100\n|cant|p1a: Tauros|par\n|\n|upkeep\n|turn|21\n|\n|t:|1784656023\n|move|p2a: Starmie|Thunderbolt|p1a: Tauros\n|-damage|p1a: Tauros|42/100 par\n|move|p1a: Tauros|Body Slam|p2a: Starmie\n|-damage|p2a: Starmie|50/100\n|-status|p2a: Starmie|par\n|\n|upkeep\n|turn|22\n|inactive|LNumbers has 150 seconds left.\n|\n|t:|1784656032\n|move|p2a: Starmie|Recover|p2a: Starmie\n|-heal|p2a: Starmie|99/100 par\n|cant|p1a: Tauros|par\n|\n|upkeep\n|turn|23\n|inactive|LNumbers has 150 seconds left.\n|\n|t:|1784656053\n|move|p2a: Starmie|Thunderbolt|p1a: Tauros\n|-damage|p1a: Tauros|16/100 par\n|move|p1a: Tauros|Rest|p1a: Tauros\n|-status|p1a: Tauros|slp|[from] move: Rest\n|-heal|p1a: Tauros|100/100 slp|[silent]\n|\n|upkeep\n|turn|24\n|\n|t:|1784656064\n|cant|p2a: Starmie|par\n|cant|p1a: Tauros|slp\n|\n|upkeep\n|turn|25\n|\n|t:|1784656071\n|cant|p2a: Starmie|par\n|-curestatus|p1a: Tauros|slp|[msg]\n|\n|upkeep\n|turn|26\n|\n|t:|1784656075\n|switch|p1a: Jynx|Jynx|87/100 slp\n|move|p2a: Starmie|Thunder Wave|p1a: Jynx\n|-fail|p1a: Jynx\n|\n|upkeep\n|turn|27\n|\n|t:|1784656083\n|-curestatus|p1a: Jynx|slp|[msg]\n|move|p2a: Starmie|Thunderbolt|p1a: Jynx\n|-damage|p1a: Jynx|66/100\n|\n|upkeep\n|turn|28\n|\n|t:|1784656094\n|move|p1a: Jynx|Psychic|p2a: Starmie\n|-resisted|p2a: Starmie\n|-damage|p2a: Starmie|84/100 par\n|move|p2a: Starmie|Thunder Wave|p1a: Jynx\n|-status|p1a: Jynx|par\n|\n|upkeep\n|turn|29\n|\n|t:|1784656097\n|move|p2a: Starmie|Thunderbolt|p1a: Jynx\n|-damage|p1a: Jynx|44/100 par\n|move|p1a: Jynx|Psychic|p2a: Starmie\n|-resisted|p2a: Starmie\n|-damage|p2a: Starmie|69/100 par\n|\n|upkeep\n|turn|30\n|\n|t:|1784656103\n|move|p2a: Starmie|Recover|p2a: Starmie\n|-heal|p2a: Starmie|100/100 par\n|move|p1a: Jynx|Psychic|p2a: Starmie\n|-resisted|p2a: Starmie\n|-damage|p2a: Starmie|86/100 par\n|\n|upkeep\n|turn|31\n|\n|t:|1784656108\n|cant|p2a: Starmie|par\n|move|p1a: Jynx|Psychic|p2a: Starmie\n|-resisted|p2a: Starmie\n|-damage|p2a: Starmie|69/100 par\n|\n|upkeep\n|turn|32\n|\n|t:|1784656113\n|cant|p2a: Starmie|par\n|cant|p1a: Jynx|par\n|\n|upkeep\n|turn|33\n|\n|t:|1784656115\n|move|p2a: Starmie|Recover|p2a: Starmie\n|-heal|p2a: Starmie|100/100 par\n|cant|p1a: Jynx|par\n|\n|upkeep\n|turn|34\n|\n|t:|1784656123\n|move|p2a: Starmie|Thunderbolt|p1a: Jynx\n|-crit|p1a: Jynx\n|-damage|p1a: Jynx|2/100 par\n|move|p1a: Jynx|Psychic|p2a: Starmie\n|-resisted|p2a: Starmie\n|-damage|p2a: Starmie|86/100 par\n|\n|upkeep\n|turn|35\n|inactive|LNumbers has 210 seconds left.\n|\n|t:|1784656139\n|switch|p1a: Zapdos|Zapdos|100/100\n|move|p2a: Starmie|Thunderbolt|p1a: Zapdos\n|-damage|p1a: Zapdos|84/100\n|\n|upkeep\n|turn|36\n|inactive|LNumbers has 210 seconds left.\n|inactive|LNumbers has 180 seconds left.\n|inactive|LNumbers has 150 seconds left.\n|inactive|LNumbers has 120 seconds left.\n|\n|t:|1784656253\n|switch|p1a: Tauros|Tauros|100/100\n|switch|p2a: Rhydon|Rhydon|100/100\n|\n|upkeep\n|turn|37\n|inactive|Girls See Ghosts has 270 seconds left.\n|inactive|Girls See Ghosts has 240 seconds left.\n|\n|t:|1784656307\n|move|p1a: Tauros|Earthquake|p2a: Rhydon\n|-supereffective|p2a: Rhydon\n|-damage|p2a: Rhydon|66/100\n|move|p2a: Rhydon|Earthquake|p1a: Tauros\n|-damage|p1a: Tauros|62/100\n|\n|upkeep\n|turn|38\n|inactive|LNumbers has 120 seconds left.\n|\n|t:|1784656314\n|switch|p2a: Tauros|Tauros|100/100 slp\n|move|p1a: Tauros|Earthquake|p2a: Tauros\n|-crit|p2a: Tauros\n|-damage|p2a: Tauros|53/100 slp\n|\n|upkeep\n|turn|39\n|\n|t:|1784656316\n|cant|p2a: Tauros|slp\n|move|p1a: Tauros|Body Slam|p2a: Tauros\n|-damage|p2a: Tauros|22/100 slp\n|\n|upkeep\n|turn|40\n|\n|t:|1784656319\n|move|p1a: Tauros|Body Slam|p2a: Tauros\n|-damage|p2a: Tauros|0 fnt\n|faint|p2a: Tauros\n|\n|t:|1784656320\n|switch|p2a: Starmie|Starmie|86/100 par\n|turn|41\n|inactive|LNumbers has 150 seconds left.\n|inactive|LNumbers has 120 seconds left.\n|inactive|LNumbers has 90 seconds left.\n|inactive|LNumbers has 60 seconds left.\n|\n|t:|1784656438\n|switch|p1a: Jynx|Jynx|2/100 par\n|cant|p2a: Starmie|par\n|\n|upkeep\n|turn|42\n|\n|t:|1784656446\n|switch|p1a: Zapdos|Zapdos|84/100\n|move|p2a: Starmie|Thunderbolt|p1a: Zapdos\n|-damage|p1a: Zapdos|67/100\n|\n|upkeep\n|turn|43\n|\n|t:|1784656465\n|move|p1a: Zapdos|Thunderbolt|p2a: Starmie\n|-supereffective|p2a: Starmie\n|-damage|p2a: Starmie|10/100 par\n|move|p2a: Starmie|Thunder Wave|p1a: Zapdos\n|-status|p1a: Zapdos|par\n|\n|upkeep\n|turn|44\n|\n|t:|1784656472\n|move|p2a: Starmie|Recover|p2a: Starmie\n|-heal|p2a: Starmie|60/100 par\n|move|p1a: Zapdos|Thunderbolt|p2a: Starmie\n|-supereffective|p2a: Starmie\n|-damage|p2a: Starmie|0 fnt\n|faint|p2a: Starmie\n|\n|t:|1784656476\n|switch|p2a: Rhydon|Rhydon|66/100\n|turn|45\n|inactive|LNumbers has 60 seconds left.\n|\n|t:|1784656483\n|move|p2a: Rhydon|Substitute|p2a: Rhydon\n|-start|p2a: Rhydon|Substitute\n|-damage|p2a: Rhydon|41/100\n|move|p1a: Zapdos|Drill Peck|p2a: Rhydon\n|-resisted|p2a: Rhydon\n|-activate|p2a: Rhydon|Substitute|[damage]\n|\n|upkeep\n|turn|46\n|\n|t:|1784656485\n|move|p2a: Rhydon|Rock Slide|p1a: Zapdos\n|-supereffective|p1a: Zapdos\n|-damage|p1a: Zapdos|7/100 par\n|move|p1a: Zapdos|Drill Peck|p2a: Rhydon\n|-resisted|p2a: Rhydon\n|-activate|p2a: Rhydon|Substitute|[damage]\n|\n|upkeep\n|turn|47\n|\n|t:|1784656489\n|move|p2a: Rhydon|Body Slam|p1a: Zapdos\n|-crit|p1a: Zapdos\n|-damage|p1a: Zapdos|0 fnt\n|faint|p1a: Zapdos\n|inactive|LNumbers has 60 seconds left.\n|\n|t:|1784656538\n|switch|p1a: Lapras|Lapras|100/100\n|turn|48\n|\n|t:|1784656549\n|move|p1a: Lapras|Blizzard|p2a: Rhydon\n|-supereffective|p2a: Rhydon\n|-end|p2a: Rhydon|Substitute\n|move|p2a: Rhydon|Rock Slide|p1a: Lapras\n|-supereffective|p1a: Lapras\n|-damage|p1a: Lapras|49/100\n|\n|upkeep\n|turn|49\n|\n|t:|1784656566\n|switch|p2a: Jynx|Jynx|62/100\n|move|p1a: Lapras|Blizzard|p2a: Jynx\n|-resisted|p2a: Jynx\n|-damage|p2a: Jynx|42/100\n|\n|upkeep\n|turn|50\n|inactive|LNumbers has 30 seconds left.\n|inactive|LNumbers has 20 seconds left.\n|\n|t:|1784656599\n|switch|p2a: Rhydon|Rhydon|41/100\n|move|p1a: Lapras|Body Slam|p2a: Rhydon\n|-resisted|p2a: Rhydon\n|-damage|p2a: Rhydon|34/100\n|\n|upkeep\n|turn|51\n|inactive|LNumbers has 30 seconds left this turn.\n|\n|t:|1784656604\n|switch|p2a: Jynx|Jynx|42/100\n|move|p1a: Lapras|Blizzard|p2a: Jynx|[miss]\n|-miss|p1a: Lapras\n|\n|upkeep\n|turn|52\n|\n|t:|1784656608\n|switch|p1a: Jynx|Jynx|2/100 par\n|move|p2a: Jynx|Psychic|p1a: Jynx\n|-resisted|p1a: Jynx\n|-damage|p1a: Jynx|0 fnt\n|faint|p1a: Jynx\n|\n|t:|1784656610\n|switch|p1a: Tauros|Tauros|62/100\n|turn|53\n|\n|t:|1784656618\n|move|p1a: Tauros|Body Slam|p2a: Jynx\n|-damage|p2a: Jynx|0 fnt\n|faint|p2a: Jynx\n|\n|t:|1784656621\n|switch|p2a: Rhydon|Rhydon|34/100\n|turn|54\n|\n|t:|1784656624\n|move|p1a: Tauros|Earthquake|p2a: Rhydon\n|-supereffective|p2a: Rhydon\n|-damage|p2a: Rhydon|0 fnt\n|faint|p2a: Rhydon\n|\n|win|LNumbers\n|c|☆Girls See Ghosts|gg\n|c|☆LNumbers|gg\n|player|p2|\n|player|p1|\n|player|p1|LNumbers|#rbywc2026|\n|c|☆LNumbers|/log LNumbers made the replay of this battle unlisted.\n|player|p1|\n","uploadtime":1784656624,"views":"118","formatid":"gen1ou","rating":null,"private":2,"password":null}