{"id":"smogtours-gen1ou-827006","format":"[Gen 1] OU","players":["Kaz","spies rby"],"log":"|inactive|Battle timer is ON: inactive players will automatically lose when time's up.\n|t:|1742764518\n|gametype|singles\n|player|p1|Kaz|#splxviclassiest2|\n|player|p2|spies rby|psychic-gen1rb|\n|teamsize|p1|6\n|teamsize|p2|6\n|gen|1\n|tier|[Gen 1] OU\n|rule|Desync Clause Mod: Desyncs changed to move failure.\n|rule|Sleep Clause Mod: Limit one foe put to sleep\n|rule|Freeze Clause Mod: Limit one foe frozen\n|rule|Species Clause: Limit one of each Pokémon\n|rule|OHKO Clause: OHKO moves are banned\n|rule|Evasion Moves Clause: Evasion moves are banned\n|rule|Endless Battle Clause: Forcing endless battles is banned\n|rule|HP Percentage Mod: HP is shown in percentages\n|\n|t:|1742764518\n|start\n|switch|p1a: Jynx|Jynx|100/100\n|switch|p2a: Alakazam|Alakazam|100/100\n|turn|1\n|rated|Smogon Premier League\n|c|☆spies rby|gl hf.\n|c|☆Kaz|you too\n|\n|t:|1742764540\n|move|p2a: Alakazam|Thunder Wave|p1a: Jynx\n|-status|p1a: Jynx|par\n|cant|p1a: Jynx|par\n|\n|upkeep\n|turn|2\n|\n|t:|1742764547\n|move|p2a: Alakazam|Psychic|p1a: Jynx\n|-resisted|p1a: Jynx\n|-damage|p1a: Jynx|82/100 par\n|move|p1a: Jynx|Lovely Kiss|p2a: Alakazam|[miss]\n|-miss|p1a: Jynx\n|\n|upkeep\n|turn|3\n|\n|t:|1742764553\n|move|p2a: Alakazam|Psychic|p1a: Jynx\n|-resisted|p1a: Jynx\n|-damage|p1a: Jynx|60/100 par\n|move|p1a: Jynx|Lovely Kiss|p2a: Alakazam\n|-status|p2a: Alakazam|slp|[from] move: Lovely Kiss\n|\n|upkeep\n|turn|4\n|\n|t:|1742764562\n|switch|p2a: Chansey|Chansey|100/100\n|move|p1a: Jynx|Blizzard|p2a: Chansey\n|-damage|p2a: Chansey|82/100\n|\n|upkeep\n|turn|5\n|\n|t:|1742764579\n|move|p2a: Chansey|Thunderbolt|p1a: Jynx\n|-crit|p1a: Jynx\n|-damage|p1a: Jynx|14/100 par\n|cant|p1a: Jynx|par\n|\n|upkeep\n|turn|6\n|\n|t:|1742764603\n|switch|p1a: Chansey|Chansey|100/100\n|move|p2a: Chansey|Thunderbolt|p1a: Chansey\n|-damage|p1a: Chansey|91/100\n|\n|upkeep\n|turn|7\n|\n|t:|1742764609\n|switch|p2a: Alakazam|Alakazam|100/100 slp\n|move|p1a: Chansey|Thunder Wave|p2a: Alakazam\n|-fail|p2a: Alakazam\n|\n|upkeep\n|turn|8\n|inactive|Kaz has 270 seconds left.\n|\n|t:|1742764651\n|switch|p1a: Starmie|Starmie|100/100\n|cant|p2a: Alakazam|slp\n|\n|upkeep\n|turn|9\n|inactive|Kaz has 270 seconds left.\n|\n|t:|1742764670\n|switch|p2a: Chansey|Chansey|82/100\n|move|p1a: Starmie|Surf|p2a: Chansey\n|-damage|p2a: Chansey|66/100\n|\n|upkeep\n|turn|10\n|\n|t:|1742764679\n|move|p1a: Starmie|Thunder Wave|p2a: Chansey\n|-status|p2a: Chansey|par\n|cant|p2a: Chansey|par\n|\n|upkeep\n|turn|11\n|\n|t:|1742764687\n|switch|p1a: Snorlax|Snorlax|100/100\n|cant|p2a: Chansey|par\n|\n|upkeep\n|turn|12\n|\n|t:|1742764693\n|switch|p2a: Snorlax|Snorlax|100/100\n|move|p1a: Snorlax|Body Slam|p2a: Snorlax\n|-damage|p2a: Snorlax|72/100\n|\n|upkeep\n|turn|13\n|\n|t:|1742764700\n|move|p2a: Snorlax|Reflect|p2a: Snorlax\n|-start|p2a: Snorlax|Reflect\n|move|p1a: Snorlax|Earthquake|p2a: Snorlax\n|-damage|p2a: Snorlax|62/100\n|\n|upkeep\n|turn|14\n|\n|t:|1742764727\n|switch|p1a: Starmie|Starmie|100/100\n|move|p2a: Snorlax|Body Slam|p1a: Starmie\n|-damage|p1a: Starmie|65/100\n|\n|upkeep\n|turn|15\n|\n|t:|1742764744\n|switch|p2a: Exeggutor|Exeggutor|100/100\n|move|p1a: Starmie|Surf|p2a: Exeggutor\n|-resisted|p2a: Exeggutor\n|-damage|p2a: Exeggutor|89/100\n|\n|upkeep\n|turn|16\n|inactive|Kaz has 270 seconds left.\n|\n|t:|1742764771\n|move|p1a: Starmie|Thunder Wave|p2a: Exeggutor\n|-status|p2a: Exeggutor|par\n|cant|p2a: Exeggutor|par\n|\n|upkeep\n|turn|17\n|inactive|Kaz has 270 seconds left.\n|\n|t:|1742764784\n|move|p1a: Starmie|Blizzard|p2a: Exeggutor\n|-supereffective|p2a: Exeggutor\n|-damage|p2a: Exeggutor|49/100 par\n|move|p2a: Exeggutor|Psychic|p1a: Starmie\n|-resisted|p1a: Starmie\n|-damage|p1a: Starmie|46/100\n|-unboost|p1a: Starmie|spa|1\n|-unboost|p1a: Starmie|spd|1\n|\n|upkeep\n|turn|18\n|inactive|Kaz has 270 seconds left.\n|\n|t:|1742764793\n|switch|p1a: Jynx|Jynx|14/100 par\n|cant|p2a: Exeggutor|par\n|\n|upkeep\n|turn|19\n|inactive|Kaz has 270 seconds left.\n|inactive|Kaz has 240 seconds left.\n|\n|t:|1742764846\n|switch|p1a: Tauros|Tauros|100/100\n|switch|p2a: Chansey|Chansey|66/100 par\n|\n|upkeep\n|turn|20\n|inactive|spies rby has 270 seconds left.\n|inactive|Kaz has 210 seconds left.\n|inactive|spies rby has 240 seconds left.\n|\n|t:|1742764908\n|switch|p2a: Alakazam|Alakazam|100/100 slp\n|move|p1a: Tauros|Hyper Beam|p2a: Alakazam\n|-damage|p2a: Alakazam|12/100 slp\n|-mustrecharge|p1a: Tauros\n|\n|upkeep\n|turn|21\n|inactive|spies rby has 240 seconds left.\n|\n|t:|1742764916\n|switch|p2a: Tauros|Tauros|100/100\n|cant|p1a: Tauros|recharge\n|\n|upkeep\n|turn|22\n|inactive|Kaz has 180 seconds left.\n|inactive|spies rby has 240 seconds left.\n|\n|t:|1742764959\n|move|p2a: Tauros|Body Slam|p1a: Tauros\n|-damage|p1a: Tauros|72/100\n|move|p1a: Tauros|Body Slam|p2a: Tauros\n|-damage|p2a: Tauros|72/100\n|\n|upkeep\n|turn|23\n|\n|t:|1742764972\n|move|p2a: Tauros|Body Slam|p1a: Tauros\n|-crit|p1a: Tauros\n|-damage|p1a: Tauros|17/100\n|move|p1a: Tauros|Body Slam|p2a: Tauros\n|-damage|p2a: Tauros|42/100\n|\n|upkeep\n|turn|24\n|inactive|spies rby has 240 seconds left.\n|inactive|Kaz has 150 seconds left.\n|\n|t:|1742765017\n|switch|p1a: Jynx|Jynx|14/100 par\n|move|p2a: Tauros|Body Slam|p1a: Jynx\n|-damage|p1a: Jynx|0 fnt\n|faint|p1a: Jynx\n|\n|t:|1742765022\n|switch|p1a: Snorlax|Snorlax|100/100\n|turn|25\n|inactive|spies rby has 240 seconds left.\n|inactive|spies rby has 210 seconds left.\n|\n|t:|1742765082\n|switch|p2a: Rhydon|Rhydon|100/100\n|move|p1a: Snorlax|Body Slam|p2a: Rhydon\n|-resisted|p2a: Rhydon\n|-damage|p2a: Rhydon|88/100\n|\n|upkeep\n|turn|26\n|inactive|Kaz has 150 seconds left.\n|inactive|spies rby has 180 seconds left.\n|inactive|spies rby has 150 seconds left.\n|\n|t:|1742765135\n|move|p2a: Rhydon|Earthquake|p1a: Snorlax\n|-damage|p1a: Snorlax|65/100\n|move|p1a: Snorlax|Earthquake|p2a: Rhydon\n|-supereffective|p2a: Rhydon\n|-damage|p2a: Rhydon|54/100\n|\n|upkeep\n|turn|27\n|\n|t:|1742765143\n|switch|p1a: Chansey|Chansey|91/100\n|move|p2a: Rhydon|Earthquake|p1a: Chansey\n|-damage|p1a: Chansey|40/100\n|\n|upkeep\n|turn|28\n|inactive|Kaz has 120 seconds left.\n|\n|t:|1742765174\n|switch|p2a: Chansey|Chansey|66/100 par\n|move|p1a: Chansey|Soft-Boiled|p1a: Chansey\n|-heal|p1a: Chansey|90/100\n|\n|upkeep\n|turn|29\n|inactive|Kaz has 120 seconds left.\n|inactive|spies rby has 150 seconds left.\n|inactive|spies rby has 120 seconds left.\n|\n|t:|1742765231\n|switch|p1a: Snorlax|Snorlax|65/100\n|move|p2a: Chansey|Thunder Wave|p1a: Snorlax\n|-status|p1a: Snorlax|par\n|\n|upkeep\n|turn|30\n|inactive|Kaz has 120 seconds left.\n|inactive|spies rby has 90 seconds left.\n|\n|t:|1742765266\n|switch|p2a: Snorlax|Snorlax|62/100\n|cant|p1a: Snorlax|par\n|\n|upkeep\n|turn|31\n|inactive|spies rby has 90 seconds left.\n|inactive|Kaz has 90 seconds left.\n|inactive|spies rby has 60 seconds left.\n|inactive|Kaz has 60 seconds left.\n|\n|t:|1742765333\n|switch|p2a: Rhydon|Rhydon|54/100\n|switch|p1a: Chansey|Chansey|90/100\n|\n|upkeep\n|turn|32\n|inactive|Kaz has 60 seconds left.\n|inactive|spies rby has 60 seconds left.\n|\n|t:|1742765350\n|switch|p2a: Chansey|Chansey|66/100 par\n|move|p1a: Chansey|Ice Beam|p2a: Chansey\n|-damage|p2a: Chansey|55/100 par\n|\n|upkeep\n|turn|33\n|inactive|Kaz has 60 seconds left.\n|\n|t:|1742765361\n|switch|p1a: Snorlax|Snorlax|65/100 par\n|cant|p2a: Chansey|par\n|\n|upkeep\n|turn|34\n|\n|t:|1742765375\n|switch|p2a: Exeggutor|Exeggutor|49/100 par\n|cant|p1a: Snorlax|par\n|\n|upkeep\n|turn|35\n|\n|t:|1742765388\n|cant|p2a: Exeggutor|par\n|move|p1a: Snorlax|Body Slam|p2a: Exeggutor\n|-damage|p2a: Exeggutor|19/100 par\n|\n|upkeep\n|turn|36\n|inactive|Kaz has 60 seconds left.\n|\n|t:|1742765412\n|switch|p1a: Rhydon|Rhydon|100/100\n|cant|p2a: Exeggutor|par\n|\n|upkeep\n|turn|37\n|inactive|Kaz has 60 seconds left.\n|inactive|spies rby has 60 seconds left.\n|\n|t:|1742765455\n|switch|p2a: Alakazam|Alakazam|12/100 slp\n|move|p1a: Rhydon|Body Slam|p2a: Alakazam\n|-damage|p2a: Alakazam|0 fnt\n|faint|p2a: Alakazam\n|inactive|spies rby has 30 seconds left.\n|inactive|spies rby has 20 seconds left.\n|\n|t:|1742765478\n|switch|p2a: Rhydon|Rhydon|54/100\n|turn|38\n|inactive|spies rby has 30 seconds left this turn.\n|\n|t:|1742765483\n|move|p1a: Rhydon|Earthquake|p2a: Rhydon\n|-supereffective|p2a: Rhydon\n|-damage|p2a: Rhydon|0 fnt\n|faint|p2a: Rhydon\n|inactive|spies rby has 30 seconds left.\n|\n|t:|1742765489\n|switch|p2a: Tauros|Tauros|42/100\n|turn|39\n|inactive|Kaz has 60 seconds left.\n|inactive|Kaz has 30 seconds left.\n|\n|t:|1742765529\n|switch|p1a: Starmie|Starmie|46/100\n|move|p2a: Tauros|Blizzard|p1a: Starmie\n|-resisted|p1a: Starmie\n|-damage|p1a: Starmie|33/100\n|\n|upkeep\n|turn|40\n|inactive|Kaz has 30 seconds left.\n|\n|t:|1742765541\n|switch|p2a: Chansey|Chansey|55/100 par\n|move|p1a: Starmie|Surf|p2a: Chansey\n|-damage|p2a: Chansey|38/100 par\n|\n|upkeep\n|turn|41\n|inactive|Kaz has 30 seconds left.\n|\n|t:|1742765557\n|switch|p1a: Rhydon|Rhydon|100/100\n|move|p2a: Chansey|Soft-Boiled|p2a: Chansey\n|-heal|p2a: Chansey|88/100 par\n|\n|upkeep\n|turn|42\n|\n|t:|1742765573\n|move|p1a: Rhydon|Earthquake|p2a: Chansey\n|-damage|p2a: Chansey|32/100 par\n|move|p2a: Chansey|Ice Beam|p1a: Rhydon\n|-crit|p1a: Rhydon\n|-supereffective|p1a: Rhydon\n|-damage|p1a: Rhydon|0 fnt\n|faint|p1a: Rhydon\n|\n|t:|1742765581\n|switch|p1a: Tauros|Tauros|17/100\n|turn|43\n|\n|t:|1742765595\n|switch|p2a: Exeggutor|Exeggutor|19/100 par\n|move|p1a: Tauros|Body Slam|p2a: Exeggutor\n|-damage|p2a: Exeggutor|0 fnt\n|faint|p2a: Exeggutor\n|\n|t:|1742765603\n|switch|p2a: Snorlax|Snorlax|62/100\n|turn|44\n|inactive|Kaz has 30 seconds left.\n|\n|t:|1742765646\n|move|p1a: Tauros|Hyper Beam|p2a: Snorlax\n|-damage|p2a: Snorlax|16/100\n|-mustrecharge|p1a: Tauros\n|move|p2a: Snorlax|Body Slam|p1a: Tauros\n|-damage|p1a: Tauros|0 fnt\n|faint|p1a: Tauros\n|inactive|Kaz has 30 seconds left this turn.\n|inactive|Kaz has 20 seconds left.\n|\n|t:|1742765656\n|switch|p1a: Starmie|Starmie|33/100\n|turn|45\n|inactive|Kaz has 30 seconds left this turn.\n|inactive|spies rby has 30 seconds left.\n|inactive|spies rby has 20 seconds left.\n|\n|t:|1742765696\n|move|p1a: Starmie|Surf|p2a: Snorlax\n|-damage|p2a: Snorlax|0 fnt\n|faint|p2a: Snorlax\n|inactive|spies rby has 25 seconds left this turn.\n|\n|t:|1742765698\n|switch|p2a: Chansey|Chansey|32/100 par\n|turn|46\n|inactive|spies rby has 30 seconds left.\n|\n|t:|1742765711\n|move|p1a: Starmie|Recover|p1a: Starmie\n|-heal|p1a: Starmie|83/100\n|cant|p2a: Chansey|par\n|\n|upkeep\n|turn|47\n|\n|t:|1742765715\n|switch|p1a: Snorlax|Snorlax|65/100 par\n|cant|p2a: Chansey|par\n|\n|upkeep\n|turn|48\n|\n|t:|1742765729\n|move|p2a: Chansey|Soft-Boiled|p2a: Chansey\n|-heal|p2a: Chansey|81/100 par\n|move|p1a: Snorlax|Body Slam|p2a: Chansey\n|-damage|p2a: Chansey|43/100 par\n|\n|upkeep\n|turn|49\n|inactive|Kaz has 60 seconds left.\n|inactive|spies rby has 30 seconds left.\n|\n|t:|1742765748\n|switch|p2a: Tauros|Tauros|42/100\n|move|p1a: Snorlax|Body Slam|p2a: Tauros\n|-damage|p2a: Tauros|9/100\n|\n|upkeep\n|turn|50\n|inactive|spies rby has 30 seconds left.\n|inactive|Kaz has 60 seconds left.\n|\n|t:|1742765765\n|switch|p1a: Chansey|Chansey|90/100\n|move|p2a: Tauros|Body Slam|p1a: Chansey\n|-damage|p1a: Chansey|48/100\n|\n|upkeep\n|turn|51\n|inactive|spies rby has 30 seconds left.\n|inactive|Kaz has 60 seconds left.\n|inactive|spies rby has 20 seconds left.\n|\n|t:|1742765781\n|move|p2a: Tauros|Body Slam|p1a: Chansey\n|-damage|p1a: Chansey|12/100\n|move|p1a: Chansey|Ice Beam|p2a: Tauros\n|-damage|p2a: Tauros|0 fnt\n|faint|p2a: Tauros\n|inactive|spies rby has 25 seconds left this turn.\n|inactive|spies rby has 20 seconds left.\n|\n|t:|1742765787\n|switch|p2a: Chansey|Chansey|43/100 par\n|turn|52\n|inactive|spies rby has 30 seconds left this turn.\n|\n|t:|1742765790\n|move|p1a: Chansey|Soft-Boiled|p1a: Chansey\n|-heal|p1a: Chansey|62/100\n|move|p2a: Chansey|Soft-Boiled|p2a: Chansey\n|-heal|p2a: Chansey|93/100 par\n|\n|upkeep\n|turn|53\n|\n|t:|1742765793\n|move|p1a: Chansey|Soft-Boiled|p1a: Chansey\n|-heal|p1a: Chansey|100/100\n|move|p2a: Chansey|Ice Beam|p1a: Chansey\n|-damage|p1a: Chansey|91/100\n|\n|upkeep\n|turn|54\n|\n|t:|1742765796\n|move|p1a: Chansey|Thunderbolt|p2a: Chansey\n|-damage|p2a: Chansey|82/100 par\n|move|p2a: Chansey|Ice Beam|p1a: Chansey\n|-damage|p1a: Chansey|80/100\n|-status|p1a: Chansey|frz\n|\n|upkeep\n|turn|55\n|\n|t:|1742765801\n|cant|p1a: Chansey|frz\n|move|p2a: Chansey|Thunderbolt|p1a: Chansey\n|-damage|p1a: Chansey|70/100 frz\n|\n|upkeep\n|turn|56\n|\n|t:|1742765804\n|cant|p1a: Chansey|frz\n|move|p2a: Chansey|Ice Beam|p1a: Chansey\n|-damage|p1a: Chansey|59/100 frz\n|\n|upkeep\n|turn|57\n|\n|t:|1742765808\n|cant|p1a: Chansey|frz\n|move|p2a: Chansey|Soft-Boiled|p2a: Chansey\n|-heal|p2a: Chansey|100/100 par\n|\n|upkeep\n|turn|58\n|\n|t:|1742765811\n|cant|p1a: Chansey|frz\n|cant|p2a: Chansey|par\n|\n|upkeep\n|turn|59\n|\n|t:|1742765814\n|cant|p1a: Chansey|frz\n|move|p2a: Chansey|Ice Beam|p1a: Chansey\n|-damage|p1a: Chansey|48/100 frz\n|\n|upkeep\n|turn|60\n|\n|t:|1742765817\n|cant|p1a: Chansey|frz\n|move|p2a: Chansey|Ice Beam|p1a: Chansey\n|-damage|p1a: Chansey|38/100 frz\n|\n|upkeep\n|turn|61\n|\n|t:|1742765822\n|cant|p1a: Chansey|frz\n|move|p2a: Chansey|Ice Beam|p1a: Chansey\n|-damage|p1a: Chansey|27/100 frz\n|\n|upkeep\n|turn|62\n|inactive|spies rby has 120 seconds left.\n|\n|t:|1742765831\n|cant|p1a: Chansey|frz\n|move|p2a: Chansey|Ice Beam|p1a: Chansey\n|-damage|p1a: Chansey|16/100 frz\n|\n|upkeep\n|turn|63\n|\n|t:|1742765835\n|cant|p1a: Chansey|frz\n|move|p2a: Chansey|Ice Beam|p1a: Chansey\n|-damage|p1a: Chansey|5/100 frz\n|\n|upkeep\n|turn|64\n|\n|t:|1742765838\n|cant|p1a: Chansey|frz\n|move|p2a: Chansey|Ice Beam|p1a: Chansey\n|-damage|p1a: Chansey|0 fnt\n|faint|p1a: Chansey\n|\n|t:|1742765841\n|switch|p1a: Snorlax|Snorlax|65/100 par\n|turn|65\n|inactive|spies rby has 150 seconds left.\n|\n|t:|1742765848\n|move|p2a: Chansey|Thunderbolt|p1a: Snorlax\n|-damage|p1a: Snorlax|46/100 par\n|move|p1a: Snorlax|Self-Destruct|p2a: Chansey\n|-damage|p2a: Chansey|0 fnt\n|faint|p2a: Chansey\n|faint|p1a: Snorlax\n|\n|win|Kaz\n|c|☆spies rby|ggs\n|c|☆Kaz|gg\n|player|p1|\n","uploadtime":1742765848,"views":"1673","formatid":"gen1ou","rating":null,"private":0,"password":null}