{"id":"smogtours-gen1ou-814528","format":"[Gen 1] OU","players":["nicole7735","spies (psychic)"],"log":"|inactive|Battle timer is ON: inactive players will automatically lose when time's up.\n|t:|1737168344\n|gametype|singles\n|player|p1|nicole7735|#splxvisharks2|\n|player|p2|spies (psychic)|psychic-gen1rb|\n|teamsize|p1|6\n|teamsize|p2|6\n|gen|1\n|tier|[Gen 1] OU\n|rule|Desync Clause Mod: Desyncs changed to move failure.\n|rule|Sleep Clause Mod: Limit one foe put to sleep\n|rule|Freeze Clause Mod: Limit one foe frozen\n|rule|Species Clause: Limit one of each Pokémon\n|rule|OHKO Clause: OHKO moves are banned\n|rule|Evasion Moves Clause: Evasion moves are banned\n|rule|Endless Battle Clause: Forcing endless battles is banned\n|rule|HP Percentage Mod: HP is shown in percentages\n|\n|t:|1737168344\n|start\n|switch|p1a: Gengar|Gengar|100/100\n|switch|p2a: Gengar|Gengar|100/100\n|turn|1\n|c|☆nicole7735|hf\n|c|☆spies (psychic)|hf\n|rated|Smogon Premier League\n|\n|t:|1737168358\n|move|p1a: Gengar|Psychic|p2a: Gengar\n|-supereffective|p2a: Gengar\n|-damage|p2a: Gengar|57/100\n|-unboost|p2a: Gengar|spa|1\n|-unboost|p2a: Gengar|spd|1\n|move|p2a: Gengar|Psychic|p1a: Gengar\n|-supereffective|p1a: Gengar\n|-damage|p1a: Gengar|70/100\n|\n|upkeep\n|turn|2\n|inactive|spies (psychic) has 270 seconds left.\n|\n|t:|1737168392\n|move|p1a: Gengar|Hypnosis|p2a: Gengar|[miss]\n|-miss|p1a: Gengar\n|move|p2a: Gengar|Hypnosis|p1a: Gengar\n|-status|p1a: Gengar|slp|[from] move: Hypnosis\n|\n|upkeep\n|turn|3\n|\n|t:|1737168404\n|switch|p2a: Starmie|Starmie|100/100\n|switch|p1a: Exeggutor|Exeggutor|100/100\n|\n|upkeep\n|turn|4\n|\n|t:|1737168411\n|move|p2a: Starmie|Thunder Wave|p1a: Exeggutor\n|-status|p1a: Exeggutor|par\n|move|p1a: Exeggutor|Sleep Powder|p2a: Starmie|[miss]\n|-miss|p1a: Exeggutor\n|\n|upkeep\n|turn|5\n|\n|t:|1737168419\n|move|p2a: Starmie|Blizzard|p1a: Exeggutor\n|-supereffective|p1a: Exeggutor\n|-damage|p1a: Exeggutor|60/100 par\n|cant|p1a: Exeggutor|par\n|\n|upkeep\n|turn|6\n|\n|t:|1737168427\n|switch|p1a: Chansey|Chansey|100/100\n|move|p2a: Starmie|Blizzard|p1a: Chansey\n|-crit|p1a: Chansey\n|-damage|p1a: Chansey|74/100\n|\n|upkeep\n|turn|7\n|inactive|nicole7735 has 270 seconds left.\n|\n|t:|1737168464\n|move|p2a: Starmie|Thunder Wave|p1a: Chansey\n|-status|p1a: Chansey|par\n|move|p1a: Chansey|Ice Beam|p2a: Starmie\n|-resisted|p2a: Starmie\n|-damage|p2a: Starmie|89/100\n|\n|upkeep\n|turn|8\n|\n|t:|1737168477\n|move|p2a: Starmie|Psychic|p1a: Chansey\n|-crit|p1a: Chansey\n|-damage|p1a: Chansey|46/100 par\n|move|p1a: Chansey|Thunder Wave|p2a: Starmie\n|-status|p2a: Starmie|par\n|\n|upkeep\n|turn|9\n|inactive|nicole7735 has 270 seconds left.\n|\n|t:|1737168494\n|switch|p2a: Snorlax|Snorlax|100/100\n|cant|p1a: Chansey|par\n|\n|upkeep\n|turn|10\n|inactive|nicole7735 has 270 seconds left.\n|inactive|nicole7735 has 240 seconds left.\n|\n|t:|1737168536\n|switch|p1a: Snorlax|Snorlax|100/100\n|move|p2a: Snorlax|Body Slam|p1a: Snorlax\n|-damage|p1a: Snorlax|75/100\n|\n|upkeep\n|turn|11\n|\n|t:|1737168543\n|switch|p2a: Chansey|Chansey|100/100\n|move|p1a: Snorlax|Body Slam|p2a: Chansey\n|-damage|p2a: Chansey|61/100\n|\n|upkeep\n|turn|12\n|\n|t:|1737168551\n|switch|p1a: Chansey|Chansey|46/100 par\n|move|p2a: Chansey|Soft-Boiled|p2a: Chansey\n|-heal|p2a: Chansey|100/100\n|\n|upkeep\n|turn|13\n|\n|t:|1737168555\n|switch|p2a: Snorlax|Snorlax|100/100\n|move|p1a: Chansey|Thunder Wave|p2a: Snorlax\n|-status|p2a: Snorlax|par\n|\n|upkeep\n|turn|14\n|\n|t:|1737168561\n|switch|p1a: Gengar|Gengar|70/100 slp\n|move|p2a: Snorlax|Body Slam|p1a: Gengar\n|-immune|p1a: Gengar\n|\n|upkeep\n|turn|15\n|\n|t:|1737168570\n|switch|p1a: Snorlax|Snorlax|75/100\n|move|p2a: Snorlax|Body Slam|p1a: Snorlax\n|-damage|p1a: Snorlax|49/100\n|\n|upkeep\n|turn|16\n|\n|t:|1737168575\n|switch|p2a: Gengar|Gengar|57/100\n|move|p1a: Snorlax|Body Slam|p2a: Gengar\n|-immune|p2a: Gengar\n|\n|upkeep\n|turn|17\n|\n|t:|1737168582\n|switch|p2a: Exeggutor|Exeggutor|100/100\n|move|p1a: Snorlax|Rest|p1a: Snorlax\n|-status|p1a: Snorlax|slp|[from] move: Rest\n|-heal|p1a: Snorlax|100/100 slp|[silent]\n|\n|upkeep\n|turn|18\n|\n|t:|1737168589\n|switch|p1a: Exeggutor|Exeggutor|60/100 par\n|move|p2a: Exeggutor|Psychic|p1a: Exeggutor\n|-resisted|p1a: Exeggutor\n|-damage|p1a: Exeggutor|47/100 par\n|\n|upkeep\n|turn|19\n|\n|t:|1737168610\n|switch|p2a: Starmie|Starmie|89/100 par\n|switch|p1a: Chansey|Chansey|46/100 par\n|\n|upkeep\n|turn|20\n|inactive|nicole7735 has 270 seconds left.\n|\n|t:|1737168631\n|switch|p2a: Snorlax|Snorlax|100/100 par\n|move|p1a: Chansey|Soft-Boiled|p1a: Chansey\n|-heal|p1a: Chansey|96/100 par\n|\n|upkeep\n|turn|21\n|inactive|nicole7735 has 270 seconds left.\n|\n|t:|1737168664\n|switch|p1a: Gengar|Gengar|70/100 slp\n|move|p2a: Snorlax|Body Slam|p1a: Gengar\n|-immune|p1a: Gengar\n|\n|upkeep\n|turn|22\n|\n|t:|1737168671\n|switch|p2a: Tauros|Tauros|100/100\n|cant|p1a: Gengar|slp\n|\n|upkeep\n|turn|23\n|\n|t:|1737168690\n|switch|p1a: Starmie|Starmie|100/100\n|move|p2a: Tauros|Body Slam|p1a: Starmie\n|-damage|p1a: Starmie|67/100\n|\n|upkeep\n|turn|24\n|inactive|nicole7735 has 240 seconds left.\n|inactive|nicole7735 has 210 seconds left.\n|inactive|nicole7735 has 180 seconds left.\n|\n|t:|1737168774\n|switch|p2a: Starmie|Starmie|89/100 par\n|move|p1a: Starmie|Thunder Wave|p2a: Starmie\n|-fail|p2a: Starmie|par\n|\n|upkeep\n|turn|25\n|inactive|nicole7735 has 180 seconds left.\n|\n|t:|1737168789\n|switch|p2a: Snorlax|Snorlax|100/100 par\n|move|p1a: Starmie|Thunder Wave|p2a: Snorlax\n|-fail|p2a: Snorlax|par\n|\n|upkeep\n|turn|26\n|inactive|nicole7735 has 180 seconds left.\n|\n|t:|1737168803\n|move|p1a: Starmie|Surf|p2a: Snorlax\n|-damage|p2a: Snorlax|73/100 par\n|move|p2a: Snorlax|Body Slam|p1a: Starmie\n|-damage|p1a: Starmie|33/100\n|\n|upkeep\n|turn|27\n|inactive|nicole7735 has 180 seconds left.\n|\n|t:|1737168823\n|move|p1a: Starmie|Recover|p1a: Starmie\n|-heal|p1a: Starmie|83/100\n|move|p2a: Snorlax|Body Slam|p1a: Starmie\n|-damage|p1a: Starmie|48/100\n|\n|upkeep\n|turn|28\n|inactive|nicole7735 has 180 seconds left.\n|\n|t:|1737168844\n|switch|p1a: Gengar|Gengar|70/100 slp\n|move|p2a: Snorlax|Body Slam|p1a: Gengar\n|-immune|p1a: Gengar\n|\n|upkeep\n|turn|29\n|inactive|nicole7735 has 150 seconds left.\n|inactive|nicole7735 has 120 seconds left.\n|inactive|nicole7735 has 90 seconds left.\n|\n|t:|1737168951\n|switch|p1a: Snorlax|Snorlax|100/100 slp\n|cant|p2a: Snorlax|par\n|\n|upkeep\n|turn|30\n|\n|t:|1737168956\n|cant|p1a: Snorlax|slp\n|move|p2a: Snorlax|Body Slam|p1a: Snorlax\n|-damage|p1a: Snorlax|75/100 slp\n|\n|upkeep\n|turn|31\n|\n|t:|1737168958\n|-curestatus|p1a: Snorlax|slp|[msg]\n|move|p2a: Snorlax|Body Slam|p1a: Snorlax\n|-damage|p1a: Snorlax|50/100\n|\n|upkeep\n|turn|32\n|\n|t:|1737168968\n|move|p1a: Snorlax|Body Slam|p2a: Snorlax\n|-damage|p2a: Snorlax|46/100 par\n|cant|p2a: Snorlax|par\n|\n|upkeep\n|turn|33\n|\n|t:|1737168980\n|move|p1a: Snorlax|Body Slam|p2a: Snorlax\n|-damage|p2a: Snorlax|20/100 par\n|cant|p2a: Snorlax|par\n|\n|upkeep\n|turn|34\n|inactive|spies (psychic) has 270 seconds left.\n|\n|t:|1737169014\n|switch|p2a: Gengar|Gengar|57/100\n|move|p1a: Snorlax|Body Slam|p2a: Gengar\n|-immune|p2a: Gengar\n|\n|upkeep\n|turn|35\n|inactive|nicole7735 has 90 seconds left.\n|inactive|spies (psychic) has 270 seconds left.\n|inactive|nicole7735 has 60 seconds left.\n|\n|t:|1737169073\n|switch|p1a: Chansey|Chansey|96/100 par\n|move|p2a: Gengar|Night Shade|p1a: Chansey\n|-damage|p1a: Chansey|82/100 par\n|\n|upkeep\n|turn|36\n|inactive|nicole7735 has 60 seconds left.\n|inactive|spies (psychic) has 270 seconds left.\n|\n|t:|1737169095\n|switch|p2a: Snorlax|Snorlax|20/100 par\n|move|p1a: Chansey|Ice Beam|p2a: Snorlax\n|-damage|p2a: Snorlax|1/100 par\n|\n|upkeep\n|turn|37\n|\n|t:|1737169101\n|cant|p1a: Chansey|par\n|move|p2a: Snorlax|Self-Destruct|p1a: Chansey\n|-damage|p1a: Chansey|0 fnt\n|faint|p1a: Chansey\n|faint|p2a: Snorlax\n|inactive|spies (psychic) has 270 seconds left.\n|inactive|nicole7735 has 60 seconds left.\n|inactive|nicole7735 has 30 seconds left.\n|\n|t:|1737169149\n|switch|p1a: Snorlax|Snorlax|50/100\n|switch|p2a: Tauros|Tauros|100/100\n|turn|38\n|inactive|nicole7735 has 30 seconds left.\n|inactive|nicole7735 has 20 seconds left.\n|\n|t:|1737169179\n|switch|p2a: Gengar|Gengar|57/100\n|switch|p1a: Tauros|Tauros|100/100\n|\n|upkeep\n|turn|39\n|inactive|nicole7735 has 30 seconds left this turn.\n|\n|t:|1737169188\n|switch|p2a: Exeggutor|Exeggutor|100/100\n|move|p1a: Tauros|Body Slam|p2a: Exeggutor\n|-crit|p2a: Exeggutor\n|-damage|p2a: Exeggutor|50/100\n|\n|upkeep\n|turn|40\n|inactive|nicole7735 has 30 seconds left.\n|inactive|nicole7735 has 20 seconds left.\n|inactive|nicole7735 has 15 seconds left.\n|inactive|spies (psychic) has 240 seconds left.\n|inactive|nicole7735 has 10 seconds left.\n|\n|t:|1737169216\n|move|p1a: Tauros|Body Slam|p2a: Exeggutor\n|-damage|p2a: Exeggutor|20/100\n|move|p2a: Exeggutor|Stun Spore|p1a: Tauros\n|-status|p1a: Tauros|par\n|\n|upkeep\n|turn|41\n|inactive|nicole7735 has 20 seconds left this turn.\n|inactive|nicole7735 has 15 seconds left.\n|inactive|spies (psychic) has 240 seconds left.\n|inactive|nicole7735 has 10 seconds left.\n|inactive|nicole7735 has 5 seconds left.\n|\n|t:|1737169234\n|move|p2a: Exeggutor|Psychic|p1a: Tauros\n|-damage|p1a: Tauros|58/100 par\n|move|p1a: Tauros|Body Slam|p2a: Exeggutor\n|-damage|p2a: Exeggutor|0 fnt\n|faint|p2a: Exeggutor\n|inactive|nicole7735 has 10 seconds left this turn.\n|\n|t:|1737169243\n|switch|p2a: Tauros|Tauros|100/100\n|turn|42\n|inactive|nicole7735 has 20 seconds left this turn.\n|inactive|nicole7735 has 15 seconds left.\n|inactive|nicole7735 has 10 seconds left.\n|\n|t:|1737169254\n|switch|p1a: Gengar|Gengar|70/100 slp\n|move|p2a: Tauros|Body Slam|p1a: Gengar\n|-immune|p1a: Gengar\n|\n|upkeep\n|turn|43\n|inactive|nicole7735 has 20 seconds left this turn.\n|inactive|nicole7735 has 15 seconds left.\n|inactive|nicole7735 has 10 seconds left.\n|inactive|spies (psychic) has 240 seconds left.\n|\n|t:|1737169270\n|move|p2a: Tauros|Earthquake|p1a: Gengar\n|-supereffective|p1a: Gengar\n|-damage|p1a: Gengar|2/100 slp\n|cant|p1a: Gengar|slp\n|\n|upkeep\n|turn|44\n|inactive|nicole7735 has 20 seconds left this turn.\n|inactive|nicole7735 has 15 seconds left.\n|\n|t:|1737169277\n|move|p2a: Tauros|Earthquake|p1a: Gengar\n|-crit|p1a: Gengar\n|-supereffective|p1a: Gengar\n|-damage|p1a: Gengar|0 fnt\n|faint|p1a: Gengar\n|inactive|nicole7735 has 20 seconds left this turn.\n|\n|t:|1737169279\n|switch|p1a: Starmie|Starmie|48/100\n|turn|45\n|inactive|nicole7735 has 30 seconds left this turn.\n|inactive|nicole7735 has 20 seconds left.\n|\n|t:|1737169295\n|move|p1a: Starmie|Recover|p1a: Starmie\n|-heal|p1a: Starmie|97/100\n|move|p2a: Tauros|Hyper Beam|p1a: Starmie\n|-crit|p1a: Starmie\n|-damage|p1a: Starmie|0 fnt\n|faint|p1a: Starmie\n|inactive|nicole7735 has 25 seconds left this turn.\n|inactive|nicole7735 has 20 seconds left.\n|inactive|nicole7735 has 15 seconds left.\n|\n|t:|1737169306\n|switch|p1a: Snorlax|Snorlax|50/100\n|turn|46\n|inactive|nicole7735 has 25 seconds left this turn.\n|inactive|nicole7735 has 20 seconds left.\n|\n|t:|1737169316\n|switch|p1a: Tauros|Tauros|58/100 par\n|move|p2a: Tauros|Body Slam|p1a: Tauros\n|-damage|p1a: Tauros|26/100 par\n|\n|upkeep\n|turn|47\n|inactive|nicole7735 has 30 seconds left this turn.\n|inactive|nicole7735 has 20 seconds left.\n|\n|t:|1737169330\n|switch|p1a: Exeggutor|Exeggutor|47/100 par\n|move|p2a: Tauros|Body Slam|p1a: Exeggutor\n|-damage|p1a: Exeggutor|16/100 par\n|\n|upkeep\n|turn|48\n|inactive|nicole7735 has 30 seconds left this turn.\n|inactive|spies (psychic) has 270 seconds left.\n|\n|t:|1737169335\n|move|p2a: Tauros|Body Slam|p1a: Exeggutor\n|-damage|p1a: Exeggutor|0 fnt\n|faint|p1a: Exeggutor\n|\n|t:|1737169337\n|switch|p1a: Snorlax|Snorlax|50/100\n|turn|49\n|\n|t:|1737169342\n|move|p2a: Tauros|Body Slam|p1a: Snorlax\n|-damage|p1a: Snorlax|24/100\n|move|p1a: Snorlax|Self-Destruct|p2a: Tauros\n|-damage|p2a: Tauros|5/100\n|faint|p1a: Snorlax\n|\n|t:|1737169343\n|switch|p1a: Tauros|Tauros|26/100 par\n|turn|50\n|\n|t:|1737169347\n|move|p2a: Tauros|Body Slam|p1a: Tauros\n|-damage|p1a: Tauros|0 fnt\n|faint|p1a: Tauros\n|\n|win|spies (psychic)\n|c|☆spies (psychic)|gg\n|c|☆nicole7735|gg\n|player|p2|\n","uploadtime":1737169347,"views":"1983","formatid":"gen1ou","rating":null,"private":0,"password":null}