{"id":"smogtours-gen1ou-948348","format":"[Gen 1] OU","players":["RoboKyII","gsc maestro"],"log":"|inactive|Battle timer is ON: inactive players will automatically lose when time's up.\n|t:|1781958818\n|gametype|singles\n|player|p1|RoboKyII|rosa-pokestar3|\n|player|p2|gsc maestro|red|\n|gen|1\n|tier|[Gen 1] OU\n|rule|Desync Clause Mod: Desyncs changed to move failure.\n|rule|HP Percentage Mod: HP is shown in percentages\n|rule|Endless Battle Clause: Forcing endless battles is banned\n|rule|Sleep Clause Mod: Limit one foe put to sleep\n|rule|Freeze Clause Mod: Limit one foe frozen\n|rule|Species Clause: Limit one of each Pokémon\n|rule|OHKO Clause: OHKO moves are banned\n|rule|Evasion Moves Clause: Evasion moves are banned\n|\n|t:|1781958818\n|teamsize|p1|6\n|teamsize|p2|6\n|start\n|switch|p1a: Alakazam|Alakazam|100/100\n|switch|p2a: Alakazam|Alakazam|100/100\n|turn|1\n|\n|t:|1781958831\n|switch|p1a: Exeggutor|Exeggutor|100/100\n|switch|p2a: Exeggutor|Exeggutor|100/100\n|\n|upkeep\n|turn|2\n|\n|t:|1781958839\n|switch|p1a: Alakazam|Alakazam|100/100\n|switch|p2a: Alakazam|Alakazam|100/100\n|\n|upkeep\n|turn|3\n|\n|t:|1781958845\n|move|p1a: Alakazam|Thunder Wave|p2a: Alakazam\n|-status|p2a: Alakazam|par\n|cant|p2a: Alakazam|par\n|\n|upkeep\n|turn|4\n|\n|t:|1781958853\n|switch|p2a: Chansey|Chansey|100/100\n|move|p1a: Alakazam|Seismic Toss|p2a: Chansey\n|-damage|p2a: Chansey|86/100\n|\n|upkeep\n|turn|5\n|\n|t:|1781958856\n|move|p1a: Alakazam|Thunder Wave|p2a: Chansey\n|-status|p2a: Chansey|par\n|move|p2a: Chansey|Sing|p1a: Alakazam|[miss]\n|-miss|p2a: Chansey\n|\n|upkeep\n|turn|6\n|\n|t:|1781958871\n|move|p1a: Alakazam|Psychic|p2a: Chansey\n|-damage|p2a: Chansey|67/100 par\n|move|p2a: Chansey|Sing|p1a: Alakazam\n|-status|p1a: Alakazam|slp|[from] move: Sing\n|\n|upkeep\n|turn|7\n|\n|t:|1781958875\n|switch|p1a: Snorlax|Snorlax|100/100\n|cant|p2a: Chansey|par\n|\n|upkeep\n|turn|8\n|\n|t:|1781958888\n|switch|p2a: Rhydon|Rhydon|100/100\n|move|p1a: Snorlax|Body Slam|p2a: Rhydon\n|-resisted|p2a: Rhydon\n|-damage|p2a: Rhydon|89/100\n|\n|upkeep\n|turn|9\n|\n|t:|1781958893\n|move|p2a: Rhydon|Earthquake|p1a: Snorlax\n|-damage|p1a: Snorlax|62/100\n|move|p1a: Snorlax|Surf|p2a: Rhydon\n|-supereffective|p2a: Rhydon\n|-damage|p2a: Rhydon|0 fnt\n|faint|p2a: Rhydon\n|\n|t:|1781958902\n|switch|p2a: Cloyster|Cloyster|100/100\n|turn|10\n|\n|t:|1781958908\n|switch|p1a: Starmie|Starmie|100/100\n|move|p2a: Cloyster|Clamp|p1a: Starmie\n|-resisted|p1a: Starmie\n|-damage|p1a: Starmie|95/100\n|\n|upkeep\n|turn|11\n|\n|t:|1781958911\n|switch|p1a: Snorlax|Snorlax|62/100\n|move|p2a: Cloyster|Clamp|p1a: Snorlax|[miss]\n|-miss|p2a: Cloyster\n|\n|upkeep\n|turn|12\n|\n|t:|1781958915\n|switch|p1a: Starmie|Starmie|95/100\n|move|p2a: Cloyster|Blizzard|p1a: Starmie\n|-resisted|p1a: Starmie\n|-damage|p1a: Starmie|76/100\n|\n|upkeep\n|turn|13\n|\n|t:|1781958926\n|switch|p2a: Chansey|Chansey|67/100 par\n|move|p1a: Starmie|Thunderbolt|p2a: Chansey\n|-damage|p2a: Chansey|57/100 par\n|\n|upkeep\n|turn|14\n|\n|t:|1781958932\n|switch|p1a: Alakazam|Alakazam|100/100 slp\n|move|p2a: Chansey|Thunder Wave|p1a: Alakazam\n|-fail|p1a: Alakazam\n|\n|upkeep\n|turn|15\n|\n|t:|1781958950\n|switch|p1a: Snorlax|Snorlax|62/100\n|cant|p2a: Chansey|par\n|\n|upkeep\n|turn|16\n|\n|t:|1781958954\n|switch|p2a: Cloyster|Cloyster|100/100\n|move|p1a: Snorlax|Body Slam|p2a: Cloyster\n|-crit|p2a: Cloyster\n|-damage|p2a: Cloyster|57/100\n|\n|upkeep\n|turn|17\n|\n|t:|1781958962\n|switch|p1a: Starmie|Starmie|76/100\n|move|p2a: Cloyster|Blizzard|p1a: Starmie\n|-resisted|p1a: Starmie\n|-damage|p1a: Starmie|56/100\n|\n|upkeep\n|turn|18\n|\n|t:|1781958975\n|switch|p2a: Chansey|Chansey|57/100 par\n|move|p1a: Starmie|Recover|p1a: Starmie\n|-heal|p1a: Starmie|100/100\n|\n|upkeep\n|turn|19\n|\n|t:|1781958988\n|switch|p1a: Exeggutor|Exeggutor|100/100\n|move|p2a: Chansey|Thunder Wave|p1a: Exeggutor\n|-status|p1a: Exeggutor|par\n|\n|upkeep\n|turn|20\n|\n|t:|1781959003\n|switch|p1a: Snorlax|Snorlax|62/100\n|cant|p2a: Chansey|par\n|\n|upkeep\n|turn|21\n|\n|t:|1781959031\n|move|p1a: Snorlax|Body Slam|p2a: Chansey\n|-damage|p2a: Chansey|14/100 par\n|cant|p2a: Chansey|par\n|\n|upkeep\n|turn|22\n|\n|t:|1781959042\n|move|p2a: Chansey|Thunder Wave|p1a: Snorlax\n|-status|p1a: Snorlax|par\n|move|p1a: Snorlax|Counter|p2a: Chansey\n|-fail|p1a: Snorlax\n|\n|upkeep\n|turn|23\n|inactive|gsc maestro has 270 seconds left.\n|\n|t:|1781959062\n|move|p2a: Chansey|Soft-Boiled|p2a: Chansey\n|-heal|p2a: Chansey|64/100 par\n|move|p1a: Snorlax|Body Slam|p2a: Chansey\n|-damage|p2a: Chansey|24/100 par\n|\n|upkeep\n|turn|24\n|inactive|gsc maestro has 270 seconds left.\n|\n|t:|1781959085\n|move|p2a: Chansey|Seismic Toss|p1a: Snorlax\n|-damage|p1a: Snorlax|43/100 par\n|move|p1a: Snorlax|Body Slam|p2a: Chansey\n|-damage|p2a: Chansey|0 fnt\n|faint|p2a: Chansey\n|\n|t:|1781959092\n|switch|p2a: Cloyster|Cloyster|57/100\n|turn|25\n|\n|t:|1781959100\n|switch|p1a: Starmie|Starmie|100/100\n|move|p2a: Cloyster|Blizzard|p1a: Starmie\n|-resisted|p1a: Starmie\n|-damage|p1a: Starmie|81/100\n|\n|upkeep\n|turn|26\n|inactive|gsc maestro has 270 seconds left.\n|\n|t:|1781959112\n|switch|p2a: Alakazam|Alakazam|100/100 par\n|move|p1a: Starmie|Blizzard|p2a: Alakazam\n|-damage|p2a: Alakazam|74/100 par\n|\n|upkeep\n|turn|27\n|inactive|gsc maestro has 270 seconds left.\n|\n|t:|1781959122\n|switch|p1a: Exeggutor|Exeggutor|100/100 par\n|move|p2a: Alakazam|Psychic|p1a: Exeggutor\n|-resisted|p1a: Exeggutor\n|-damage|p1a: Exeggutor|86/100 par\n|\n|upkeep\n|turn|28\n|inactive|gsc maestro has 270 seconds left.\n|\n|t:|1781959129\n|cant|p2a: Alakazam|par\n|move|p1a: Exeggutor|Psychic|p2a: Alakazam\n|-resisted|p2a: Alakazam\n|-damage|p2a: Alakazam|59/100 par\n|-unboost|p2a: Alakazam|spa|1\n|-unboost|p2a: Alakazam|spd|1\n|\n|upkeep\n|turn|29\n|\n|t:|1781959134\n|move|p1a: Exeggutor|Psychic|p2a: Alakazam\n|-resisted|p2a: Alakazam\n|-damage|p2a: Alakazam|34/100 par\n|-unboost|p2a: Alakazam|spa|1\n|-unboost|p2a: Alakazam|spd|1\n|move|p2a: Alakazam|Recover|p2a: Alakazam\n|-heal|p2a: Alakazam|84/100 par\n|\n|upkeep\n|turn|30\n|\n|t:|1781959137\n|move|p1a: Exeggutor|Sleep Powder|p2a: Alakazam\n|-fail|p2a: Alakazam\n|cant|p2a: Alakazam|par\n|\n|upkeep\n|turn|31\n|\n|t:|1781959141\n|move|p1a: Exeggutor|Psychic|p2a: Alakazam\n|-resisted|p2a: Alakazam\n|-damage|p2a: Alakazam|54/100 par\n|cant|p2a: Alakazam|par\n|\n|upkeep\n|turn|32\n|\n|t:|1781959144\n|move|p1a: Exeggutor|Psychic|p2a: Alakazam\n|-resisted|p2a: Alakazam\n|-damage|p2a: Alakazam|22/100 par\n|cant|p2a: Alakazam|par\n|\n|upkeep\n|turn|33\n|\n|t:|1781959148\n|switch|p2a: Exeggutor|Exeggutor|100/100\n|move|p1a: Exeggutor|Psychic|p2a: Exeggutor\n|-resisted|p2a: Exeggutor\n|-damage|p2a: Exeggutor|88/100\n|\n|upkeep\n|turn|34\n|\n|t:|1781959172\n|switch|p2a: Alakazam|Alakazam|22/100 par\n|switch|p1a: Starmie|Starmie|81/100\n|\n|upkeep\n|turn|35\n|\n|t:|1781959189\n|switch|p2a: Tauros|Tauros|100/100\n|move|p1a: Starmie|Blizzard|p2a: Tauros\n|-crit|p2a: Tauros\n|-damage|p2a: Tauros|38/100\n|\n|upkeep\n|turn|36\n|\n|t:|1781959191\n|move|p1a: Starmie|Thunder Wave|p2a: Tauros\n|-status|p2a: Tauros|par\n|cant|p2a: Tauros|par\n|\n|upkeep\n|turn|37\n|\n|t:|1781959194\n|move|p1a: Starmie|Thunderbolt|p2a: Tauros\n|-damage|p2a: Tauros|10/100 par\n|move|p2a: Tauros|Body Slam|p1a: Starmie|[miss]\n|-miss|p2a: Tauros\n|-hint|In Gen 1, moves with 100% accuracy can still miss 1/256 of the time.\n|\n|upkeep\n|turn|38\n|-message|gsc maestro forfeited.\n|\n|win|RoboKyII\n|player|p2|\n|c|☆RoboKyII|gg\n|player|p1|\n","uploadtime":1781959197,"views":"64","formatid":"gen1ou","rating":null,"private":0,"password":null}