{"id":"smogtours-gen1ou-823593","format":"[Gen 1] OU","players":["Serpi n_n","Sceptross"],"log":"|inactive|Battle timer is ON: inactive players will automatically lose when time's up.\n|t:|1741374049\n|gametype|singles\n|player|p1|Serpi n_n|#splxviraiders|\n|player|p2|Sceptross|#splxvicryonicles|\n|teamsize|p1|6\n|teamsize|p2|6\n|gen|1\n|tier|[Gen 1] OU\n|rule|Desync Clause Mod: Desyncs changed to move failure.\n|rule|Sleep Clause Mod: Limit one foe put to sleep\n|rule|Freeze Clause Mod: Limit one foe frozen\n|rule|Species Clause: Limit one of each Pokémon\n|rule|OHKO Clause: OHKO moves are banned\n|rule|Evasion Moves Clause: Evasion moves are banned\n|rule|Endless Battle Clause: Forcing endless battles is banned\n|rule|HP Percentage Mod: HP is shown in percentages\n|\n|t:|1741374049\n|start\n|switch|p1a: Starmie|Starmie|100/100\n|switch|p2a: Starmie|Starmie|100/100\n|turn|1\n|c|☆Serpi n_n|hf\n|c|☆Sceptross|gl hf\n|inactive|Serpi n_n has 270 seconds left.\n|inactive|Sceptross has 270 seconds left.\n|\n|t:|1741374097\n|switch|p2a: Jynx|Jynx|100/100\n|move|p1a: Starmie|Blizzard|p2a: Jynx\n|-crit|p2a: Jynx\n|-resisted|p2a: Jynx\n|-damage|p2a: Jynx|70/100\n|\n|upkeep\n|turn|2\n|rated|Smogon Premier League\n|\n|t:|1741374125\n|move|p1a: Starmie|Thunder Wave|p2a: Jynx\n|-status|p2a: Jynx|par\n|cant|p2a: Jynx|par\n|\n|upkeep\n|turn|3\n|\n|t:|1741374129\n|move|p1a: Starmie|Thunderbolt|p2a: Jynx\n|-damage|p2a: Jynx|48/100 par\n|cant|p2a: Jynx|par\n|\n|upkeep\n|turn|4\n|\n|t:|1741374134\n|move|p1a: Starmie|Thunderbolt|p2a: Jynx\n|-damage|p2a: Jynx|27/100 par\n|move|p2a: Jynx|Lovely Kiss|p1a: Starmie\n|-status|p1a: Starmie|slp|[from] move: Lovely Kiss\n|\n|upkeep\n|turn|5\n|\n|t:|1741374145\n|switch|p1a: Tauros|Tauros|100/100\n|move|p2a: Jynx|Rest|p2a: Jynx\n|-status|p2a: Jynx|slp|[from] move: Rest\n|-heal|p2a: Jynx|100/100 slp|[silent]\n|\n|upkeep\n|turn|6\n|\n|t:|1741374154\n|switch|p2a: Starmie|Starmie|100/100\n|move|p1a: Tauros|Body Slam|p2a: Starmie\n|-damage|p2a: Starmie|67/100\n|\n|upkeep\n|turn|7\n|\n|t:|1741374173\n|switch|p1a: Starmie|Starmie|100/100 slp\n|move|p2a: Starmie|Thunder Wave|p1a: Starmie\n|-fail|p1a: Starmie\n|\n|upkeep\n|turn|8\n|inactive|Sceptross has 270 seconds left.\n|\n|t:|1741374214\n|cant|p1a: Starmie|slp\n|move|p2a: Starmie|Recover|p2a: Starmie\n|-heal|p2a: Starmie|100/100\n|\n|upkeep\n|turn|9\n|inactive|Serpi n_n has 270 seconds left.\n|\n|t:|1741374241\n|switch|p2a: Tauros|Tauros|100/100\n|cant|p1a: Starmie|slp\n|\n|upkeep\n|turn|10\n|inactive|Serpi n_n has 270 seconds left.\n|inactive|Serpi n_n has 240 seconds left.\n|\n|t:|1741374285\n|cant|p1a: Starmie|slp\n|move|p2a: Tauros|Body Slam|p1a: Starmie\n|-damage|p1a: Starmie|68/100 slp\n|\n|upkeep\n|turn|11\n|inactive|Serpi n_n has 240 seconds left.\n|\n|t:|1741374314\n|switch|p1a: Snorlax|Snorlax|100/100\n|move|p2a: Tauros|Body Slam|p1a: Snorlax\n|-damage|p1a: Snorlax|74/100\n|\n|upkeep\n|turn|12\n|inactive|Sceptross has 270 seconds left.\n|\n|t:|1741374348\n|move|p2a: Tauros|Body Slam|p1a: Snorlax\n|-damage|p1a: Snorlax|48/100\n|move|p1a: Snorlax|Body Slam|p2a: Tauros\n|-damage|p2a: Tauros|68/100\n|\n|upkeep\n|turn|13\n|\n|t:|1741374362\n|move|p2a: Tauros|Blizzard|p1a: Snorlax\n|-damage|p1a: Snorlax|30/100\n|-status|p1a: Snorlax|frz\n|cant|p1a: Snorlax|frz\n|\n|upkeep\n|turn|14\n|\n|t:|1741374378\n|move|p2a: Tauros|Body Slam|p1a: Snorlax\n|-damage|p1a: Snorlax|7/100 frz\n|cant|p1a: Snorlax|frz\n|\n|upkeep\n|turn|15\n|\n|t:|1741374383\n|move|p2a: Tauros|Earthquake|p1a: Snorlax\n|-damage|p1a: Snorlax|0 fnt\n|faint|p1a: Snorlax\n|\n|t:|1741374386\n|switch|p1a: Tauros|Tauros|100/100\n|turn|16\n|\n|t:|1741374411\n|switch|p2a: Starmie|Starmie|100/100\n|move|p1a: Tauros|Body Slam|p2a: Starmie\n|-damage|p2a: Starmie|66/100\n|\n|upkeep\n|turn|17\n|inactive|Sceptross has 270 seconds left.\n|\n|t:|1741374440\n|switch|p1a: Exeggutor|Exeggutor|100/100\n|move|p2a: Starmie|Recover|p2a: Starmie\n|-heal|p2a: Starmie|100/100\n|\n|upkeep\n|turn|18\n|\n|t:|1741374463\n|switch|p2a: Jynx|Jynx|100/100 slp\n|move|p1a: Exeggutor|Sleep Powder|p2a: Jynx\n|-fail|p2a: Jynx|slp\n|\n|upkeep\n|turn|19\n|\n|t:|1741374473\n|switch|p1a: Tauros|Tauros|100/100\n|cant|p2a: Jynx|slp\n|\n|upkeep\n|turn|20\n|inactive|Sceptross has 270 seconds left.\n|\n|t:|1741374495\n|switch|p2a: Starmie|Starmie|100/100\n|move|p1a: Tauros|Body Slam|p2a: Starmie\n|-damage|p2a: Starmie|65/100\n|\n|upkeep\n|turn|21\n|inactive|Serpi n_n has 240 seconds left.\n|\n|t:|1741374525\n|switch|p1a: Exeggutor|Exeggutor|100/100\n|move|p2a: Starmie|Recover|p2a: Starmie\n|-heal|p2a: Starmie|100/100\n|\n|upkeep\n|turn|22\n|inactive|Sceptross has 240 seconds left.\n|\n|t:|1741374550\n|switch|p2a: Jynx|Jynx|100/100 slp\n|switch|p1a: Tauros|Tauros|100/100\n|\n|upkeep\n|turn|23\n|\n|t:|1741374556\n|switch|p2a: Starmie|Starmie|100/100\n|move|p1a: Tauros|Body Slam|p2a: Starmie\n|-damage|p2a: Starmie|68/100\n|-status|p2a: Starmie|par\n|\n|upkeep\n|turn|24\n|inactive|Serpi n_n has 240 seconds left.\n|inactive|Serpi n_n has 210 seconds left.\n|\n|t:|1741374612\n|move|p1a: Tauros|Body Slam|p2a: Starmie\n|-damage|p2a: Starmie|33/100 par\n|cant|p2a: Starmie|par\n|\n|upkeep\n|turn|25\n|inactive|Sceptross has 240 seconds left.\n|\n|t:|1741374632\n|switch|p2a: Snorlax|Snorlax|100/100\n|move|p1a: Tauros|Body Slam|p2a: Snorlax\n|-damage|p2a: Snorlax|76/100\n|\n|upkeep\n|turn|26\n|inactive|Serpi n_n has 210 seconds left.\n|\n|t:|1741374678\n|move|p1a: Tauros|Body Slam|p2a: Snorlax\n|-damage|p2a: Snorlax|50/100\n|move|p2a: Snorlax|Body Slam|p1a: Tauros\n|-damage|p1a: Tauros|70/100\n|\n|upkeep\n|turn|27\n|inactive|Serpi n_n has 180 seconds left.\n|\n|t:|1741374711\n|move|p1a: Tauros|Body Slam|p2a: Snorlax\n|-damage|p2a: Snorlax|27/100\n|move|p2a: Snorlax|Body Slam|p1a: Tauros\n|-damage|p1a: Tauros|38/100\n|\n|upkeep\n|turn|28\n|\n|t:|1741374734\n|move|p1a: Tauros|Body Slam|p2a: Snorlax\n|-damage|p2a: Snorlax|1/100\n|move|p2a: Snorlax|Self-Destruct|p1a: Tauros\n|-damage|p1a: Tauros|0 fnt\n|faint|p1a: Tauros\n|faint|p2a: Snorlax\n|inactive|Sceptross has 240 seconds left.\n|inactive|Serpi n_n has 150 seconds left.\n|inactive|Sceptross has 210 seconds left.\n|\n|t:|1741374786\n|switch|p1a: Alakazam|Alakazam|100/100\n|switch|p2a: Starmie|Starmie|33/100 par\n|turn|29\n|inactive|Sceptross has 210 seconds left.\n|\n|t:|1741374820\n|switch|p2a: Chansey|Chansey|100/100\n|move|p1a: Alakazam|Psychic|p2a: Chansey\n|-crit|p2a: Chansey\n|-damage|p2a: Chansey|67/100\n|\n|upkeep\n|turn|30\n|inactive|Serpi n_n has 150 seconds left.\n|\n|t:|1741374832\n|move|p1a: Alakazam|Thunder Wave|p2a: Chansey\n|-status|p2a: Chansey|par\n|cant|p2a: Chansey|par\n|\n|upkeep\n|turn|31\n|inactive|Serpi n_n has 150 seconds left.\n|\n|t:|1741374849\n|move|p1a: Alakazam|Psychic|p2a: Chansey\n|-damage|p2a: Chansey|50/100 par\n|move|p2a: Chansey|Soft-Boiled|p2a: Chansey\n|-heal|p2a: Chansey|99/100 par\n|\n|upkeep\n|turn|32\n|\n|t:|1741374856\n|move|p1a: Alakazam|Psychic|p2a: Chansey\n|-damage|p2a: Chansey|81/100 par\n|move|p2a: Chansey|Thunder Wave|p1a: Alakazam\n|-status|p1a: Alakazam|par\n|\n|upkeep\n|turn|33\n|\n|t:|1741374864\n|move|p1a: Alakazam|Psychic|p2a: Chansey\n|-damage|p2a: Chansey|63/100 par\n|cant|p2a: Chansey|par\n|\n|upkeep\n|turn|34\n|\n|t:|1741374875\n|cant|p1a: Alakazam|par\n|move|p2a: Chansey|Soft-Boiled|p2a: Chansey\n|-heal|p2a: Chansey|100/100 par\n|\n|upkeep\n|turn|35\n|\n|t:|1741374890\n|cant|p1a: Alakazam|par\n|move|p2a: Chansey|Ice Beam|p1a: Alakazam\n|-damage|p1a: Alakazam|79/100 par\n|\n|upkeep\n|turn|36\n|inactive|Sceptross has 210 seconds left.\n|inactive|Sceptross has 180 seconds left.\n|\n|t:|1741374952\n|move|p1a: Alakazam|Recover|p1a: Alakazam\n|-heal|p1a: Alakazam|100/100 par\n|move|p2a: Chansey|Ice Beam|p1a: Alakazam\n|-crit|p1a: Alakazam\n|-damage|p1a: Alakazam|60/100 par\n|\n|upkeep\n|turn|37\n|inactive|Sceptross has 180 seconds left.\n|\n|t:|1741374962\n|switch|p2a: Jynx|Jynx|100/100 slp\n|cant|p1a: Alakazam|par\n|\n|upkeep\n|turn|38\n|inactive|Sceptross has 180 seconds left.\n|\n|t:|1741374990\n|-curestatus|p2a: Jynx|slp|[msg]\n|move|p1a: Alakazam|Thunder Wave|p2a: Jynx\n|-status|p2a: Jynx|par\n|\n|upkeep\n|turn|39\n|inactive|Serpi n_n has 180 seconds left.\n|\n|t:|1741375008\n|switch|p1a: Starmie|Starmie|68/100 slp\n|move|p2a: Jynx|Psychic|p1a: Starmie\n|-resisted|p1a: Starmie\n|-damage|p1a: Starmie|51/100 slp\n|\n|upkeep\n|turn|40\n|inactive|Serpi n_n has 180 seconds left.\n|inactive|Sceptross has 150 seconds left.\n|inactive|Serpi n_n has 150 seconds left.\n|\n|t:|1741375055\n|cant|p1a: Starmie|slp\n|move|p2a: Jynx|Blizzard|p1a: Starmie\n|-resisted|p1a: Starmie\n|-damage|p1a: Starmie|31/100 slp\n|\n|upkeep\n|turn|41\n|inactive|Serpi n_n has 150 seconds left.\n|inactive|Sceptross has 150 seconds left.\n|inactive|Serpi n_n has 120 seconds left.\n|\n|t:|1741375093\n|switch|p1a: Cloyster|Cloyster|100/100\n|switch|p2a: Tauros|Tauros|68/100\n|\n|upkeep\n|turn|42\n|inactive|Sceptross has 150 seconds left.\n|inactive|Sceptross has 120 seconds left.\n|\n|t:|1741375157\n|switch|p2a: Chansey|Chansey|100/100 par\n|move|p1a: Cloyster|Blizzard|p2a: Chansey\n|-crit|p2a: Chansey\n|-damage|p2a: Chansey|67/100 par\n|\n|upkeep\n|turn|43\n|inactive|Serpi n_n has 120 seconds left.\n|\n|t:|1741375185\n|move|p1a: Cloyster|Clamp|p2a: Chansey\n|-damage|p2a: Chansey|62/100 par\n|cant|p2a: Chansey|partiallytrapped\n|\n|upkeep\n|turn|44\n|inactive|Serpi n_n has 90 seconds left.\n|\n|t:|1741375217\n|switch|p2a: Jynx|Jynx|100/100 par\n|move|p1a: Cloyster|Clamp|p2a: Jynx\n|-crit|p2a: Jynx\n|-damage|p2a: Jynx|77/100 par\n|\n|upkeep\n|turn|45\n|inactive|Sceptross has 120 seconds left.\n|inactive|Serpi n_n has 90 seconds left.\n|\n|t:|1741375247\n|switch|p1a: Exeggutor|Exeggutor|100/100\n|switch|p2a: Starmie|Starmie|33/100 par\n|\n|upkeep\n|turn|46\n|inactive|Sceptross has 90 seconds left.\n|\n|t:|1741375277\n|move|p1a: Exeggutor|Psychic|p2a: Starmie\n|-resisted|p2a: Starmie\n|-damage|p2a: Starmie|15/100 par\n|move|p2a: Starmie|Thunder Wave|p1a: Exeggutor\n|-status|p1a: Exeggutor|par\n|\n|upkeep\n|turn|47\n|\n|t:|1741375282\n|move|p2a: Starmie|Recover|p2a: Starmie\n|-heal|p2a: Starmie|65/100 par\n|move|p1a: Exeggutor|Psychic|p2a: Starmie\n|-resisted|p2a: Starmie\n|-damage|p2a: Starmie|45/100 par\n|\n|upkeep\n|turn|48\n|inactive|Sceptross has 90 seconds left.\n|\n|t:|1741375292\n|move|p2a: Starmie|Recover|p2a: Starmie\n|-heal|p2a: Starmie|95/100 par\n|move|p1a: Exeggutor|Psychic|p2a: Starmie\n|-resisted|p2a: Starmie\n|-damage|p2a: Starmie|75/100 par\n|\n|upkeep\n|turn|49\n|\n|t:|1741375300\n|switch|p2a: Jynx|Jynx|77/100 par\n|cant|p1a: Exeggutor|par\n|\n|upkeep\n|turn|50\n|inactive|Sceptross has 90 seconds left.\n|inactive|Sceptross has 60 seconds left.\n|\n|t:|1741375354\n|move|p2a: Jynx|Psychic|p1a: Exeggutor\n|-resisted|p1a: Exeggutor\n|-damage|p1a: Exeggutor|90/100 par\n|cant|p1a: Exeggutor|par\n|\n|upkeep\n|turn|51\n|\n|t:|1741375363\n|cant|p2a: Jynx|par\n|move|p1a: Exeggutor|Explosion|p2a: Jynx\n|-damage|p2a: Jynx|0 fnt\n|faint|p2a: Jynx\n|faint|p1a: Exeggutor\n|\n|t:|1741375378\n|switch|p2a: Starmie|Starmie|75/100 par\n|switch|p1a: Alakazam|Alakazam|60/100 par\n|turn|52\n|\n|t:|1741375389\n|move|p1a: Alakazam|Recover|p1a: Alakazam\n|-heal|p1a: Alakazam|100/100 par\n|move|p2a: Starmie|Recover|p2a: Starmie\n|-heal|p2a: Starmie|100/100 par\n|\n|upkeep\n|turn|53\n|\n|t:|1741375400\n|move|p1a: Alakazam|Psychic|p2a: Starmie\n|-resisted|p2a: Starmie\n|-damage|p2a: Starmie|79/100 par\n|-unboost|p2a: Starmie|spa|1\n|-unboost|p2a: Starmie|spd|1\n|move|p2a: Starmie|Psychic|p1a: Alakazam\n|-crit|p1a: Alakazam\n|-resisted|p1a: Alakazam\n|-damage|p1a: Alakazam|75/100 par\n|\n|upkeep\n|turn|54\n|inactive|Serpi n_n has 120 seconds left.\n|inactive|Sceptross has 60 seconds left.\n|\n|t:|1741375419\n|switch|p2a: Chansey|Chansey|62/100 par\n|move|p1a: Alakazam|Psychic|p2a: Chansey\n|-damage|p2a: Chansey|45/100 par\n|\n|upkeep\n|turn|55\n|\n|t:|1741375422\n|move|p1a: Alakazam|Psychic|p2a: Chansey\n|-damage|p2a: Chansey|28/100 par\n|-unboost|p2a: Chansey|spa|1\n|-unboost|p2a: Chansey|spd|1\n|cant|p2a: Chansey|par\n|\n|upkeep\n|turn|56\n|inactive|Sceptross has 60 seconds left.\n|\n|t:|1741375462\n|move|p1a: Alakazam|Psychic|p2a: Chansey\n|-damage|p2a: Chansey|0 fnt\n|faint|p2a: Chansey\n|inactive|Sceptross has 30 seconds left.\n|inactive|Sceptross has 20 seconds left.\n|\n|t:|1741375495\n|switch|p2a: Tauros|Tauros|68/100\n|turn|57\n|inactive|Sceptross has 30 seconds left this turn.\n|\n|t:|1741375499\n|switch|p1a: Starmie|Starmie|31/100 slp\n|move|p2a: Tauros|Hyper Beam|p1a: Starmie\n|-damage|p1a: Starmie|0 fnt\n|faint|p1a: Starmie\n|\n|t:|1741375500\n|switch|p1a: Cloyster|Cloyster|100/100\n|turn|58\n|inactive|Sceptross has 30 seconds left.\n|inactive|Sceptross has 20 seconds left.\n|\n|t:|1741375528\n|switch|p2a: Starmie|Starmie|79/100 par\n|move|p1a: Cloyster|Blizzard|p2a: Starmie\n|-resisted|p2a: Starmie\n|-damage|p2a: Starmie|60/100 par\n|\n|upkeep\n|turn|59\n|inactive|Sceptross has 30 seconds left this turn.\n|\n|t:|1741375543\n|move|p1a: Cloyster|Clamp|p2a: Starmie|[miss]\n|-miss|p1a: Cloyster\n|move|p2a: Starmie|Thunder Wave|p1a: Cloyster\n|-status|p1a: Cloyster|par\n|\n|upkeep\n|turn|60\n|\n|t:|1741375558\n|switch|p1a: Alakazam|Alakazam|75/100 par\n|move|p2a: Starmie|Recover|p2a: Starmie\n|-heal|p2a: Starmie|100/100 par\n|\n|upkeep\n|turn|61\n|\n|t:|1741375574\n|move|p1a: Alakazam|Psychic|p2a: Starmie\n|-resisted|p2a: Starmie\n|-damage|p2a: Starmie|81/100 par\n|move|p2a: Starmie|Psychic|p1a: Alakazam\n|-resisted|p1a: Alakazam\n|-damage|p1a: Alakazam|62/100 par\n|\n|upkeep\n|turn|62\n|inactive|Serpi n_n has 150 seconds left.\n|inactive|Sceptross has 30 seconds left.\n|\n|t:|1741375599\n|cant|p1a: Alakazam|par\n|move|p2a: Starmie|Recover|p2a: Starmie\n|-heal|p2a: Starmie|100/100 par\n|\n|upkeep\n|turn|63\n|\n|t:|1741375609\n|switch|p2a: Rhydon|Rhydon|100/100\n|move|p1a: Alakazam|Psychic|p2a: Rhydon\n|-damage|p2a: Rhydon|48/100\n|-unboost|p2a: Rhydon|spa|1\n|-unboost|p2a: Rhydon|spd|1\n|\n|upkeep\n|turn|64\n|\n|t:|1741375619\n|switch|p1a: Cloyster|Cloyster|100/100 par\n|move|p2a: Rhydon|Earthquake|p1a: Cloyster\n|-damage|p1a: Cloyster|70/100 par\n|\n|upkeep\n|turn|65\n|inactive|Serpi n_n has 150 seconds left.\n|\n|t:|1741375644\n|move|p2a: Rhydon|Rock Slide|p1a: Cloyster\n|-supereffective|p1a: Cloyster\n|-damage|p1a: Cloyster|21/100 par\n|move|p1a: Cloyster|Blizzard|p2a: Rhydon\n|-supereffective|p2a: Rhydon\n|-damage|p2a: Rhydon|0 fnt\n|faint|p2a: Rhydon\n|\n|t:|1741375649\n|switch|p2a: Tauros|Tauros|68/100\n|turn|66\n|\n|t:|1741375653\n|move|p2a: Tauros|Hyper Beam|p1a: Cloyster\n|-damage|p1a: Cloyster|0 fnt\n|faint|p1a: Cloyster\n|\n|t:|1741375654\n|switch|p1a: Alakazam|Alakazam|62/100 par\n|turn|67\n|\n|t:|1741375657\n|move|p2a: Tauros|Hyper Beam|p1a: Alakazam|[miss]\n|-miss|p2a: Tauros\n|move|p1a: Alakazam|Thunder Wave|p2a: Tauros\n|-status|p2a: Tauros|par\n|\n|upkeep\n|turn|68\n|inactive|Serpi n_n has 180 seconds left.\n|inactive|Sceptross has 60 seconds left.\n|\n|t:|1741375691\n|switch|p2a: Starmie|Starmie|100/100 par\n|cant|p1a: Alakazam|par\n|\n|upkeep\n|turn|69\n|\n|t:|1741375698\n|move|p1a: Alakazam|Psychic|p2a: Starmie\n|-resisted|p2a: Starmie\n|-damage|p2a: Starmie|80/100 par\n|-unboost|p2a: Starmie|spa|1\n|-unboost|p2a: Starmie|spd|1\n|cant|p2a: Starmie|par\n|\n|upkeep\n|turn|70\n|\n|t:|1741375702\n|move|p1a: Alakazam|Psychic|p2a: Starmie\n|-crit|p2a: Starmie\n|-resisted|p2a: Starmie\n|-damage|p2a: Starmie|38/100 par\n|cant|p2a: Starmie|par\n|\n|upkeep\n|turn|71\n|\n|t:|1741375711\n|move|p1a: Alakazam|Psychic|p2a: Starmie\n|-resisted|p2a: Starmie\n|-damage|p2a: Starmie|8/100 par\n|-unboost|p2a: Starmie|spa|1\n|-unboost|p2a: Starmie|spd|1\n|move|p2a: Starmie|Recover|p2a: Starmie\n|-heal|p2a: Starmie|58/100 par\n|\n|upkeep\n|turn|72\n|inactive|Serpi n_n has 210 seconds left.\n|\n|t:|1741375723\n|move|p1a: Alakazam|Psychic|p2a: Starmie\n|-resisted|p2a: Starmie\n|-damage|p2a: Starmie|17/100 par\n|move|p2a: Starmie|Recover|p2a: Starmie\n|-heal|p2a: Starmie|67/100 par\n|\n|upkeep\n|turn|73\n|inactive|Serpi n_n has 210 seconds left.\n|inactive|Sceptross has 60 seconds left.\n|inactive|Sceptross has 30 seconds left.\n|\n|t:|1741375784\n|switch|p2a: Tauros|Tauros|68/100 par\n|move|p1a: Alakazam|Psychic|p2a: Tauros\n|-damage|p2a: Tauros|22/100 par\n|\n|upkeep\n|turn|74\n|inactive|Sceptross has 30 seconds left.\n|\n|t:|1741375798\n|move|p1a: Alakazam|Seismic Toss|p2a: Tauros\n|-damage|p2a: Tauros|0 fnt\n|faint|p2a: Tauros\n|\n|t:|1741375800\n|switch|p2a: Starmie|Starmie|67/100 par\n|turn|75\n|inactive|Serpi n_n has 210 seconds left.\n|\n|t:|1741375806\n|move|p1a: Alakazam|Psychic|p2a: Starmie\n|-crit|p2a: Starmie\n|-resisted|p2a: Starmie\n|-damage|p2a: Starmie|30/100 par\n|move|p2a: Starmie|Recover|p2a: Starmie\n|-heal|p2a: Starmie|79/100 par\n|\n|upkeep\n|turn|76\n|\n|t:|1741375810\n|move|p1a: Alakazam|Seismic Toss|p2a: Starmie\n|-damage|p2a: Starmie|48/100 par\n|move|p2a: Starmie|Recover|p2a: Starmie\n|-heal|p2a: Starmie|98/100 par\n|\n|upkeep\n|turn|77\n|\n|t:|1741375812\n|move|p1a: Alakazam|Seismic Toss|p2a: Starmie\n|-damage|p2a: Starmie|67/100 par\n|move|p2a: Starmie|Psychic|p1a: Alakazam\n|-resisted|p1a: Alakazam\n|-damage|p1a: Alakazam|49/100 par\n|-unboost|p1a: Alakazam|spa|1\n|-unboost|p1a: Alakazam|spd|1\n|\n|upkeep\n|turn|78\n|\n|t:|1741375822\n|move|p2a: Starmie|Psychic|p1a: Alakazam\n|-resisted|p1a: Alakazam\n|-damage|p1a: Alakazam|27/100 par\n|-unboost|p1a: Alakazam|spa|1\n|-unboost|p1a: Alakazam|spd|1\n|move|p1a: Alakazam|Recover|p1a: Alakazam\n|-heal|p1a: Alakazam|77/100 par\n|\n|upkeep\n|turn|79\n|\n|t:|1741375834\n|cant|p2a: Starmie|par\n|move|p1a: Alakazam|Seismic Toss|p2a: Starmie\n|-damage|p2a: Starmie|36/100 par\n|\n|upkeep\n|turn|80\n|\n|t:|1741375836\n|move|p2a: Starmie|Recover|p2a: Starmie\n|-heal|p2a: Starmie|86/100 par\n|cant|p1a: Alakazam|par\n|\n|upkeep\n|turn|81\n|\n|t:|1741375839\n|cant|p2a: Starmie|par\n|cant|p1a: Alakazam|par\n|\n|upkeep\n|turn|82\n|\n|t:|1741375840\n|move|p2a: Starmie|Blizzard|p1a: Alakazam\n|-damage|p1a: Alakazam|30/100 par\n|move|p1a: Alakazam|Seismic Toss|p2a: Starmie\n|-damage|p2a: Starmie|55/100 par\n|\n|upkeep\n|turn|83\n|\n|t:|1741375844\n|move|p2a: Starmie|Blizzard|p1a: Alakazam\n|-crit|p1a: Alakazam\n|-damage|p1a: Alakazam|0 fnt\n|faint|p1a: Alakazam\n|\n|win|Sceptross\n","uploadtime":1741375844,"views":"2415","formatid":"gen1ou","rating":null,"private":0,"password":null}