{"id":"smogtours-gen1ou-949514","format":"[Gen 1] OU","players":["corvinus II","big will 2024"],"log":"|inactive|Battle timer is ON: inactive players will automatically lose when time's up.\n|t:|1782088559\n|gametype|singles\n|player|p1|corvinus II|skullgrunt|\n|player|p2|big will 2024|morty-gen2|\n|gen|1\n|tier|[Gen 1] OU\n|rule|Desync Clause Mod: Desyncs changed to move failure.\n|rule|HP Percentage Mod: HP is shown in percentages\n|rule|Endless Battle Clause: Forcing endless battles is banned\n|rule|Sleep Clause Mod: Limit one foe put to sleep\n|rule|Freeze Clause Mod: Limit one foe frozen\n|rule|Species Clause: Limit one of each Pokémon\n|rule|OHKO Clause: OHKO moves are banned\n|rule|Evasion Moves Clause: Evasion moves are banned\n|\n|t:|1782088559\n|teamsize|p1|6\n|teamsize|p2|6\n|start\n|switch|p1a: Jynx|Jynx|100/100\n|switch|p2a: ICEMAN|Jynx|100/100\n|turn|1\n|inactive|big will 2024 also wants the timer to be on.\n|inactive|corvinus II also wants the timer to be on.\n|c|☆big will 2024|hf\n|c|☆corvinus II|glhf\n|\n|t:|1782088579\n|move|p2a: ICEMAN|Lovely Kiss|p1a: Jynx\n|-status|p1a: Jynx|slp|[from] move: Lovely Kiss\n|cant|p1a: Jynx|slp\n|\n|upkeep\n|turn|2\n|\n|t:|1782088593\n|cant|p1a: Jynx|slp\n|move|p2a: ICEMAN|Ice Beam|p1a: Jynx\n|-resisted|p1a: Jynx\n|-damage|p1a: Jynx|82/100 slp\n|\n|upkeep\n|turn|3\n|\n|t:|1782088616\n|switch|p2a: Loaded Gun|Tauros|100/100\n|-curestatus|p1a: Jynx|slp|[msg]\n|\n|upkeep\n|turn|4\n|inactive|corvinus II has 270 seconds left.\n|inactive|big will 2024 has 270 seconds left.\n|inactive|corvinus II has 240 seconds left.\n|\n|t:|1782088678\n|switch|p1a: Exeggutor|Exeggutor|100/100\n|move|p2a: Loaded Gun|Body Slam|p1a: Exeggutor\n|-damage|p1a: Exeggutor|70/100\n|\n|upkeep\n|turn|5\n|inactive|big will 2024 has 270 seconds left.\n|\n|t:|1782088692\n|switch|p2a: ICEMAN|Jynx|100/100\n|move|p1a: Exeggutor|Sleep Powder|p2a: ICEMAN\n|-status|p2a: ICEMAN|slp|[from] move: Sleep Powder\n|\n|upkeep\n|turn|6\n|inactive|corvinus II has 240 seconds left.\n|\n|t:|1782088706\n|switch|p1a: Snorlax|Snorlax|100/100\n|cant|p2a: ICEMAN|slp\n|\n|upkeep\n|turn|7\n|\n|t:|1782088709\n|switch|p2a: Dababy2|Snorlax|100/100\n|move|p1a: Snorlax|Body Slam|p2a: Dababy2\n|-damage|p2a: Dababy2|73/100\n|\n|upkeep\n|turn|8\n|\n|t:|1782088726\n|move|p2a: Dababy2|Reflect|p2a: Dababy2\n|-start|p2a: Dababy2|Reflect\n|move|p1a: Snorlax|Reflect|p1a: Snorlax\n|-start|p1a: Snorlax|Reflect\n|\n|upkeep\n|turn|9\n|\n|t:|1782088732\n|move|p2a: Dababy2|Body Slam|p1a: Snorlax\n|-damage|p1a: Snorlax|86/100\n|move|p1a: Snorlax|Body Slam|p2a: Dababy2\n|-damage|p2a: Dababy2|60/100\n|\n|upkeep\n|turn|10\n|\n|t:|1782088734\n|move|p2a: Dababy2|Rest|p2a: Dababy2\n|-status|p2a: Dababy2|slp|[from] move: Rest\n|-heal|p2a: Dababy2|100/100 slp|[silent]\n|move|p1a: Snorlax|Body Slam|p2a: Dababy2\n|-damage|p2a: Dababy2|87/100 slp\n|\n|upkeep\n|turn|11\n|inactive|corvinus II has 270 seconds left.\n|\n|t:|1782088746\n|switch|p1a: Alakazam|Alakazam|100/100\n|cant|p2a: Dababy2|slp\n|\n|upkeep\n|turn|12\n|\n|t:|1782088772\n|switch|p2a: Chansey|Chansey|100/100\n|move|p1a: Alakazam|Psychic|p2a: Chansey\n|-damage|p2a: Chansey|83/100\n|\n|upkeep\n|turn|13\n|\n|t:|1782088777\n|switch|p1a: Jynx|Jynx|82/100\n|move|p2a: Chansey|Thunder Wave|p1a: Jynx\n|-status|p1a: Jynx|par\n|\n|upkeep\n|turn|14\n|inactive|big will 2024 has 270 seconds left.\n|\n|t:|1782088808\n|switch|p2a: Starmie|Starmie|100/100\n|move|p1a: Jynx|Blizzard|p2a: Starmie\n|-resisted|p2a: Starmie\n|-damage|p2a: Starmie|78/100\n|\n|upkeep\n|turn|15\n|inactive|big will 2024 has 270 seconds left.\n|inactive|corvinus II has 270 seconds left.\n|\n|t:|1782088866\n|switch|p2a: ICEMAN|Jynx|100/100 slp\n|move|p1a: Jynx|Blizzard|p2a: ICEMAN\n|-resisted|p2a: ICEMAN\n|-damage|p2a: ICEMAN|80/100 slp\n|\n|upkeep\n|turn|16\n|inactive|corvinus II has 240 seconds left.\n|\n|t:|1782088887\n|switch|p1a: Starmie|Starmie|100/100\n|cant|p2a: ICEMAN|slp\n|\n|upkeep\n|turn|17\n|inactive|big will 2024 has 270 seconds left.\n|\n|t:|1782088902\n|switch|p2a: Chansey|Chansey|83/100\n|move|p1a: Starmie|Thunder Wave|p2a: Chansey\n|-status|p2a: Chansey|par\n|\n|upkeep\n|turn|18\n|inactive|corvinus II has 240 seconds left.\n|inactive|corvinus II has 210 seconds left.\n|inactive|big will 2024 has 240 seconds left.\n|inactive|corvinus II has 180 seconds left.\n|\n|t:|1782088986\n|switch|p1a: Snorlax|Snorlax|86/100\n|switch|p2a: Dababy2|Snorlax|87/100 slp\n|\n|upkeep\n|turn|19\n|\n|t:|1782088991\n|move|p1a: Snorlax|Body Slam|p2a: Dababy2\n|-damage|p2a: Dababy2|61/100 slp\n|-curestatus|p2a: Dababy2|slp|[msg]\n|\n|upkeep\n|turn|20\n|\n|t:|1782088996\n|move|p1a: Snorlax|Body Slam|p2a: Dababy2\n|-damage|p2a: Dababy2|35/100\n|move|p2a: Dababy2|Reflect|p2a: Dababy2\n|-start|p2a: Dababy2|Reflect\n|\n|upkeep\n|turn|21\n|\n|t:|1782089007\n|switch|p1a: Exeggutor|Exeggutor|70/100\n|move|p2a: Dababy2|Body Slam|p1a: Exeggutor\n|-damage|p1a: Exeggutor|40/100\n|\n|upkeep\n|turn|22\n|\n|t:|1782089020\n|switch|p2a: Chansey|Chansey|83/100 par\n|move|p1a: Exeggutor|Psychic|p2a: Chansey\n|-crit|p2a: Chansey\n|-damage|p2a: Chansey|47/100 par\n|\n|upkeep\n|turn|23\n|\n|t:|1782089033\n|move|p1a: Exeggutor|Explosion|p2a: Chansey\n|-damage|p2a: Chansey|0 fnt\n|faint|p2a: Chansey\n|faint|p1a: Exeggutor\n|inactive|big will 2024 has 270 seconds left.\n|inactive|corvinus II has 180 seconds left.\n|\n|t:|1782089067\n|switch|p1a: Jynx|Jynx|82/100 par\n|switch|p2a: Zapdos|Zapdos|100/100\n|turn|24\n|inactive|corvinus II has 180 seconds left.\n|\n|t:|1782089082\n|move|p2a: Zapdos|Drill Peck|p1a: Jynx\n|-crit|p1a: Jynx\n|-damage|p1a: Jynx|0 fnt\n|faint|p1a: Jynx\n|inactive|corvinus II has 150 seconds left.\n|\n|t:|1782089119\n|switch|p1a: Snorlax|Snorlax|86/100\n|turn|25\n|\n|t:|1782089137\n|move|p2a: Zapdos|Thunderbolt|p1a: Snorlax\n|-crit|p1a: Snorlax\n|-damage|p1a: Snorlax|18/100\n|move|p1a: Snorlax|Body Slam|p2a: Zapdos\n|-damage|p2a: Zapdos|69/100\n|\n|upkeep\n|turn|26\n|c|☆big will 2024|sorry\n|\n|t:|1782089147\n|switch|p1a: Alakazam|Alakazam|100/100\n|move|p2a: Zapdos|Thunderbolt|p1a: Alakazam\n|-damage|p1a: Alakazam|65/100\n|\n|upkeep\n|turn|27\n|inactive|corvinus II has 150 seconds left.\n|inactive|corvinus II has 120 seconds left.\n|\n|t:|1782089197\n|move|p1a: Alakazam|Psychic|p2a: Zapdos\n|-damage|p2a: Zapdos|37/100\n|move|p2a: Zapdos|Thunder Wave|p1a: Alakazam\n|-status|p1a: Alakazam|par\n|\n|upkeep\n|turn|28\n|inactive|big will 2024 has 270 seconds left.\n|inactive|big will 2024 has 240 seconds left.\n|inactive|big will 2024 has 210 seconds left.\n|\n|t:|1782089271\n|move|p2a: Zapdos|Drill Peck|p1a: Alakazam\n|-damage|p1a: Alakazam|23/100 par\n|cant|p1a: Alakazam|par\n|\n|upkeep\n|turn|29\n|inactive|big will 2024 has 210 seconds left.\n|inactive|corvinus II has 120 seconds left.\n|\n|t:|1782089307\n|move|p2a: Zapdos|Thunderbolt|p1a: Alakazam\n|-damage|p1a: Alakazam|0 fnt\n|faint|p1a: Alakazam\n|\n|t:|1782089314\n|switch|p1a: Starmie|Starmie|100/100\n|turn|30\n|\n|t:|1782089324\n|move|p1a: Starmie|Blizzard|p2a: Zapdos\n|-supereffective|p2a: Zapdos\n|-damage|p2a: Zapdos|0 fnt\n|faint|p2a: Zapdos\n|\n|t:|1782089336\n|switch|p2a: Starmie|Starmie|78/100\n|turn|31\n|\n|t:|1782089345\n|move|p1a: Starmie|Thunder Wave|p2a: Starmie\n|-status|p2a: Starmie|par\n|cant|p2a: Starmie|par\n|\n|upkeep\n|turn|32\n|\n|t:|1782089347\n|move|p1a: Starmie|Thunderbolt|p2a: Starmie\n|-supereffective|p2a: Starmie\n|-damage|p2a: Starmie|34/100 par\n|move|p2a: Starmie|Recover|p2a: Starmie\n|-heal|p2a: Starmie|84/100 par\n|\n|upkeep\n|turn|33\n|inactive|big will 2024 has 240 seconds left.\n|\n|t:|1782089356\n|move|p1a: Starmie|Thunderbolt|p2a: Starmie\n|-supereffective|p2a: Starmie\n|-damage|p2a: Starmie|37/100 par\n|move|p2a: Starmie|Thunder Wave|p1a: Starmie\n|-status|p1a: Starmie|par\n|\n|upkeep\n|turn|34\n|inactive|big will 2024 has 240 seconds left.\n|inactive|corvinus II has 150 seconds left.\n|inactive|big will 2024 has 210 seconds left.\n|\n|t:|1782089417\n|switch|p2a: ICEMAN|Jynx|80/100 slp\n|move|p1a: Starmie|Thunderbolt|p2a: ICEMAN\n|-damage|p2a: ICEMAN|55/100 slp\n|\n|upkeep\n|turn|35\n|\n|t:|1782089431\n|cant|p2a: ICEMAN|slp\n|cant|p1a: Starmie|par\n|\n|upkeep\n|turn|36\n|\n|t:|1782089435\n|switch|p1a: Snorlax|Snorlax|18/100\n|-curestatus|p2a: ICEMAN|slp|[msg]\n|\n|upkeep\n|turn|37\n|inactive|big will 2024 has 210 seconds left.\n|\n|t:|1782089445\n|switch|p1a: Starmie|Starmie|100/100 par\n|move|p2a: ICEMAN|Psychic|p1a: Starmie\n|-resisted|p1a: Starmie\n|-damage|p1a: Starmie|84/100 par\n|\n|upkeep\n|turn|38\n|\n|t:|1782089452\n|move|p2a: ICEMAN|Psychic|p1a: Starmie\n|-resisted|p1a: Starmie\n|-damage|p1a: Starmie|68/100 par\n|cant|p1a: Starmie|par\n|\n|upkeep\n|turn|39\n|\n|t:|1782089457\n|move|p2a: ICEMAN|Psychic|p1a: Starmie\n|-resisted|p1a: Starmie\n|-damage|p1a: Starmie|51/100 par\n|move|p1a: Starmie|Thunderbolt|p2a: ICEMAN\n|-crit|p2a: ICEMAN\n|-damage|p2a: ICEMAN|11/100\n|\n|upkeep\n|turn|40\n|\n|t:|1782089465\n|switch|p2a: Dababy2|Snorlax|35/100\n|move|p1a: Starmie|Recover|p1a: Starmie\n|-heal|p1a: Starmie|100/100 par\n|\n|upkeep\n|turn|41\n|\n|t:|1782089478\n|move|p2a: Dababy2|Rest|p2a: Dababy2\n|-status|p2a: Dababy2|slp|[from] move: Rest\n|-heal|p2a: Dababy2|100/100 slp|[silent]\n|cant|p1a: Starmie|par\n|\n|upkeep\n|turn|42\n|\n|t:|1782089485\n|switch|p1a: Tauros|Tauros|100/100\n|cant|p2a: Dababy2|slp\n|\n|upkeep\n|turn|43\n|inactive|big will 2024 has 240 seconds left.\n|inactive|big will 2024 has 210 seconds left.\n|\n|t:|1782089525\n|move|p1a: Tauros|Body Slam|p2a: Dababy2\n|-damage|p2a: Dababy2|74/100 slp\n|-curestatus|p2a: Dababy2|slp|[msg]\n|\n|upkeep\n|turn|44\n|inactive|big will 2024 has 210 seconds left.\n|inactive|big will 2024 has 180 seconds left.\n|\n|t:|1782089569\n|move|p1a: Tauros|Body Slam|p2a: Dababy2\n|-damage|p2a: Dababy2|48/100\n|move|p2a: Dababy2|Reflect|p2a: Dababy2\n|-start|p2a: Dababy2|Reflect\n|\n|upkeep\n|turn|45\n|inactive|big will 2024 has 180 seconds left.\n|\n|t:|1782089586\n|move|p1a: Tauros|Blizzard|p2a: Dababy2\n|-damage|p2a: Dababy2|30/100\n|move|p2a: Dababy2|Rest|p2a: Dababy2\n|-status|p2a: Dababy2|slp|[from] move: Rest\n|-heal|p2a: Dababy2|100/100 slp|[silent]\n|\n|upkeep\n|turn|46\n|inactive|corvinus II has 210 seconds left.\n|\n|t:|1782089602\n|move|p1a: Tauros|Body Slam|p2a: Dababy2\n|-crit|p2a: Dababy2\n|-damage|p2a: Dababy2|51/100 slp\n|cant|p2a: Dababy2|slp\n|\n|upkeep\n|turn|47\n|inactive|big will 2024 has 180 seconds left.\n|\n|t:|1782089626\n|move|p1a: Tauros|Body Slam|p2a: Dababy2\n|-damage|p2a: Dababy2|38/100 slp\n|-curestatus|p2a: Dababy2|slp|[msg]\n|\n|upkeep\n|turn|48\n|inactive|corvinus II has 210 seconds left.\n|\n|t:|1782089643\n|move|p1a: Tauros|Blizzard|p2a: Dababy2\n|-damage|p2a: Dababy2|18/100\n|move|p2a: Dababy2|Body Slam|p1a: Tauros\n|-damage|p1a: Tauros|67/100\n|\n|upkeep\n|turn|49\n|\n|t:|1782089660\n|move|p1a: Tauros|Hyper Beam|p2a: Dababy2\n|-damage|p2a: Dababy2|0 fnt\n|faint|p2a: Dababy2\n|\n|t:|1782089663\n|switch|p2a: Loaded Gun|Tauros|100/100\n|turn|50\n|\n|t:|1782089678\n|switch|p1a: Snorlax|Snorlax|18/100\n|move|p2a: Loaded Gun|Body Slam|p1a: Snorlax\n|-crit|p1a: Snorlax\n|-damage|p1a: Snorlax|0 fnt\n|faint|p1a: Snorlax\n|\n|t:|1782089680\n|switch|p1a: Starmie|Starmie|100/100 par\n|turn|51\n|inactive|big will 2024 has 180 seconds left.\n|inactive|corvinus II has 210 seconds left.\n|\n|t:|1782089706\n|move|p2a: Loaded Gun|Body Slam|p1a: Starmie\n|-damage|p1a: Starmie|65/100 par\n|move|p1a: Starmie|Thunder Wave|p2a: Loaded Gun\n|-status|p2a: Loaded Gun|par\n|\n|upkeep\n|turn|52\n|inactive|big will 2024 has 180 seconds left.\n|\n|t:|1782089712\n|move|p1a: Starmie|Thunderbolt|p2a: Loaded Gun\n|-damage|p2a: Loaded Gun|76/100 par\n|move|p2a: Loaded Gun|Body Slam|p1a: Starmie\n|-damage|p1a: Starmie|31/100 par\n|\n|upkeep\n|turn|53\n|\n|t:|1782089720\n|move|p1a: Starmie|Thunderbolt|p2a: Loaded Gun\n|-damage|p2a: Loaded Gun|50/100 par\n|cant|p2a: Loaded Gun|par\n|\n|upkeep\n|turn|54\n|\n|t:|1782089735\n|cant|p1a: Starmie|par\n|cant|p2a: Loaded Gun|par\n|\n|upkeep\n|turn|55\n|\n|t:|1782089737\n|move|p1a: Starmie|Thunderbolt|p2a: Loaded Gun\n|-damage|p2a: Loaded Gun|24/100 par\n|cant|p2a: Loaded Gun|par\n|\n|upkeep\n|turn|56\n|\n|t:|1782089747\n|move|p1a: Starmie|Thunder Wave|p2a: Loaded Gun\n|-fail|p2a: Loaded Gun|par\n|cant|p2a: Loaded Gun|par\n|\n|upkeep\n|turn|57\n|\n|t:|1782089751\n|move|p1a: Starmie|Recover|p1a: Starmie\n|-heal|p1a: Starmie|80/100 par\n|move|p2a: Loaded Gun|Body Slam|p1a: Starmie\n|-crit|p1a: Starmie\n|-damage|p1a: Starmie|15/100 par\n|\n|upkeep\n|turn|58\n|\n|t:|1782089754\n|move|p1a: Starmie|Recover|p1a: Starmie\n|-heal|p1a: Starmie|65/100 par\n|cant|p2a: Loaded Gun|par\n|\n|upkeep\n|turn|59\n|\n|t:|1782089757\n|move|p1a: Starmie|Recover|p1a: Starmie\n|-heal|p1a: Starmie|100/100 par\n|move|p2a: Loaded Gun|Body Slam|p1a: Starmie\n|-damage|p1a: Starmie|66/100 par\n|\n|upkeep\n|turn|60\n|\n|t:|1782089761\n|move|p1a: Starmie|Recover|p1a: Starmie\n|-heal|p1a: Starmie|100/100 par\n|move|p2a: Loaded Gun|Body Slam|p1a: Starmie\n|-damage|p1a: Starmie|69/100 par\n|\n|upkeep\n|turn|61\n|\n|t:|1782089763\n|cant|p1a: Starmie|par\n|move|p2a: Loaded Gun|Body Slam|p1a: Starmie\n|-damage|p1a: Starmie|33/100 par\n|\n|upkeep\n|turn|62\n|\n|t:|1782089765\n|move|p1a: Starmie|Recover|p1a: Starmie\n|-heal|p1a: Starmie|83/100 par\n|move|p2a: Loaded Gun|Body Slam|p1a: Starmie\n|-damage|p1a: Starmie|46/100 par\n|\n|upkeep\n|turn|63\n|\n|t:|1782089767\n|move|p1a: Starmie|Recover|p1a: Starmie\n|-heal|p1a: Starmie|96/100 par\n|move|p2a: Loaded Gun|Body Slam|p1a: Starmie\n|-damage|p1a: Starmie|64/100 par\n|\n|upkeep\n|turn|64\n|\n|t:|1782089773\n|switch|p2a: ICEMAN|Jynx|11/100\n|move|p1a: Starmie|Recover|p1a: Starmie\n|-heal|p1a: Starmie|100/100 par\n|\n|upkeep\n|turn|65\n|\n|t:|1782089782\n|move|p2a: ICEMAN|Lovely Kiss|p1a: Starmie|[miss]\n|-miss|p2a: ICEMAN\n|cant|p1a: Starmie|par\n|\n|upkeep\n|turn|66\n|\n|t:|1782089792\n|move|p2a: ICEMAN|Psychic|p1a: Starmie\n|-resisted|p1a: Starmie\n|-damage|p1a: Starmie|86/100 par\n|move|p1a: Starmie|Thunderbolt|p2a: ICEMAN\n|-damage|p2a: ICEMAN|0 fnt\n|faint|p2a: ICEMAN\n|\n|t:|1782089793\n|switch|p2a: Starmie|Starmie|37/100 par\n|turn|67\n|\n|t:|1782089797\n|move|p2a: Starmie|Recover|p2a: Starmie\n|-heal|p2a: Starmie|87/100 par\n|cant|p1a: Starmie|par\n|\n|upkeep\n|turn|68\n|\n|t:|1782089799\n|move|p2a: Starmie|Thunderbolt|p1a: Starmie\n|-supereffective|p1a: Starmie\n|-damage|p1a: Starmie|38/100 par\n|move|p1a: Starmie|Thunderbolt|p2a: Starmie\n|-supereffective|p2a: Starmie\n|-damage|p2a: Starmie|43/100 par\n|\n|upkeep\n|turn|69\n|\n|t:|1782089802\n|move|p2a: Starmie|Recover|p2a: Starmie\n|-heal|p2a: Starmie|92/100 par\n|move|p1a: Starmie|Thunderbolt|p2a: Starmie\n|-crit|p2a: Starmie\n|-supereffective|p2a: Starmie\n|-damage|p2a: Starmie|0 fnt\n|faint|p2a: Starmie\n|\n|t:|1782089809\n|switch|p2a: Loaded Gun|Tauros|24/100 par\n|turn|70\n|\n|t:|1782089810\n|cant|p1a: Starmie|par\n|move|p2a: Loaded Gun|Hyper Beam|p1a: Starmie|[miss]\n|-miss|p2a: Loaded Gun\n|\n|upkeep\n|turn|71\n|\n|t:|1782089812\n|move|p1a: Starmie|Thunderbolt|p2a: Loaded Gun\n|-damage|p2a: Loaded Gun|0 fnt\n|faint|p2a: Loaded Gun\n|\n|win|corvinus II\n|c|☆big will 2024|gg\n","uploadtime":1782089812,"views":"49","formatid":"gen1ou","rating":null,"private":0,"password":null}