{"id":"smogtours-gen1ou-958370","format":"[Gen 1] OU","players":["SOULWIND","Nails"],"log":"|inactive|Battle timer is ON: inactive players will automatically lose when time's up.\n|t:|1784835762\n|gametype|singles\n|player|p1|SOULWIND|#wcop2024spain2|\n|player|p2|Nails|#scl2terrors|\n|gen|1\n|tier|[Gen 1] OU\n|rule|Desync Clause Mod: Desyncs resolve to link battle behavior from the acting player's perspective.\n|rule|HP Percentage Mod: HP is shown in percentages\n|rule|Endless Battle Clause: Forcing endless battles is banned\n|rule|Sleep Clause Mod: Limit one foe put to sleep\n|rule|Freeze Clause Mod: Limit one foe frozen\n|rule|Species Clause: Limit one of each Pokémon\n|rule|OHKO Clause: OHKO moves are banned\n|rule|Evasion Moves Clause: Evasion moves are banned\n|\n|t:|1784835762\n|teamsize|p1|6\n|teamsize|p2|6\n|start\n|switch|p1a: Alakazam|Alakazam|100/100\n|switch|p2a: Jynx|Jynx|100/100\n|turn|1\n|c|☆Nails|hf\n|c|☆SOULWIND|hf\n|\n|t:|1784835783\n|move|p1a: Alakazam|Thunder Wave|p2a: Jynx\n|-status|p2a: Jynx|par\n|move|p2a: Jynx|Lovely Kiss|p1a: Alakazam\n|-status|p1a: Alakazam|slp|[from] move: Lovely Kiss\n|\n|upkeep\n|turn|2\n|\n|t:|1784835788\n|switch|p1a: Chansey|Chansey|100/100\n|move|p2a: Jynx|Blizzard|p1a: Chansey\n|-damage|p1a: Chansey|81/100\n|\n|upkeep\n|turn|3\n|\n|t:|1784835797\n|move|p1a: Chansey|Seismic Toss|p2a: Jynx\n|-damage|p2a: Jynx|70/100 par\n|move|p2a: Jynx|Blizzard|p1a: Chansey\n|-damage|p1a: Chansey|62/100\n|\n|upkeep\n|turn|4\n|\n|t:|1784835807\n|switch|p2a: Chansey|Chansey|100/100\n|move|p1a: Chansey|Soft-Boiled|p1a: Chansey\n|-heal|p1a: Chansey|100/100\n|\n|upkeep\n|turn|5\n|\n|t:|1784835813\n|move|p1a: Chansey|Thunder Wave|p2a: Chansey\n|-status|p2a: Chansey|par\n|move|p2a: Chansey|Ice Beam|p1a: Chansey\n|-crit|p1a: Chansey\n|-damage|p1a: Chansey|79/100\n|\n|upkeep\n|turn|6\n|\n|t:|1784835822\n|switch|p1a: Snorlax|Snorlax|100/100\n|cant|p2a: Chansey|par\n|\n|upkeep\n|turn|7\n|\n|t:|1784835839\n|switch|p2a: Snorlax|Snorlax|100/100\n|move|p1a: Snorlax|Earthquake|p2a: Snorlax\n|-damage|p2a: Snorlax|78/100\n|\n|upkeep\n|turn|8\n|\n|t:|1784835855\n|move|p2a: Snorlax|Reflect|p2a: Snorlax\n|-start|p2a: Snorlax|Reflect\n|move|p1a: Snorlax|Body Slam|p2a: Snorlax\n|-damage|p2a: Snorlax|65/100\n|\n|upkeep\n|turn|9\n|\n|t:|1784835869\n|switch|p1a: Chansey|Chansey|79/100\n|move|p2a: Snorlax|Ice Beam|p1a: Chansey\n|-damage|p1a: Chansey|70/100\n|\n|upkeep\n|turn|10\n|\n|t:|1784835876\n|move|p1a: Chansey|Seismic Toss|p2a: Snorlax\n|-damage|p2a: Snorlax|46/100\n|move|p2a: Snorlax|Amnesia|p2a: Snorlax\n|-boost|p2a: Snorlax|spa|2\n|-boost|p2a: Snorlax|spd|2\n|\n|upkeep\n|turn|11\n|\n|t:|1784835890\n|move|p1a: Chansey|Thunder Wave|p2a: Snorlax\n|-status|p2a: Snorlax|par\n|cant|p2a: Snorlax|par\n|\n|upkeep\n|turn|12\n|\n|t:|1784835897\n|switch|p1a: Starmie|Starmie|100/100\n|move|p2a: Snorlax|Rest|p2a: Snorlax\n|-status|p2a: Snorlax|slp|[from] move: Rest\n|-heal|p2a: Snorlax|100/100 slp|[silent]\n|\n|upkeep\n|turn|13\n|\n|t:|1784835902\n|move|p1a: Starmie|Surf|p2a: Snorlax\n|-damage|p2a: Snorlax|87/100 slp\n|cant|p2a: Snorlax|slp\n|\n|upkeep\n|turn|14\n|\n|t:|1784835906\n|move|p1a: Starmie|Surf|p2a: Snorlax\n|-damage|p2a: Snorlax|73/100 slp\n|-curestatus|p2a: Snorlax|slp|[msg]\n|\n|upkeep\n|turn|15\n|\n|t:|1784835923\n|move|p1a: Starmie|Thunder Wave|p2a: Snorlax\n|-status|p2a: Snorlax|par\n|cant|p2a: Snorlax|par\n|\n|upkeep\n|turn|16\n|\n|t:|1784835928\n|move|p1a: Starmie|Surf|p2a: Snorlax\n|-damage|p2a: Snorlax|60/100 par\n|move|p2a: Snorlax|Amnesia|p2a: Snorlax\n|-boost|p2a: Snorlax|spa|2\n|-boost|p2a: Snorlax|spd|2\n|\n|upkeep\n|turn|17\n|\n|t:|1784835932\n|move|p1a: Starmie|Surf|p2a: Snorlax\n|-damage|p2a: Snorlax|50/100 par\n|move|p2a: Snorlax|Rest|p2a: Snorlax\n|-status|p2a: Snorlax|slp|[from] move: Rest\n|-heal|p2a: Snorlax|100/100 slp|[silent]\n|\n|upkeep\n|turn|18\n|\n|t:|1784835935\n|move|p1a: Starmie|Surf|p2a: Snorlax\n|-damage|p2a: Snorlax|91/100 slp\n|cant|p2a: Snorlax|slp\n|\n|upkeep\n|turn|19\n|\n|t:|1784835937\n|move|p1a: Starmie|Surf|p2a: Snorlax\n|-crit|p2a: Snorlax\n|-damage|p2a: Snorlax|37/100 slp\n|-curestatus|p2a: Snorlax|slp|[msg]\n|\n|upkeep\n|turn|20\n|\n|t:|1784835940\n|move|p1a: Starmie|Surf|p2a: Snorlax\n|-damage|p2a: Snorlax|29/100\n|move|p2a: Snorlax|Rest|p2a: Snorlax\n|-status|p2a: Snorlax|slp|[from] move: Rest\n|-heal|p2a: Snorlax|100/100 slp|[silent]\n|\n|upkeep\n|turn|21\n|\n|t:|1784835944\n|move|p1a: Starmie|Surf|p2a: Snorlax\n|-damage|p2a: Snorlax|91/100 slp\n|cant|p2a: Snorlax|slp\n|\n|upkeep\n|turn|22\n|\n|t:|1784835946\n|move|p1a: Starmie|Surf|p2a: Snorlax\n|-damage|p2a: Snorlax|82/100 slp\n|-curestatus|p2a: Snorlax|slp|[msg]\n|\n|upkeep\n|turn|23\n|\n|t:|1784835956\n|move|p1a: Starmie|Thunder Wave|p2a: Snorlax\n|-status|p2a: Snorlax|par\n|move|p2a: Snorlax|Amnesia|p2a: Snorlax\n|-boost|p2a: Snorlax|spa|2\n|-boost|p2a: Snorlax|spd|2\n|\n|upkeep\n|turn|24\n|\n|t:|1784835960\n|move|p1a: Starmie|Surf|p2a: Snorlax\n|-damage|p2a: Snorlax|74/100 par\n|move|p2a: Snorlax|Ice Beam|p1a: Starmie\n|-resisted|p1a: Starmie\n|-damage|p1a: Starmie|68/100\n|\n|upkeep\n|turn|25\n|\n|t:|1784835967\n|move|p1a: Starmie|Recover|p1a: Starmie\n|-heal|p1a: Starmie|100/100\n|move|p2a: Snorlax|Ice Beam|p1a: Starmie\n|-crit|p1a: Starmie\n|-resisted|p1a: Starmie\n|-damage|p1a: Starmie|83/100\n|\n|upkeep\n|turn|26\n|\n|t:|1784835974\n|move|p1a: Starmie|Surf|p2a: Snorlax\n|-crit|p2a: Snorlax\n|-damage|p2a: Snorlax|24/100 par\n|move|p2a: Snorlax|Ice Beam|p1a: Starmie\n|-resisted|p1a: Starmie\n|-damage|p1a: Starmie|50/100\n|\n|upkeep\n|turn|27\n|\n|t:|1784835981\n|move|p1a: Starmie|Surf|p2a: Snorlax\n|-damage|p2a: Snorlax|17/100 par\n|move|p2a: Snorlax|Rest|p2a: Snorlax\n|-status|p2a: Snorlax|slp|[from] move: Rest\n|-heal|p2a: Snorlax|100/100 slp|[silent]\n|\n|upkeep\n|turn|28\n|\n|t:|1784835985\n|move|p1a: Starmie|Surf|p2a: Snorlax\n|-crit|p2a: Snorlax\n|-damage|p2a: Snorlax|51/100 slp\n|cant|p2a: Snorlax|slp\n|\n|upkeep\n|turn|29\n|\n|t:|1784835988\n|move|p1a: Starmie|Surf|p2a: Snorlax\n|-damage|p2a: Snorlax|44/100 slp\n|-curestatus|p2a: Snorlax|slp|[msg]\n|\n|upkeep\n|turn|30\n|\n|t:|1784835991\n|move|p1a: Starmie|Surf|p2a: Snorlax\n|-crit|p2a: Snorlax\n|-damage|p2a: Snorlax|0 fnt\n|faint|p2a: Snorlax\n|\n|t:|1784835996\n|switch|p2a: Jolteon|Jolteon|100/100\n|turn|31\n|\n|t:|1784836018\n|switch|p1a: Exeggutor|Exeggutor|100/100\n|move|p2a: Jolteon|Double Kick|p1a: Exeggutor\n|-resisted|p1a: Exeggutor\n|-damage|p1a: Exeggutor|98/100\n|-damage|p1a: Exeggutor|95/100\n|-hitcount|p1a: Exeggutor|2\n|\n|upkeep\n|turn|32\n|inactive|Nails has 270 seconds left.\n|\n|t:|1784836040\n|move|p2a: Jolteon|Thunder Wave|p1a: Exeggutor\n|-status|p1a: Exeggutor|par\n|cant|p1a: Exeggutor|par\n|\n|upkeep\n|turn|33\n|inactive|Nails has 270 seconds left.\n|\n|t:|1784836054\n|switch|p2a: Jynx|Jynx|70/100 par\n|move|p1a: Exeggutor|Psychic|p2a: Jynx\n|-resisted|p2a: Jynx\n|-damage|p2a: Jynx|51/100 par\n|\n|upkeep\n|turn|34\n|\n|t:|1784836058\n|switch|p1a: Chansey|Chansey|70/100\n|move|p2a: Jynx|Blizzard|p1a: Chansey|[miss]\n|-miss|p2a: Jynx\n|\n|upkeep\n|turn|35\n|\n|t:|1784836062\n|switch|p2a: Chansey|Chansey|100/100 par\n|move|p1a: Chansey|Seismic Toss|p2a: Chansey\n|-damage|p2a: Chansey|86/100 par\n|\n|upkeep\n|turn|36\n|\n|t:|1784836068\n|switch|p1a: Snorlax|Snorlax|100/100\n|cant|p2a: Chansey|par\n|\n|upkeep\n|turn|37\n|\n|t:|1784836075\n|move|p1a: Snorlax|Earthquake|p2a: Chansey\n|-damage|p2a: Chansey|55/100 par\n|move|p2a: Chansey|Soft-Boiled|p2a: Chansey\n|-heal|p2a: Chansey|100/100 par\n|\n|upkeep\n|turn|38\n|\n|t:|1784836080\n|move|p1a: Snorlax|Earthquake|p2a: Chansey\n|-damage|p2a: Chansey|67/100 par\n|move|p2a: Chansey|Ice Beam|p1a: Snorlax\n|-damage|p1a: Snorlax|83/100\n|\n|upkeep\n|turn|39\n|\n|t:|1784836091\n|switch|p2a: Starmie|Starmie|100/100\n|move|p1a: Snorlax|Earthquake|p2a: Starmie\n|-damage|p2a: Starmie|72/100\n|\n|upkeep\n|turn|40\n|\n|t:|1784836099\n|switch|p1a: Chansey|Chansey|70/100\n|move|p2a: Starmie|Blizzard|p1a: Chansey\n|-damage|p1a: Chansey|57/100\n|\n|upkeep\n|turn|41\n|\n|t:|1784836112\n|move|p2a: Starmie|Blizzard|p1a: Chansey\n|-damage|p1a: Chansey|44/100\n|move|p1a: Chansey|Soft-Boiled|p1a: Chansey\n|-heal|p1a: Chansey|94/100\n|\n|upkeep\n|turn|42\n|\n|t:|1784836116\n|switch|p2a: Chansey|Chansey|67/100 par\n|move|p1a: Chansey|Seismic Toss|p2a: Chansey\n|-damage|p2a: Chansey|53/100 par\n|\n|upkeep\n|turn|43\n|\n|t:|1784836123\n|switch|p1a: Snorlax|Snorlax|83/100\n|move|p2a: Chansey|Soft-Boiled|p2a: Chansey\n|-heal|p2a: Chansey|100/100 par\n|\n|upkeep\n|turn|44\n|\n|t:|1784836130\n|move|p1a: Snorlax|Earthquake|p2a: Chansey\n|-damage|p2a: Chansey|70/100 par\n|cant|p2a: Chansey|par\n|\n|upkeep\n|turn|45\n|\n|t:|1784836134\n|move|p1a: Snorlax|Earthquake|p2a: Chansey\n|-damage|p2a: Chansey|40/100 par\n|move|p2a: Chansey|Soft-Boiled|p2a: Chansey\n|-heal|p2a: Chansey|90/100 par\n|\n|upkeep\n|turn|46\n|\n|t:|1784836139\n|move|p1a: Snorlax|Earthquake|p2a: Chansey\n|-damage|p2a: Chansey|61/100 par\n|move|p2a: Chansey|Ice Beam|p1a: Snorlax\n|-damage|p1a: Snorlax|64/100\n|\n|upkeep\n|turn|47\n|\n|t:|1784836142\n|move|p1a: Snorlax|Earthquake|p2a: Chansey\n|-damage|p2a: Chansey|29/100 par\n|move|p2a: Chansey|Soft-Boiled|p2a: Chansey\n|-heal|p2a: Chansey|79/100 par\n|\n|upkeep\n|turn|48\n|\n|t:|1784836149\n|move|p1a: Snorlax|Earthquake|p2a: Chansey\n|-damage|p2a: Chansey|49/100 par\n|move|p2a: Chansey|Soft-Boiled|p2a: Chansey\n|-heal|p2a: Chansey|99/100 par\n|\n|upkeep\n|turn|49\n|\n|t:|1784836158\n|move|p1a: Snorlax|Earthquake|p2a: Chansey\n|-damage|p2a: Chansey|67/100 par\n|move|p2a: Chansey|Ice Beam|p1a: Snorlax\n|-damage|p1a: Snorlax|44/100\n|-status|p1a: Snorlax|frz\n|\n|upkeep\n|turn|50\n|\n|t:|1784836171\n|switch|p1a: Starmie|Starmie|50/100\n|move|p2a: Chansey|Soft-Boiled|p2a: Chansey\n|-heal|p2a: Chansey|100/100 par\n|\n|upkeep\n|turn|51\n|\n|t:|1784836176\n|move|p1a: Starmie|Recover|p1a: Starmie\n|-heal|p1a: Starmie|99/100\n|move|p2a: Chansey|Thunderbolt|p1a: Starmie\n|-supereffective|p1a: Starmie\n|-damage|p1a: Starmie|55/100\n|\n|upkeep\n|turn|52\n|\n|t:|1784836182\n|move|p1a: Starmie|Recover|p1a: Starmie\n|-heal|p1a: Starmie|100/100\n|move|p2a: Chansey|Thunderbolt|p1a: Starmie\n|-supereffective|p1a: Starmie\n|-damage|p1a: Starmie|53/100\n|\n|upkeep\n|turn|53\n|\n|t:|1784836185\n|move|p1a: Starmie|Recover|p1a: Starmie\n|-heal|p1a: Starmie|100/100\n|move|p2a: Chansey|Thunderbolt|p1a: Starmie\n|-supereffective|p1a: Starmie\n|-damage|p1a: Starmie|53/100\n|\n|upkeep\n|turn|54\n|\n|t:|1784836188\n|move|p1a: Starmie|Recover|p1a: Starmie\n|-heal|p1a: Starmie|100/100\n|move|p2a: Chansey|Thunderbolt|p1a: Starmie\n|-supereffective|p1a: Starmie\n|-damage|p1a: Starmie|53/100\n|\n|upkeep\n|turn|55\n|\n|t:|1784836191\n|move|p1a: Starmie|Recover|p1a: Starmie\n|-heal|p1a: Starmie|100/100\n|move|p2a: Chansey|Thunderbolt|p1a: Starmie\n|-supereffective|p1a: Starmie\n|-damage|p1a: Starmie|49/100\n|\n|upkeep\n|turn|56\n|\n|t:|1784836193\n|move|p1a: Starmie|Recover|p1a: Starmie\n|-heal|p1a: Starmie|99/100\n|cant|p2a: Chansey|par\n|\n|upkeep\n|turn|57\n|\n|t:|1784836212\n|switch|p1a: Alakazam|Alakazam|100/100 slp\n|cant|p2a: Chansey|par\n|\n|upkeep\n|turn|58\n|\n|t:|1784836231\n|switch|p2a: Tauros|Tauros|100/100\n|cant|p1a: Alakazam|slp\n|\n|upkeep\n|turn|59\n|\n|t:|1784836235\n|switch|p1a: Snorlax|Snorlax|44/100 frz\n|move|p2a: Tauros|Body Slam|p1a: Snorlax\n|-damage|p1a: Snorlax|17/100 frz\n|\n|upkeep\n|turn|60\n|\n|t:|1784836238\n|move|p2a: Tauros|Body Slam|p1a: Snorlax\n|-damage|p1a: Snorlax|0 fnt\n|faint|p1a: Snorlax\n|\n|t:|1784836240\n|switch|p1a: Tauros|Tauros|100/100\n|turn|61\n|\n|t:|1784836251\n|move|p1a: Tauros|Body Slam|p2a: Tauros\n|-crit|p2a: Tauros\n|-damage|p2a: Tauros|41/100\n|move|p2a: Tauros|Body Slam|p1a: Tauros\n|-damage|p1a: Tauros|70/100\n|\n|upkeep\n|turn|62\n|inactive|Nails has 270 seconds left.\n|\n|t:|1784836292\n|move|p2a: Tauros|Body Slam|p1a: Tauros\n|-crit|p1a: Tauros\n|-damage|p1a: Tauros|13/100\n|move|p1a: Tauros|Body Slam|p2a: Tauros\n|-damage|p2a: Tauros|14/100\n|\n|upkeep\n|turn|63\n|\n|t:|1784836299\n|move|p2a: Tauros|Body Slam|p1a: Tauros\n|-damage|p1a: Tauros|0 fnt\n|faint|p1a: Tauros\n|\n|t:|1784836303\n|switch|p1a: Starmie|Starmie|99/100\n|turn|64\n|\n|t:|1784836310\n|switch|p2a: Chansey|Chansey|100/100 par\n|move|p1a: Starmie|Surf|p2a: Chansey\n|-damage|p2a: Chansey|85/100 par\n|\n|upkeep\n|turn|65\n|\n|t:|1784836319\n|move|p1a: Starmie|Surf|p2a: Chansey\n|-damage|p2a: Chansey|68/100 par\n|move|p2a: Chansey|Ice Beam|p1a: Starmie\n|-resisted|p1a: Starmie\n|-damage|p1a: Starmie|87/100\n|\n|upkeep\n|turn|66\n|\n|t:|1784836327\n|move|p1a: Starmie|Surf|p2a: Chansey\n|-damage|p2a: Chansey|54/100 par\n|cant|p2a: Chansey|par\n|\n|upkeep\n|turn|67\n|\n|t:|1784836332\n|move|p1a: Starmie|Surf|p2a: Chansey\n|-damage|p2a: Chansey|38/100 par\n|move|p2a: Chansey|Soft-Boiled|p2a: Chansey\n|-heal|p2a: Chansey|88/100 par\n|\n|upkeep\n|turn|68\n|\n|t:|1784836336\n|switch|p1a: Chansey|Chansey|94/100\n|cant|p2a: Chansey|par\n|\n|upkeep\n|turn|69\n|\n|t:|1784836341\n|move|p1a: Chansey|Seismic Toss|p2a: Chansey\n|-damage|p2a: Chansey|73/100 par\n|cant|p2a: Chansey|par\n|\n|upkeep\n|turn|70\n|\n|t:|1784836350\n|move|p1a: Chansey|Seismic Toss|p2a: Chansey\n|-damage|p2a: Chansey|59/100 par\n|cant|p2a: Chansey|par\n|\n|upkeep\n|turn|71\n|\n|t:|1784836355\n|switch|p1a: Exeggutor|Exeggutor|95/100 par\n|move|p2a: Chansey|Soft-Boiled|p2a: Chansey\n|-heal|p2a: Chansey|100/100 par\n|\n|upkeep\n|turn|72\n|\n|t:|1784836364\n|switch|p2a: Jynx|Jynx|51/100 par\n|cant|p1a: Exeggutor|par\n|\n|upkeep\n|turn|73\n|\n|t:|1784836369\n|switch|p1a: Starmie|Starmie|87/100\n|move|p2a: Jynx|Blizzard|p1a: Starmie\n|-resisted|p1a: Starmie\n|-damage|p1a: Starmie|67/100\n|-status|p1a: Starmie|frz\n|\n|upkeep\n|turn|74\n|-message|SOULWIND forfeited.\n|\n|win|Nails\n|c|☆SOULWIND|gg\n|c|☆Nails|gg\n|player|p1|\n|player|p2|\n|player|p1|SOULWIND|#wcop2024spain2|\n","uploadtime":1784836377,"views":"61","formatid":"gen1ou","rating":null,"private":2,"password":null}