{"id":"smogtours-gen1ou-959293","format":"[Gen 1] OU","players":["Kaz","Soda Krys"],"log":"|inactive|Battle timer is ON: inactive players will automatically lose when time's up.\n|t:|1785090707\n|gametype|singles\n|player|p1|Kaz|#kaz|\n|player|p2|Soda Krys|gwynn|\n|gen|1\n|tier|[Gen 1] OU\n|rule|Desync Clause Mod: Desyncs resolve to link battle behavior from the acting player's perspective.\n|rule|HP Percentage Mod: HP is shown in percentages\n|rule|Endless Battle Clause: Forcing endless battles is banned\n|rule|Sleep Clause Mod: Limit one foe put to sleep\n|rule|Freeze Clause Mod: Limit one foe frozen\n|rule|Species Clause: Limit one of each Pokémon\n|rule|OHKO Clause: OHKO moves are banned\n|rule|Evasion Moves Clause: Evasion moves are banned\n|\n|t:|1785090707\n|teamsize|p1|6\n|teamsize|p2|6\n|start\n|switch|p1a: Alakazam|Alakazam|100/100\n|switch|p2a: Alakazam|Alakazam|100/100\n|turn|1\n|c|☆Kaz|hf\n|c|☆Soda Krys|hf\n|\n|t:|1785090725\n|switch|p2a: Chansey|Chansey|100/100\n|move|p1a: Alakazam|Thunder Wave|p2a: Chansey\n|-status|p2a: Chansey|par\n|\n|upkeep\n|turn|2\n|inactive|Kaz has 270 seconds left.\n|\n|t:|1785090765\n|move|p1a: Alakazam|Psychic|p2a: Chansey\n|-damage|p2a: Chansey|83/100 par\n|move|p2a: Chansey|Sing|p1a: Alakazam|[miss]\n|-miss|p2a: Chansey\n|\n|upkeep\n|turn|3\n|inactive|Kaz has 270 seconds left.\n|\n|t:|1785090774\n|move|p1a: Alakazam|Psychic|p2a: Chansey\n|-crit|p2a: Chansey\n|-damage|p2a: Chansey|49/100 par\n|-unboost|p2a: Chansey|spa|1\n|-unboost|p2a: Chansey|spd|1\n|move|p2a: Chansey|Sing|p1a: Alakazam\n|-status|p1a: Alakazam|slp|[from] move: Sing\n|\n|upkeep\n|turn|4\n|\n|t:|1785090778\n|switch|p1a: Rhydon|Rhydon|100/100\n|move|p2a: Chansey|Soft-Boiled|p2a: Chansey\n|-heal|p2a: Chansey|99/100 par\n|\n|upkeep\n|turn|5\n|\n|t:|1785090779\n|switch|p2a: Exeggutor|Exeggutor|100/100\n|move|p1a: Rhydon|Body Slam|p2a: Exeggutor\n|-damage|p2a: Exeggutor|77/100\n|\n|upkeep\n|turn|6\n|\n|t:|1785090783\n|switch|p1a: Alakazam|Alakazam|100/100 slp\n|move|p2a: Exeggutor|Stun Spore|p1a: Alakazam\n|-fail|p1a: Alakazam\n|\n|upkeep\n|turn|7\n|\n|t:|1785090785\n|switch|p1a: Chansey|Chansey|100/100\n|move|p2a: Exeggutor|Psychic|p1a: Chansey\n|-damage|p1a: Chansey|83/100\n|\n|upkeep\n|turn|8\n|\n|t:|1785090788\n|switch|p2a: Chansey|Chansey|99/100 par\n|move|p1a: Chansey|Ice Beam|p2a: Chansey\n|-damage|p2a: Chansey|89/100 par\n|\n|upkeep\n|turn|9\n|\n|t:|1785090790\n|switch|p1a: Alakazam|Alakazam|100/100 slp\n|switch|p2a: Exeggutor|Exeggutor|77/100\n|\n|upkeep\n|turn|10\n|\n|t:|1785090793\n|switch|p1a: Chansey|Chansey|83/100\n|move|p2a: Exeggutor|Psychic|p1a: Chansey\n|-damage|p1a: Chansey|66/100\n|\n|upkeep\n|turn|11\n|\n|t:|1785090795\n|switch|p2a: Chansey|Chansey|89/100 par\n|move|p1a: Chansey|Soft-Boiled|p1a: Chansey\n|-heal|p1a: Chansey|100/100\n|\n|upkeep\n|turn|12\n|\n|t:|1785090799\n|switch|p1a: Rhydon|Rhydon|100/100\n|cant|p2a: Chansey|par\n|\n|upkeep\n|turn|13\n|\n|t:|1785090807\n|switch|p2a: Exeggutor|Exeggutor|77/100\n|move|p1a: Rhydon|Body Slam|p2a: Exeggutor\n|-damage|p2a: Exeggutor|56/100\n|\n|upkeep\n|turn|14\n|\n|t:|1785090820\n|switch|p1a: Chansey|Chansey|100/100\n|move|p2a: Exeggutor|Psychic|p1a: Chansey\n|-damage|p1a: Chansey|84/100\n|\n|upkeep\n|turn|15\n|\n|t:|1785090830\n|move|p2a: Exeggutor|Stun Spore|p1a: Chansey\n|-status|p1a: Chansey|par\n|cant|p1a: Chansey|par\n|\n|upkeep\n|turn|16\n|\n|t:|1785090845\n|move|p2a: Exeggutor|Stun Spore|p1a: Chansey\n|-fail|p1a: Chansey|par\n|move|p1a: Chansey|Ice Beam|p2a: Exeggutor\n|-supereffective|p2a: Exeggutor\n|-damage|p2a: Exeggutor|25/100\n|-status|p2a: Exeggutor|frz\n|\n|upkeep\n|turn|17\n|\n|t:|1785090854\n|switch|p2a: Cloyster|Cloyster|100/100\n|switch|p1a: Rhydon|Rhydon|100/100\n|\n|upkeep\n|turn|18\n|\n|t:|1785090857\n|switch|p1a: Chansey|Chansey|84/100 par\n|move|p2a: Cloyster|Clamp|p1a: Chansey\n|-damage|p1a: Chansey|79/100 par\n|\n|upkeep\n|turn|19\n|\n|t:|1785090860\n|switch|p1a: Starmie|Starmie|100/100\n|move|p2a: Cloyster|Clamp|p1a: Starmie|[miss]\n|-miss|p2a: Cloyster\n|\n|upkeep\n|turn|20\n|\n|t:|1785090867\n|switch|p2a: Chansey|Chansey|89/100 par\n|move|p1a: Starmie|Psychic|p2a: Chansey\n|-crit|p2a: Chansey\n|-damage|p2a: Chansey|59/100 par\n|-unboost|p2a: Chansey|spa|1\n|-unboost|p2a: Chansey|spd|1\n|\n|upkeep\n|turn|21\n|\n|t:|1785090871\n|switch|p1a: Rhydon|Rhydon|100/100\n|cant|p2a: Chansey|par\n|\n|upkeep\n|turn|22\n|\n|t:|1785090877\n|switch|p2a: Exeggutor|Exeggutor|25/100 frz\n|move|p1a: Rhydon|Rock Slide|p2a: Exeggutor\n|-damage|p2a: Exeggutor|0 fnt\n|faint|p2a: Exeggutor\n|\n|t:|1785090878\n|switch|p2a: Cloyster|Cloyster|100/100\n|turn|23\n|\n|t:|1785090881\n|switch|p1a: Chansey|Chansey|79/100 par\n|move|p2a: Cloyster|Blizzard|p1a: Chansey\n|-damage|p1a: Chansey|61/100 par\n|\n|upkeep\n|turn|24\n|\n|t:|1785090884\n|move|p2a: Cloyster|Clamp|p1a: Chansey\n|-damage|p1a: Chansey|56/100 par\n|cant|p1a: Chansey|partiallytrapped\n|\n|upkeep\n|turn|25\n|\n|t:|1785090886\n|switch|p2a: Alakazam|Alakazam|100/100\n|switch|p1a: Starmie|Starmie|100/100\n|\n|upkeep\n|turn|26\n|inactive|Kaz has 270 seconds left.\n|\n|t:|1785090917\n|move|p2a: Alakazam|Thunder Wave|p1a: Starmie\n|-status|p1a: Starmie|par\n|move|p1a: Starmie|Thunder Wave|p2a: Alakazam\n|-status|p2a: Alakazam|par\n|\n|upkeep\n|turn|27\n|\n|t:|1785090921\n|move|p2a: Alakazam|Seismic Toss|p1a: Starmie\n|-damage|p1a: Starmie|70/100 par\n|move|p1a: Starmie|Psychic|p2a: Alakazam\n|-crit|p2a: Alakazam\n|-resisted|p2a: Alakazam\n|-damage|p2a: Alakazam|73/100 par\n|-unboost|p2a: Alakazam|spa|1\n|-unboost|p2a: Alakazam|spd|1\n|\n|upkeep\n|turn|28\n|\n|t:|1785090923\n|move|p1a: Starmie|Recover|p1a: Starmie\n|-heal|p1a: Starmie|100/100 par\n|cant|p2a: Alakazam|par\n|\n|upkeep\n|turn|29\n|\n|t:|1785090927\n|switch|p2a: Chansey|Chansey|59/100 par\n|cant|p1a: Starmie|par\n|\n|upkeep\n|turn|30\n|\n|t:|1785090930\n|switch|p1a: Rhydon|Rhydon|100/100\n|move|p2a: Chansey|Soft-Boiled|p2a: Chansey\n|-heal|p2a: Chansey|100/100 par\n|\n|upkeep\n|turn|31\n|\n|t:|1785090936\n|switch|p2a: Cloyster|Cloyster|100/100\n|move|p1a: Rhydon|Earthquake|p2a: Cloyster\n|-damage|p2a: Cloyster|71/100\n|\n|upkeep\n|turn|32\n|\n|t:|1785090940\n|switch|p1a: Starmie|Starmie|100/100 par\n|move|p2a: Cloyster|Clamp|p1a: Starmie\n|-resisted|p1a: Starmie\n|-damage|p1a: Starmie|95/100 par\n|\n|upkeep\n|turn|33\n|\n|t:|1785090945\n|switch|p1a: Alakazam|Alakazam|100/100 slp\n|move|p2a: Cloyster|Clamp|p1a: Alakazam\n|-damage|p1a: Alakazam|90/100 slp\n|\n|upkeep\n|turn|34\n|\n|t:|1785090948\n|switch|p1a: Starmie|Starmie|95/100 par\n|switch|p2a: Tauros|Tauros|100/100\n|\n|upkeep\n|turn|35\n|\n|t:|1785090954\n|switch|p2a: Chansey|Chansey|100/100 par\n|switch|p1a: Rhydon|Rhydon|100/100\n|\n|upkeep\n|turn|36\n|\n|t:|1785090959\n|switch|p2a: Cloyster|Cloyster|71/100\n|move|p1a: Rhydon|Rock Slide|p2a: Cloyster\n|-supereffective|p2a: Cloyster\n|-damage|p2a: Cloyster|28/100\n|\n|upkeep\n|turn|37\n|\n|t:|1785090969\n|switch|p1a: Gengar|Gengar|100/100\n|move|p2a: Cloyster|Blizzard|p1a: Gengar|[miss]\n|-miss|p2a: Cloyster\n|\n|upkeep\n|turn|38\n|\n|t:|1785090976\n|switch|p1a: Rhydon|Rhydon|100/100\n|switch|p2a: Alakazam|Alakazam|73/100 par\n|\n|upkeep\n|turn|39\n|\n|t:|1785090981\n|move|p1a: Rhydon|Earthquake|p2a: Alakazam\n|-crit|p2a: Alakazam\n|-damage|p2a: Alakazam|0 fnt\n|faint|p2a: Alakazam\n|\n|t:|1785090984\n|switch|p2a: Rhydon|Rhydon|100/100\n|turn|40\n|\n|t:|1785091006\n|switch|p1a: Chansey|Chansey|56/100 par\n|move|p2a: Rhydon|Earthquake|p1a: Chansey\n|-damage|p1a: Chansey|0 fnt\n|faint|p1a: Chansey\n|\n|t:|1785091019\n|switch|p1a: Tauros|Tauros|100/100\n|turn|41\n|\n|t:|1785091023\n|move|p1a: Tauros|Blizzard|p2a: Rhydon\n|-supereffective|p2a: Rhydon\n|-damage|p2a: Rhydon|47/100\n|-status|p2a: Rhydon|frz\n|cant|p2a: Rhydon|frz\n|\n|upkeep\n|turn|42\n|\n|t:|1785091035\n|move|p1a: Tauros|Body Slam|p2a: Rhydon\n|-resisted|p2a: Rhydon\n|-damage|p2a: Rhydon|37/100 frz\n|cant|p2a: Rhydon|frz\n|\n|upkeep\n|turn|43\n|\n|t:|1785091037\n|move|p1a: Tauros|Body Slam|p2a: Rhydon\n|-resisted|p2a: Rhydon\n|-damage|p2a: Rhydon|27/100 frz\n|cant|p2a: Rhydon|frz\n|\n|upkeep\n|turn|44\n|\n|t:|1785091039\n|move|p1a: Tauros|Body Slam|p2a: Rhydon\n|-resisted|p2a: Rhydon\n|-damage|p2a: Rhydon|16/100 frz\n|cant|p2a: Rhydon|frz\n|\n|upkeep\n|turn|45\n|\n|t:|1785091042\n|move|p1a: Tauros|Body Slam|p2a: Rhydon\n|-crit|p2a: Rhydon\n|-resisted|p2a: Rhydon\n|-damage|p2a: Rhydon|0 fnt\n|faint|p2a: Rhydon\n|\n|t:|1785091043\n|switch|p2a: Tauros|Tauros|100/100\n|turn|46\n|\n|t:|1785091060\n|move|p2a: Tauros|Earthquake|p1a: Tauros\n|-damage|p1a: Tauros|76/100\n|move|p1a: Tauros|Body Slam|p2a: Tauros\n|-damage|p2a: Tauros|73/100\n|\n|upkeep\n|turn|47\n|\n|t:|1785091069\n|move|p2a: Tauros|Earthquake|p1a: Tauros\n|-damage|p1a: Tauros|52/100\n|move|p1a: Tauros|Body Slam|p2a: Tauros\n|-crit|p2a: Tauros\n|-damage|p2a: Tauros|13/100\n|\n|upkeep\n|turn|48\n|\n|t:|1785091095\n|move|p1a: Tauros|Body Slam|p2a: Tauros\n|-crit|p2a: Tauros\n|-damage|p2a: Tauros|0 fnt\n|faint|p2a: Tauros\n|-message|Soda Krys forfeited.\n|\n|win|Kaz\n|c|☆Kaz|handshake\n|c|☆Soda Krys|fgg\n|c|☆Soda Krys|gg*\n|player|p1|\n|player|p2|\n","uploadtime":1785091096,"views":"62","formatid":"gen1ou","rating":null,"private":0,"password":null}