{"id":"smogtours-gen1ou-947849","format":"[Gen 1] OU","players":["AsmiRedx","Charmflash"],"log":"|inactive|Battle timer is ON: inactive players will automatically lose when time's up.\n|t:|1781825556\n|gametype|singles\n|player|p1|AsmiRedx|#wcop2026mexico2|\n|player|p2|Charmflash|#splxviiraiders|\n|gen|1\n|tier|[Gen 1] OU\n|rule|Desync Clause Mod: Desyncs changed to move failure.\n|rule|HP Percentage Mod: HP is shown in percentages\n|rule|Endless Battle Clause: Forcing endless battles is banned\n|rule|Sleep Clause Mod: Limit one foe put to sleep\n|rule|Freeze Clause Mod: Limit one foe frozen\n|rule|Species Clause: Limit one of each Pokémon\n|rule|OHKO Clause: OHKO moves are banned\n|rule|Evasion Moves Clause: Evasion moves are banned\n|\n|t:|1781825556\n|teamsize|p1|6\n|teamsize|p2|6\n|start\n|switch|p1a: Starmie|Starmie|100/100\n|switch|p2a: Alakazam|Alakazam|100/100\n|turn|1\n|\n|t:|1781825570\n|switch|p2a: Jynx|Jynx|100/100\n|switch|p1a: Chansey|Chansey|100/100\n|\n|upkeep\n|turn|2\n|\n|t:|1781825577\n|switch|p1a: Rhydon|Rhydon|100/100\n|move|p2a: Jynx|Lovely Kiss|p1a: Rhydon\n|-status|p1a: Rhydon|slp|[from] move: Lovely Kiss\n|\n|upkeep\n|turn|3\n|\n|t:|1781825585\n|switch|p1a: Cloyster|Cloyster|100/100\n|move|p2a: Jynx|Ice Beam|p1a: Cloyster\n|-resisted|p1a: Cloyster\n|-damage|p1a: Cloyster|91/100\n|\n|upkeep\n|turn|4\n|\n|t:|1781825601\n|switch|p1a: Chansey|Chansey|100/100\n|move|p2a: Jynx|Psychic|p1a: Chansey\n|-damage|p1a: Chansey|86/100\n|\n|upkeep\n|turn|5\n|\n|t:|1781825606\n|move|p2a: Jynx|Ice Beam|p1a: Chansey\n|-damage|p1a: Chansey|72/100\n|move|p1a: Chansey|Thunder Wave|p2a: Jynx\n|-status|p2a: Jynx|par\n|\n|upkeep\n|turn|6\n|\n|t:|1781825611\n|move|p1a: Chansey|Seismic Toss|p2a: Jynx\n|-damage|p2a: Jynx|70/100 par\n|move|p2a: Jynx|Ice Beam|p1a: Chansey\n|-crit|p1a: Chansey\n|-damage|p1a: Chansey|44/100\n|\n|upkeep\n|turn|7\n|\n|t:|1781825617\n|move|p1a: Chansey|Soft-Boiled|p1a: Chansey\n|-heal|p1a: Chansey|94/100\n|cant|p2a: Jynx|par\n|\n|upkeep\n|turn|8\n|\n|t:|1781825623\n|move|p1a: Chansey|Seismic Toss|p2a: Jynx\n|-damage|p2a: Jynx|40/100 par\n|move|p2a: Jynx|Rest|p2a: Jynx\n|-status|p2a: Jynx|slp|[from] move: Rest\n|-heal|p2a: Jynx|100/100 slp|[silent]\n|\n|upkeep\n|turn|9\n|\n|t:|1781825631\n|switch|p1a: Snorlax|Snorlax|100/100\n|cant|p2a: Jynx|slp\n|\n|upkeep\n|turn|10\n|\n|t:|1781825635\n|switch|p2a: Chansey|Chansey|100/100\n|move|p1a: Snorlax|Body Slam|p2a: Chansey|[miss]\n|-miss|p1a: Snorlax\n|-hint|In Gen 1, moves with 100% accuracy can still miss 1/256 of the time.\n|\n|upkeep\n|turn|11\n|\n|t:|1781825642\n|switch|p1a: Chansey|Chansey|94/100\n|move|p2a: Chansey|Ice Beam|p1a: Chansey\n|-damage|p1a: Chansey|84/100\n|\n|upkeep\n|turn|12\n|\n|t:|1781825649\n|switch|p2a: Jynx|Jynx|100/100 slp\n|switch|p1a: Cloyster|Cloyster|91/100\n|\n|upkeep\n|turn|13\n|\n|t:|1781825656\n|switch|p1a: Chansey|Chansey|84/100\n|-curestatus|p2a: Jynx|slp|[msg]\n|\n|upkeep\n|turn|14\n|\n|t:|1781825658\n|move|p2a: Jynx|Ice Beam|p1a: Chansey\n|-damage|p1a: Chansey|68/100\n|-status|p1a: Chansey|frz\n|cant|p1a: Chansey|frz\n|\n|upkeep\n|turn|15\n|\n|t:|1781825682\n|switch|p2a: Alakazam|Alakazam|100/100\n|switch|p1a: Starmie|Starmie|100/100\n|\n|upkeep\n|turn|16\n|\n|t:|1781825690\n|move|p2a: Alakazam|Thunder Wave|p1a: Starmie\n|-status|p1a: Starmie|par\n|cant|p1a: Starmie|par\n|\n|upkeep\n|turn|17\n|\n|t:|1781825694\n|move|p2a: Alakazam|Psychic|p1a: Starmie\n|-resisted|p1a: Starmie\n|-damage|p1a: Starmie|80/100 par\n|cant|p1a: Starmie|par\n|\n|upkeep\n|turn|18\n|\n|t:|1781825697\n|move|p2a: Alakazam|Psychic|p1a: Starmie\n|-resisted|p1a: Starmie\n|-damage|p1a: Starmie|61/100 par\n|cant|p1a: Starmie|par\n|\n|upkeep\n|turn|19\n|\n|t:|1781825700\n|move|p2a: Alakazam|Psychic|p1a: Starmie\n|-crit|p1a: Starmie\n|-resisted|p1a: Starmie\n|-damage|p1a: Starmie|20/100 par\n|move|p1a: Starmie|Thunder Wave|p2a: Alakazam\n|-status|p2a: Alakazam|par\n|\n|upkeep\n|turn|20\n|\n|t:|1781825707\n|move|p2a: Alakazam|Psychic|p1a: Starmie\n|-crit|p1a: Starmie\n|-resisted|p1a: Starmie\n|-damage|p1a: Starmie|0 fnt\n|faint|p1a: Starmie\n|\n|t:|1781825710\n|switch|p1a: Snorlax|Snorlax|100/100\n|turn|21\n|\n|t:|1781825713\n|switch|p2a: Chansey|Chansey|100/100\n|move|p1a: Snorlax|Body Slam|p2a: Chansey\n|-damage|p2a: Chansey|56/100\n|\n|upkeep\n|turn|22\n|\n|t:|1781825719\n|switch|p1a: Cloyster|Cloyster|91/100\n|move|p2a: Chansey|Soft-Boiled|p2a: Chansey\n|-heal|p2a: Chansey|100/100\n|\n|upkeep\n|turn|23\n|\n|t:|1781825727\n|switch|p2a: Jynx|Jynx|100/100\n|move|p1a: Cloyster|Clamp|p2a: Jynx|[miss]\n|-miss|p1a: Cloyster\n|\n|upkeep\n|turn|24\n|\n|t:|1781825732\n|move|p2a: Jynx|Psychic|p1a: Cloyster\n|-damage|p1a: Cloyster|53/100\n|-unboost|p1a: Cloyster|spa|1\n|-unboost|p1a: Cloyster|spd|1\n|move|p1a: Cloyster|Explosion|p2a: Jynx\n|-damage|p2a: Jynx|0 fnt\n|faint|p2a: Jynx\n|faint|p1a: Cloyster\n|\n|t:|1781825753\n|switch|p2a: Chansey|Chansey|100/100\n|switch|p1a: Snorlax|Snorlax|100/100\n|turn|25\n|\n|t:|1781825759\n|move|p2a: Chansey|Thunder Wave|p1a: Snorlax\n|-status|p1a: Snorlax|par\n|move|p1a: Snorlax|Body Slam|p2a: Chansey\n|-damage|p2a: Chansey|58/100\n|\n|upkeep\n|turn|26\n|\n|t:|1781825763\n|move|p2a: Chansey|Soft-Boiled|p2a: Chansey\n|-heal|p2a: Chansey|100/100\n|move|p1a: Snorlax|Reflect|p1a: Snorlax\n|-start|p1a: Snorlax|Reflect\n|\n|upkeep\n|turn|27\n|\n|t:|1781825766\n|move|p1a: Snorlax|Body Slam|p2a: Chansey\n|-damage|p2a: Chansey|56/100\n|move|p2a: Chansey|Counter|p1a: Snorlax\n|-damage|p1a: Snorlax|0 fnt\n|faint|p1a: Snorlax\n|\n|t:|1781825771\n|switch|p1a: Tauros|Tauros|100/100\n|turn|28\n|\n|t:|1781825778\n|switch|p2a: Snorlax|Snorlax|100/100\n|move|p1a: Tauros|Body Slam|p2a: Snorlax\n|-damage|p2a: Snorlax|77/100\n|\n|upkeep\n|turn|29\n|\n|t:|1781825783\n|move|p1a: Tauros|Blizzard|p2a: Snorlax\n|-damage|p2a: Snorlax|59/100\n|move|p2a: Snorlax|Body Slam|p1a: Tauros\n|-damage|p1a: Tauros|68/100\n|\n|upkeep\n|turn|30\n|\n|t:|1781825790\n|move|p1a: Tauros|Body Slam|p2a: Snorlax\n|-crit|p2a: Snorlax\n|-damage|p2a: Snorlax|11/100\n|move|p2a: Snorlax|Self-Destruct|p1a: Tauros\n|-damage|p1a: Tauros|0 fnt\n|faint|p1a: Tauros\n|faint|p2a: Snorlax\n|c|☆AsmiRedx|gg\n|\n|t:|1781825803\n|switch|p1a: Rhydon|Rhydon|100/100 slp\n|switch|p2a: Chansey|Chansey|56/100\n|turn|31\n|\n|t:|1781825814\n|move|p2a: Chansey|Ice Beam|p1a: Rhydon\n|-supereffective|p1a: Rhydon\n|-damage|p1a: Rhydon|43/100 slp\n|cant|p1a: Rhydon|slp\n|\n|upkeep\n|turn|32\n|\n|t:|1781825817\n|move|p2a: Chansey|Ice Beam|p1a: Rhydon\n|-supereffective|p1a: Rhydon\n|-damage|p1a: Rhydon|0 fnt\n|faint|p1a: Rhydon\n|\n|t:|1781825819\n|switch|p1a: Chansey|Chansey|68/100 frz\n|turn|33\n|c|☆Charmflash|gg\n|\n|t:|1781825822\n|switch|p2a: Tauros|Tauros|100/100\n|cant|p1a: Chansey|frz\n|\n|upkeep\n|turn|34\n|\n|t:|1781825826\n|move|p2a: Tauros|Body Slam|p1a: Chansey\n|-damage|p1a: Chansey|32/100 frz\n|cant|p1a: Chansey|frz\n|\n|upkeep\n|turn|35\n|\n|t:|1781825828\n|move|p2a: Tauros|Body Slam|p1a: Chansey\n|-damage|p1a: Chansey|0 fnt\n|faint|p1a: Chansey\n|\n|win|Charmflash\n|c|☆AsmiRedx|/log AsmiRedx made the replay of this battle unlisted.\n|player|p1|\n","uploadtime":1781825828,"views":"61","formatid":"gen1ou","rating":null,"private":2,"password":null}