{"id":"smogtours-gen1ou-911628","format":"[Gen 1] OU","players":["Sceptross","LNumbers"],"log":"|inactive|Battle timer is ON: inactive players will automatically lose when time's up.\n|t:|1771780010\n|gametype|singles\n|player|p1|Sceptross|#splxviicryonicles2|\n|player|p2|LNumbers|#splxviityrants2|\n|gen|1\n|tier|[Gen 1] OU\n|rule|Desync Clause Mod: Desyncs changed to move failure.\n|rule|Sleep Clause Mod: Limit one foe put to sleep\n|rule|Freeze Clause Mod: Limit one foe frozen\n|rule|Species Clause: Limit one of each Pokémon\n|rule|OHKO Clause: OHKO moves are banned\n|rule|Evasion Moves Clause: Evasion moves are banned\n|rule|Endless Battle Clause: Forcing endless battles is banned\n|rule|HP Percentage Mod: HP is shown in percentages\n|\n|t:|1771780010\n|teamsize|p1|6\n|teamsize|p2|6\n|start\n|switch|p1a: Starmie|Starmie|100/100\n|switch|p2a: Gengar|Gengar|100/100\n|turn|1\n|c|☆Sceptross|gl hf\n|c|☆LNumbers|u2\n|rated|Smogon Premier League\n|inactive|Sceptross has 270 seconds left.\n|\n|t:|1771780053\n|switch|p1a: Exeggutor|Exeggutor|100/100\n|move|p2a: Gengar|Hypnosis|p1a: Exeggutor\n|-status|p1a: Exeggutor|slp|[from] move: Hypnosis\n|\n|upkeep\n|turn|2\n|inactive|Sceptross has 270 seconds left.\n|\n|t:|1771780095\n|switch|p1a: Chansey|Chansey|100/100\n|move|p2a: Gengar|Night Shade|p1a: Chansey\n|-damage|p1a: Chansey|86/100\n|\n|upkeep\n|turn|3\n|inactive|LNumbers has 270 seconds left.\n|\n|t:|1771780123\n|move|p2a: Gengar|Night Shade|p1a: Chansey\n|-damage|p1a: Chansey|72/100\n|move|p1a: Chansey|Sing|p2a: Gengar\n|-status|p2a: Gengar|slp|[from] move: Sing\n|\n|upkeep\n|turn|4\n|\n|t:|1771780135\n|switch|p2a: Chansey|Chansey|100/100\n|move|p1a: Chansey|Thunder Wave|p2a: Chansey\n|-status|p2a: Chansey|par\n|\n|upkeep\n|turn|5\n|inactive|Sceptross has 270 seconds left.\n|\n|t:|1771780163\n|move|p1a: Chansey|Seismic Toss|p2a: Chansey\n|-damage|p2a: Chansey|86/100 par\n|move|p2a: Chansey|Seismic Toss|p1a: Chansey\n|-damage|p1a: Chansey|58/100\n|\n|upkeep\n|turn|6\n|\n|t:|1771780168\n|move|p1a: Chansey|Soft-Boiled|p1a: Chansey\n|-heal|p1a: Chansey|100/100\n|move|p2a: Chansey|Thunder Wave|p1a: Chansey\n|-status|p1a: Chansey|par\n|\n|upkeep\n|turn|7\n|inactive|LNumbers has 240 seconds left.\n|\n|t:|1771780195\n|move|p2a: Chansey|Seismic Toss|p1a: Chansey\n|-damage|p1a: Chansey|86/100 par\n|cant|p1a: Chansey|par\n|\n|upkeep\n|turn|8\n|inactive|LNumbers has 240 seconds left.\n|\n|t:|1771780209\n|move|p1a: Chansey|Seismic Toss|p2a: Chansey\n|-damage|p2a: Chansey|72/100 par\n|move|p2a: Chansey|Seismic Toss|p1a: Chansey\n|-damage|p1a: Chansey|72/100 par\n|\n|upkeep\n|turn|9\n|\n|t:|1771780215\n|cant|p2a: Chansey|par\n|move|p1a: Chansey|Soft-Boiled|p1a: Chansey\n|-heal|p1a: Chansey|100/100 par\n|\n|upkeep\n|turn|10\n|\n|t:|1771780219\n|cant|p1a: Chansey|par\n|move|p2a: Chansey|Thunder Wave|p1a: Chansey\n|-fail|p1a: Chansey|par\n|\n|upkeep\n|turn|11\n|\n|t:|1771780237\n|move|p1a: Chansey|Seismic Toss|p2a: Chansey\n|-damage|p2a: Chansey|58/100 par\n|move|p2a: Chansey|Soft-Boiled|p2a: Chansey\n|-heal|p2a: Chansey|100/100 par\n|\n|upkeep\n|turn|12\n|\n|t:|1771780242\n|cant|p2a: Chansey|par\n|cant|p1a: Chansey|par\n|\n|upkeep\n|turn|13\n|\n|t:|1771780244\n|move|p1a: Chansey|Seismic Toss|p2a: Chansey\n|-damage|p2a: Chansey|86/100 par\n|move|p2a: Chansey|Seismic Toss|p1a: Chansey\n|-damage|p1a: Chansey|86/100 par\n|\n|upkeep\n|turn|14\n|\n|t:|1771780253\n|move|p1a: Chansey|Seismic Toss|p2a: Chansey\n|-damage|p2a: Chansey|72/100 par\n|move|p2a: Chansey|Seismic Toss|p1a: Chansey\n|-damage|p1a: Chansey|72/100 par\n|\n|upkeep\n|turn|15\n|inactive|LNumbers has 270 seconds left.\n|\n|t:|1771780282\n|move|p2a: Chansey|Soft-Boiled|p2a: Chansey\n|-heal|p2a: Chansey|100/100 par\n|move|p1a: Chansey|Soft-Boiled|p1a: Chansey\n|-heal|p1a: Chansey|100/100 par\n|\n|upkeep\n|turn|16\n|\n|t:|1771780287\n|cant|p1a: Chansey|par\n|cant|p2a: Chansey|par\n|\n|upkeep\n|turn|17\n|\n|t:|1771780289\n|move|p2a: Chansey|Seismic Toss|p1a: Chansey\n|-damage|p1a: Chansey|86/100 par\n|move|p1a: Chansey|Seismic Toss|p2a: Chansey\n|-damage|p2a: Chansey|86/100 par\n|\n|upkeep\n|turn|18\n|\n|t:|1771780293\n|move|p2a: Chansey|Seismic Toss|p1a: Chansey\n|-damage|p1a: Chansey|72/100 par\n|move|p1a: Chansey|Thunder Wave|p2a: Chansey\n|-fail|p2a: Chansey|par\n|\n|upkeep\n|turn|19\n|\n|t:|1771780299\n|switch|p2a: Rhydon|Rhydon|100/100\n|cant|p1a: Chansey|par\n|\n|upkeep\n|turn|20\n|inactive|LNumbers has 270 seconds left.\n|\n|t:|1771780337\n|switch|p1a: Starmie|Starmie|100/100\n|move|p2a: Rhydon|Earthquake|p1a: Starmie\n|-damage|p1a: Starmie|56/100\n|\n|upkeep\n|turn|21\n|\n|t:|1771780342\n|switch|p2a: Chansey|Chansey|86/100 par\n|move|p1a: Starmie|Recover|p1a: Starmie\n|-heal|p1a: Starmie|100/100\n|\n|upkeep\n|turn|22\n|inactive|LNumbers has 270 seconds left.\n|\n|t:|1771780366\n|switch|p1a: Chansey|Chansey|72/100 par\n|move|p2a: Chansey|Seismic Toss|p1a: Chansey\n|-damage|p1a: Chansey|58/100 par\n|\n|upkeep\n|turn|23\n|inactive|LNumbers has 270 seconds left.\n|\n|t:|1771780385\n|switch|p2a: Rhydon|Rhydon|100/100\n|cant|p1a: Chansey|par\n|\n|upkeep\n|turn|24\n|inactive|LNumbers has 270 seconds left.\n|inactive|Sceptross has 270 seconds left.\n|\n|t:|1771780412\n|switch|p1a: Snorlax|Snorlax|100/100\n|move|p2a: Rhydon|Body Slam|p1a: Snorlax\n|-damage|p1a: Snorlax|81/100\n|\n|upkeep\n|turn|25\n|inactive|Sceptross has 270 seconds left.\n|\n|t:|1771780441\n|move|p2a: Rhydon|Substitute|p2a: Rhydon\n|-start|p2a: Rhydon|Substitute\n|-damage|p2a: Rhydon|76/100\n|move|p1a: Snorlax|Reflect|p1a: Snorlax\n|-start|p1a: Snorlax|Reflect\n|\n|upkeep\n|turn|26\n|inactive|Sceptross has 270 seconds left.\n|\n|t:|1771780458\n|move|p2a: Rhydon|Earthquake|p1a: Snorlax\n|-damage|p1a: Snorlax|63/100\n|move|p1a: Snorlax|Self-Destruct|p2a: Rhydon\n|-resisted|p2a: Rhydon\n|-end|p2a: Rhydon|Substitute\n|-hint|In Gen 1, the user of Self-Destruct will not take damage if it breaks a Substitute.\n|\n|upkeep\n|turn|27\n|inactive|Sceptross has 270 seconds left.\n|inactive|LNumbers has 240 seconds left.\n|\n|t:|1771780512\n|move|p2a: Rhydon|Substitute|p2a: Rhydon\n|-start|p2a: Rhydon|Substitute\n|-damage|p2a: Rhydon|51/100\n|move|p1a: Snorlax|Rest|p1a: Snorlax\n|-status|p1a: Snorlax|slp|[from] move: Rest\n|-heal|p1a: Snorlax|100/100 slp|[silent]\n|\n|upkeep\n|turn|28\n|inactive|LNumbers has 210 seconds left.\n|\n|t:|1771780531\n|move|p2a: Rhydon|Rest|p2a: Rhydon\n|-status|p2a: Rhydon|slp|[from] move: Rest\n|-heal|p2a: Rhydon|100/100 slp|[silent]\n|cant|p1a: Snorlax|slp\n|\n|upkeep\n|turn|29\n|\n|t:|1771780535\n|cant|p2a: Rhydon|slp\n|-curestatus|p1a: Snorlax|slp|[msg]\n|\n|upkeep\n|turn|30\n|\n|t:|1771780538\n|-curestatus|p2a: Rhydon|slp|[msg]\n|move|p1a: Snorlax|Self-Destruct|p2a: Rhydon\n|-resisted|p2a: Rhydon\n|-end|p2a: Rhydon|Substitute\n|-hint|In Gen 1, the user of Self-Destruct will not take damage if it breaks a Substitute.\n|\n|upkeep\n|turn|31\n|\n|t:|1771780551\n|move|p2a: Rhydon|Substitute|p2a: Rhydon\n|-start|p2a: Rhydon|Substitute\n|-damage|p2a: Rhydon|76/100\n|move|p1a: Snorlax|Body Slam|p2a: Rhydon\n|-resisted|p2a: Rhydon\n|-activate|p2a: Rhydon|Substitute|[damage]\n|\n|upkeep\n|turn|32\n|\n|t:|1771780556\n|move|p2a: Rhydon|Earthquake|p1a: Snorlax\n|-damage|p1a: Snorlax|83/100\n|move|p1a: Snorlax|Body Slam|p2a: Rhydon\n|-resisted|p2a: Rhydon\n|-activate|p2a: Rhydon|Substitute|[damage]\n|\n|upkeep\n|turn|33\n|\n|t:|1771780561\n|move|p2a: Rhydon|Earthquake|p1a: Snorlax\n|-damage|p1a: Snorlax|66/100\n|move|p1a: Snorlax|Body Slam|p2a: Rhydon\n|-resisted|p2a: Rhydon\n|-end|p2a: Rhydon|Substitute\n|\n|upkeep\n|turn|34\n|inactive|LNumbers has 240 seconds left.\n|\n|t:|1771780579\n|switch|p2a: Gengar|Gengar|100/100 slp\n|move|p1a: Snorlax|Body Slam|p2a: Gengar\n|-immune|p2a: Gengar\n|\n|upkeep\n|turn|35\n|inactive|LNumbers has 240 seconds left.\n|\n|t:|1771780608\n|switch|p1a: Starmie|Starmie|100/100\n|cant|p2a: Gengar|slp\n|\n|upkeep\n|turn|36\n|\n|t:|1771780617\n|switch|p1a: Rhydon|Rhydon|100/100\n|switch|p2a: Chansey|Chansey|86/100 par\n|\n|upkeep\n|turn|37\n|inactive|LNumbers has 240 seconds left.\n|\n|t:|1771780632\n|switch|p2a: Exeggutor|Exeggutor|100/100\n|move|p1a: Rhydon|Earthquake|p2a: Exeggutor\n|-resisted|p2a: Exeggutor\n|-damage|p2a: Exeggutor|81/100\n|\n|upkeep\n|turn|38\n|inactive|LNumbers has 240 seconds left.\n|\n|t:|1771780652\n|switch|p2a: Rhydon|Rhydon|76/100\n|switch|p1a: Exeggutor|Exeggutor|100/100 slp\n|\n|upkeep\n|turn|39\n|\n|t:|1771780659\n|cant|p1a: Exeggutor|slp\n|move|p2a: Rhydon|Body Slam|p1a: Exeggutor\n|-damage|p1a: Exeggutor|79/100 slp\n|\n|upkeep\n|turn|40\n|\n|t:|1771780664\n|cant|p1a: Exeggutor|slp\n|move|p2a: Rhydon|Body Slam|p1a: Exeggutor\n|-damage|p1a: Exeggutor|58/100 slp\n|\n|upkeep\n|turn|41\n|\n|t:|1771780670\n|-curestatus|p1a: Exeggutor|slp|[msg]\n|move|p2a: Rhydon|Body Slam|p1a: Exeggutor\n|-damage|p1a: Exeggutor|34/100\n|\n|upkeep\n|turn|42\n|inactive|LNumbers has 240 seconds left.\n|inactive|LNumbers has 210 seconds left.\n|\n|t:|1771780735\n|switch|p2a: Chansey|Chansey|86/100 par\n|move|p1a: Exeggutor|Mega Drain|p2a: Chansey\n|-damage|p2a: Chansey|78/100 par\n|-heal|p1a: Exeggutor|41/100|[from] drain|[of] p2a: Chansey\n|\n|upkeep\n|turn|43\n|inactive|Sceptross has 270 seconds left.\n|inactive|LNumbers has 180 seconds left.\n|\n|t:|1771780793\n|switch|p1a: Snorlax|Snorlax|66/100\n|move|p2a: Chansey|Seismic Toss|p1a: Snorlax\n|-damage|p1a: Snorlax|46/100\n|\n|upkeep\n|turn|44\n|inactive|Sceptross has 270 seconds left.\n|inactive|LNumbers has 150 seconds left.\n|inactive|LNumbers has 120 seconds left.\n|inactive|LNumbers has 90 seconds left.\n|inactive|LNumbers has 60 seconds left.\n|\n|t:|1771780901\n|switch|p2a: Gengar|Gengar|100/100 slp\n|move|p1a: Snorlax|Body Slam|p2a: Gengar\n|-immune|p2a: Gengar\n|\n|upkeep\n|turn|45\n|inactive|LNumbers has 60 seconds left.\n|\n|t:|1771780921\n|cant|p2a: Gengar|slp\n|move|p1a: Snorlax|Body Slam|p2a: Gengar\n|-immune|p2a: Gengar\n|\n|upkeep\n|turn|46\n|inactive|LNumbers has 60 seconds left.\n|\n|t:|1771780927\n|switch|p2a: Exeggutor|Exeggutor|81/100\n|switch|p1a: Tauros|Tauros|100/100\n|\n|upkeep\n|turn|47\n|inactive|LNumbers has 60 seconds left.\n|\n|t:|1771780937\n|switch|p1a: Chansey|Chansey|58/100 par\n|move|p2a: Exeggutor|Psychic|p1a: Chansey\n|-damage|p1a: Chansey|42/100 par\n|-unboost|p1a: Chansey|spa|1\n|-unboost|p1a: Chansey|spd|1\n|\n|upkeep\n|turn|48\n|inactive|LNumbers has 60 seconds left.\n|\n|t:|1771780949\n|move|p2a: Exeggutor|Psychic|p1a: Chansey\n|-damage|p1a: Chansey|17/100 par\n|cant|p1a: Chansey|par\n|\n|upkeep\n|turn|49\n|inactive|LNumbers has 60 seconds left.\n|inactive|LNumbers has 30 seconds left.\n|\n|t:|1771780992\n|switch|p1a: Starmie|Starmie|100/100\n|move|p2a: Exeggutor|Psychic|p1a: Starmie\n|-resisted|p1a: Starmie\n|-damage|p1a: Starmie|83/100\n|\n|upkeep\n|turn|50\n|inactive|LNumbers has 30 seconds left.\n|inactive|LNumbers has 20 seconds left.\n|\n|t:|1771781020\n|switch|p2a: Chansey|Chansey|78/100 par\n|move|p1a: Starmie|Thunder Wave|p2a: Chansey\n|-fail|p2a: Chansey|par\n|\n|upkeep\n|turn|51\n|inactive|LNumbers has 30 seconds left this turn.\n|inactive|LNumbers has 20 seconds left.\n|inactive|LNumbers has 15 seconds left.\n|\n|t:|1771781041\n|switch|p1a: Rhydon|Rhydon|100/100\n|move|p2a: Chansey|Seismic Toss|p1a: Rhydon\n|-damage|p1a: Rhydon|76/100\n|\n|upkeep\n|turn|52\n|inactive|LNumbers has 25 seconds left this turn.\n|\n|t:|1771781049\n|switch|p2a: Exeggutor|Exeggutor|81/100\n|move|p1a: Rhydon|Body Slam|p2a: Exeggutor\n|-damage|p2a: Exeggutor|57/100\n|\n|upkeep\n|turn|53\n|inactive|LNumbers has 30 seconds left.\n|\n|t:|1771781067\n|switch|p1a: Chansey|Chansey|17/100 par\n|move|p2a: Exeggutor|Stun Spore|p1a: Chansey\n|-fail|p1a: Chansey|par\n|\n|upkeep\n|turn|54\n|\n|t:|1771781079\n|switch|p2a: Rhydon|Rhydon|76/100\n|switch|p1a: Starmie|Starmie|83/100\n|\n|upkeep\n|turn|55\n|\n|t:|1771781095\n|switch|p1a: Rhydon|Rhydon|76/100\n|switch|p2a: Starmie|Starmie|100/100\n|\n|upkeep\n|turn|56\n|inactive|Sceptross has 270 seconds left.\n|inactive|LNumbers has 30 seconds left.\n|inactive|LNumbers has 20 seconds left.\n|inactive|LNumbers has 15 seconds left.\n|inactive|Sceptross has 240 seconds left.\n|inactive|LNumbers has 10 seconds left.\n|inactive|LNumbers has 5 seconds left.\n|\n|t:|1771781145\n|switch|p1a: Exeggutor|Exeggutor|41/100\n|move|p2a: Starmie|Surf|p1a: Exeggutor\n|-resisted|p1a: Exeggutor\n|-damage|p1a: Exeggutor|28/100\n|\n|upkeep\n|turn|57\n|inactive|LNumbers has 15 seconds left this turn.\n|inactive|LNumbers has 10 seconds left.\n|inactive|LNumbers has 5 seconds left.\n|\n|t:|1771781156\n|move|p2a: Starmie|Thunder Wave|p1a: Exeggutor\n|-status|p1a: Exeggutor|par\n|move|p1a: Exeggutor|Mega Drain|p2a: Starmie\n|-supereffective|p2a: Starmie\n|-damage|p2a: Starmie|64/100\n|-heal|p1a: Exeggutor|43/100 par|[from] drain|[of] p2a: Starmie\n|\n|upkeep\n|turn|58\n|inactive|LNumbers has 15 seconds left this turn.\n|inactive|LNumbers has 10 seconds left.\n|inactive|Sceptross has 240 seconds left.\n|\n|t:|1771781173\n|switch|p2a: Exeggutor|Exeggutor|57/100\n|switch|p1a: Rhydon|Rhydon|76/100\n|\n|upkeep\n|turn|59\n|inactive|LNumbers has 20 seconds left this turn.\n|inactive|LNumbers has 15 seconds left.\n|inactive|LNumbers has 10 seconds left.\n|\n|t:|1771781183\n|switch|p1a: Starmie|Starmie|83/100\n|move|p2a: Exeggutor|Stun Spore|p1a: Starmie\n|-status|p1a: Starmie|par\n|\n|upkeep\n|turn|60\n|inactive|LNumbers has 20 seconds left this turn.\n|inactive|LNumbers has 15 seconds left.\n|inactive|Sceptross has 240 seconds left.\n|\n|t:|1771781201\n|switch|p2a: Chansey|Chansey|78/100 par\n|cant|p1a: Starmie|par\n|\n|upkeep\n|turn|61\n|inactive|LNumbers has 25 seconds left this turn.\n|inactive|LNumbers has 20 seconds left.\n|\n|t:|1771781208\n|cant|p1a: Starmie|par\n|cant|p2a: Chansey|par\n|\n|upkeep\n|turn|62\n|inactive|LNumbers has 30 seconds left this turn.\n|\n|t:|1771781211\n|move|p1a: Starmie|Psychic|p2a: Chansey\n|-crit|p2a: Chansey\n|-damage|p2a: Chansey|49/100 par\n|-unboost|p2a: Chansey|spa|1\n|-unboost|p2a: Chansey|spd|1\n|move|p2a: Chansey|Seismic Toss|p1a: Starmie\n|-damage|p1a: Starmie|52/100 par\n|\n|upkeep\n|turn|63\n|\n|t:|1771781219\n|move|p1a: Starmie|Recover|p1a: Starmie\n|-heal|p1a: Starmie|100/100 par\n|cant|p2a: Chansey|par\n|\n|upkeep\n|turn|64\n|inactive|Sceptross has 270 seconds left.\n|inactive|LNumbers has 30 seconds left.\n|\n|t:|1771781235\n|switch|p1a: Rhydon|Rhydon|76/100\n|move|p2a: Chansey|Seismic Toss|p1a: Rhydon\n|-damage|p1a: Rhydon|52/100\n|\n|upkeep\n|turn|65\n|inactive|Sceptross has 270 seconds left.\n|inactive|LNumbers has 30 seconds left.\n|\n|t:|1771781249\n|move|p1a: Rhydon|Earthquake|p2a: Chansey\n|-damage|p2a: Chansey|0 fnt\n|faint|p2a: Chansey\n|\n|t:|1771781253\n|switch|p2a: Exeggutor|Exeggutor|57/100\n|turn|66\n|inactive|Sceptross has 270 seconds left.\n|inactive|LNumbers has 30 seconds left.\n|inactive|LNumbers has 20 seconds left.\n|\n|t:|1771781282\n|switch|p2a: Starmie|Starmie|64/100\n|switch|p1a: Chansey|Chansey|17/100 par\n|\n|upkeep\n|turn|67\n|inactive|LNumbers has 30 seconds left this turn.\n|inactive|Sceptross has 270 seconds left.\n|inactive|LNumbers has 20 seconds left.\n|\n|t:|1771781307\n|move|p2a: Starmie|Surf|p1a: Chansey\n|-crit|p1a: Chansey\n|-damage|p1a: Chansey|0 fnt\n|faint|p1a: Chansey\n|\n|t:|1771781311\n|switch|p1a: Exeggutor|Exeggutor|43/100 par\n|turn|68\n|inactive|Sceptross has 270 seconds left.\n|inactive|LNumbers has 30 seconds left.\n|\n|t:|1771781320\n|switch|p2a: Exeggutor|Exeggutor|57/100\n|move|p1a: Exeggutor|Stun Spore|p2a: Exeggutor|[miss]\n|-miss|p1a: Exeggutor\n|\n|upkeep\n|turn|69\n|inactive|Sceptross has 270 seconds left.\n|\n|t:|1771781342\n|switch|p1a: Starmie|Starmie|100/100 par\n|move|p2a: Exeggutor|Psychic|p1a: Starmie\n|-resisted|p1a: Starmie\n|-damage|p1a: Starmie|82/100 par\n|\n|upkeep\n|turn|70\n|\n|t:|1771781353\n|switch|p2a: Gengar|Gengar|100/100 slp\n|move|p1a: Starmie|Thunder Wave|p2a: Gengar\n|-fail|p2a: Gengar\n|\n|upkeep\n|turn|71\n|inactive|Sceptross has 270 seconds left.\n|\n|t:|1771781366\n|cant|p2a: Gengar|slp\n|move|p1a: Starmie|Thunder Wave|p2a: Gengar\n|-fail|p2a: Gengar\n|\n|upkeep\n|turn|72\n|\n|t:|1771781369\n|switch|p2a: Starmie|Starmie|64/100\n|cant|p1a: Starmie|par\n|\n|upkeep\n|turn|73\n|\n|t:|1771781379\n|switch|p1a: Exeggutor|Exeggutor|43/100 par\n|move|p2a: Starmie|Thunderbolt|p1a: Exeggutor\n|-resisted|p1a: Exeggutor\n|-damage|p1a: Exeggutor|36/100 par\n|\n|upkeep\n|turn|74\n|\n|t:|1771781391\n|switch|p2a: Gengar|Gengar|100/100 slp\n|cant|p1a: Exeggutor|par\n|\n|upkeep\n|turn|75\n|\n|t:|1771781397\n|switch|p2a: Exeggutor|Exeggutor|57/100\n|move|p1a: Exeggutor|Psychic|p2a: Exeggutor\n|-crit|p2a: Exeggutor\n|-resisted|p2a: Exeggutor\n|-damage|p2a: Exeggutor|32/100\n|\n|upkeep\n|turn|76\n|inactive|LNumbers has 60 seconds left.\n|inactive|Sceptross has 270 seconds left.\n|\n|t:|1771781443\n|move|p2a: Exeggutor|Psychic|p1a: Exeggutor\n|-resisted|p1a: Exeggutor\n|-damage|p1a: Exeggutor|22/100 par\n|move|p1a: Exeggutor|Stun Spore|p2a: Exeggutor\n|-status|p2a: Exeggutor|par\n|\n|upkeep\n|turn|77\n|inactive|Sceptross has 270 seconds left.\n|\n|t:|1771781453\n|switch|p1a: Starmie|Starmie|82/100 par\n|move|p2a: Exeggutor|Rest|p2a: Exeggutor\n|-status|p2a: Exeggutor|slp|[from] move: Rest\n|-heal|p2a: Exeggutor|100/100 slp|[silent]\n|\n|upkeep\n|turn|78\n|\n|t:|1771781464\n|switch|p2a: Starmie|Starmie|64/100\n|move|p1a: Starmie|Blizzard|p2a: Starmie\n|-resisted|p2a: Starmie\n|-damage|p2a: Starmie|49/100\n|\n|upkeep\n|turn|79\n|\n|t:|1771781478\n|move|p2a: Starmie|Thunderbolt|p1a: Starmie\n|-supereffective|p1a: Starmie\n|-damage|p1a: Starmie|35/100 par\n|move|p1a: Starmie|Thunder Wave|p2a: Starmie\n|-status|p2a: Starmie|par\n|\n|upkeep\n|turn|80\n|inactive|Sceptross has 270 seconds left.\n|inactive|LNumbers has 30 seconds left.\n|\n|t:|1771781511\n|move|p1a: Starmie|Recover|p1a: Starmie\n|-heal|p1a: Starmie|84/100 par\n|move|p2a: Starmie|Recover|p2a: Starmie\n|-heal|p2a: Starmie|99/100 par\n|\n|upkeep\n|turn|81\n|inactive|Sceptross has 270 seconds left.\n|inactive|LNumbers has 30 seconds left.\n|inactive|Sceptross has 240 seconds left.\n|\n|t:|1771781556\n|switch|p1a: Snorlax|Snorlax|46/100\n|move|p2a: Starmie|Surf|p1a: Snorlax\n|-damage|p1a: Snorlax|18/100\n|\n|upkeep\n|turn|82\n|inactive|Sceptross has 240 seconds left.\n|inactive|LNumbers has 30 seconds left.\n|inactive|LNumbers has 20 seconds left.\n|inactive|LNumbers has 15 seconds left.\n|inactive|LNumbers has 10 seconds left.\n|\n|t:|1771781593\n|switch|p1a: Tauros|Tauros|100/100\n|switch|p2a: Rhydon|Rhydon|76/100\n|\n|upkeep\n|turn|83\n|inactive|LNumbers has 20 seconds left this turn.\n|inactive|LNumbers has 15 seconds left.\n|\n|t:|1771781604\n|switch|p2a: Gengar|Gengar|100/100 slp\n|move|p1a: Tauros|Earthquake|p2a: Gengar\n|-supereffective|p2a: Gengar\n|-damage|p2a: Gengar|37/100 slp\n|\n|upkeep\n|turn|84\n|inactive|LNumbers has 25 seconds left this turn.\n|inactive|Sceptross has 240 seconds left.\n|inactive|LNumbers has 20 seconds left.\n|inactive|LNumbers has 15 seconds left.\n|inactive|LNumbers has 10 seconds left.\n|\n|t:|1771781622\n|cant|p2a: Gengar|slp\n|move|p1a: Tauros|Body Slam|p2a: Gengar\n|-immune|p2a: Gengar\n|\n|upkeep\n|turn|85\n|inactive|LNumbers has 20 seconds left this turn.\n|inactive|LNumbers has 15 seconds left.\n|\n|t:|1771781628\n|switch|p2a: Starmie|Starmie|99/100 par\n|move|p1a: Tauros|Earthquake|p2a: Starmie\n|-damage|p2a: Starmie|71/100 par\n|\n|upkeep\n|turn|86\n|inactive|LNumbers has 25 seconds left this turn.\n|inactive|LNumbers has 20 seconds left.\n|\n|t:|1771781637\n|switch|p1a: Exeggutor|Exeggutor|22/100 par\n|move|p2a: Starmie|Recover|p2a: Starmie\n|-heal|p2a: Starmie|100/100 par\n|\n|upkeep\n|turn|87\n|inactive|LNumbers has 30 seconds left this turn.\n|\n|t:|1771781645\n|switch|p2a: Exeggutor|Exeggutor|100/100 slp\n|switch|p1a: Tauros|Tauros|100/100\n|\n|upkeep\n|turn|88\n|inactive|LNumbers has 30 seconds left.\n|inactive|LNumbers has 20 seconds left.\n|\n|t:|1771781661\n|switch|p2a: Gengar|Gengar|37/100 slp\n|move|p1a: Tauros|Body Slam|p2a: Gengar\n|-immune|p2a: Gengar\n|\n|upkeep\n|turn|89\n|inactive|LNumbers has 30 seconds left this turn.\n|inactive|Sceptross has 270 seconds left.\n|\n|t:|1771781667\n|switch|p2a: Starmie|Starmie|100/100 par\n|move|p1a: Tauros|Body Slam|p2a: Starmie\n|-damage|p2a: Starmie|69/100 par\n|\n|upkeep\n|turn|90\n|inactive|LNumbers has 30 seconds left.\n|inactive|Sceptross has 270 seconds left.\n|inactive|LNumbers has 20 seconds left.\n|inactive|LNumbers has 15 seconds left.\n|\n|t:|1771781687\n|switch|p1a: Exeggutor|Exeggutor|22/100 par\n|move|p2a: Starmie|Recover|p2a: Starmie\n|-heal|p2a: Starmie|100/100 par\n|\n|upkeep\n|turn|91\n|inactive|LNumbers has 25 seconds left this turn.\n|inactive|LNumbers has 20 seconds left.\n|inactive|LNumbers has 15 seconds left.\n|\n|t:|1771781698\n|switch|p2a: Exeggutor|Exeggutor|100/100 slp\n|switch|p1a: Tauros|Tauros|100/100\n|\n|upkeep\n|turn|92\n|inactive|LNumbers has 25 seconds left this turn.\n|inactive|LNumbers has 20 seconds left.\n|inactive|LNumbers has 15 seconds left.\n|\n|t:|1771781709\n|move|p1a: Tauros|Body Slam|p2a: Exeggutor\n|-damage|p2a: Exeggutor|74/100 slp\n|cant|p2a: Exeggutor|slp\n|\n|upkeep\n|turn|93\n|inactive|LNumbers has 25 seconds left this turn.\n|\n|t:|1771781712\n|switch|p2a: Gengar|Gengar|37/100 slp\n|move|p1a: Tauros|Body Slam|p2a: Gengar\n|-immune|p2a: Gengar\n|\n|upkeep\n|turn|94\n|inactive|LNumbers has 30 seconds left.\n|\n|t:|1771781726\n|move|p1a: Tauros|Earthquake|p2a: Gengar\n|-supereffective|p2a: Gengar\n|-damage|p2a: Gengar|0 fnt\n|faint|p2a: Gengar\n|inactive|LNumbers has 30 seconds left this turn.\n|inactive|LNumbers has 20 seconds left.\n|inactive|LNumbers has 15 seconds left.\n|\n|t:|1771781743\n|switch|p2a: Starmie|Starmie|100/100 par\n|turn|95\n|inactive|LNumbers has 25 seconds left this turn.\n|\n|t:|1771781755\n|switch|p1a: Exeggutor|Exeggutor|22/100 par\n|move|p2a: Starmie|Surf|p1a: Exeggutor\n|-resisted|p1a: Exeggutor\n|-damage|p1a: Exeggutor|11/100 par\n|\n|upkeep\n|turn|96\n|inactive|LNumbers has 30 seconds left.\n|\n|t:|1771781771\n|move|p2a: Starmie|Surf|p1a: Exeggutor\n|-resisted|p1a: Exeggutor\n|-damage|p1a: Exeggutor|0 fnt\n|faint|p1a: Exeggutor\n|\n|t:|1771781776\n|switch|p1a: Snorlax|Snorlax|18/100\n|turn|97\n|inactive|LNumbers has 30 seconds left.\n|inactive|LNumbers has 20 seconds left.\n|inactive|LNumbers has 15 seconds left.\n|inactive|LNumbers has 10 seconds left.\n|\n|t:|1771781810\n|switch|p1a: Tauros|Tauros|100/100\n|switch|p2a: Rhydon|Rhydon|76/100\n|\n|upkeep\n|turn|98\n|inactive|LNumbers has 20 seconds left this turn.\n|inactive|LNumbers has 15 seconds left.\n|inactive|LNumbers has 10 seconds left.\n|\n|t:|1771781822\n|switch|p2a: Starmie|Starmie|100/100 par\n|move|p1a: Tauros|Earthquake|p2a: Starmie\n|-damage|p2a: Starmie|72/100 par\n|\n|upkeep\n|turn|99\n|inactive|LNumbers has 20 seconds left this turn.\n|inactive|LNumbers has 15 seconds left.\n|\n|t:|1771781832\n|move|p1a: Tauros|Thunderbolt|p2a: Starmie\n|-supereffective|p2a: Starmie\n|-damage|p2a: Starmie|37/100 par\n|move|p2a: Starmie|Surf|p1a: Tauros\n|-damage|p1a: Tauros|61/100\n|\n|upkeep\n|turn|100\n|inactive|LNumbers has 25 seconds left this turn.\n|inactive|LNumbers has 20 seconds left.\n|inactive|LNumbers has 15 seconds left.\n|inactive|LNumbers has 10 seconds left.\n|inactive|LNumbers has 5 seconds left.\n|\n|t:|1771781859\n|move|p1a: Tauros|Body Slam|p2a: Starmie\n|-damage|p2a: Starmie|5/100 par\n|move|p2a: Starmie|Thunder Wave|p1a: Tauros\n|-status|p1a: Tauros|par\n|\n|upkeep\n|turn|101\n|inactive|LNumbers has 15 seconds left this turn.\n|inactive|LNumbers has 10 seconds left.\n|inactive|LNumbers has 5 seconds left.\n|\n|t:|1771781885\n|move|p2a: Starmie|Surf|p1a: Tauros\n|-crit|p1a: Tauros\n|-damage|p1a: Tauros|0 fnt\n|faint|p1a: Tauros\n|inactive|Sceptross has 270 seconds left.\n|inactive|Sceptross has 240 seconds left.\n|inactive|Sceptross has 210 seconds left.\n|inactive|Sceptross has 180 seconds left.\n|\n|t:|1771782004\n|switch|p1a: Rhydon|Rhydon|52/100\n|turn|102\n|inactive|LNumbers has 20 seconds left this turn.\n|\n|t:|1771782008\n|move|p1a: Rhydon|Rock Slide|p2a: Starmie\n|-damage|p2a: Starmie|0 fnt\n|faint|p2a: Starmie\n|inactive|LNumbers has 25 seconds left this turn.\n|inactive|LNumbers has 20 seconds left.\n|inactive|LNumbers has 15 seconds left.\n|inactive|LNumbers has 10 seconds left.\n|\n|t:|1771782027\n|switch|p2a: Tauros|Tauros|100/100\n|turn|103\n|inactive|LNumbers has 20 seconds left this turn.\n|\n|t:|1771782031\n|switch|p1a: Snorlax|Snorlax|18/100\n|move|p2a: Tauros|Earthquake|p1a: Snorlax\n|-damage|p1a: Snorlax|0 fnt\n|faint|p1a: Snorlax\n|\n|t:|1771782032\n|switch|p1a: Starmie|Starmie|84/100 par\n|turn|104\n|inactive|LNumbers has 30 seconds left.\n|inactive|LNumbers has 20 seconds left.\n|\n|t:|1771782060\n|switch|p2a: Exeggutor|Exeggutor|74/100 slp\n|move|p1a: Starmie|Blizzard|p2a: Exeggutor\n|-supereffective|p2a: Exeggutor\n|-damage|p2a: Exeggutor|30/100 slp\n|\n|upkeep\n|turn|105\n|inactive|LNumbers has 30 seconds left this turn.\n|\n|t:|1771782073\n|-curestatus|p2a: Exeggutor|slp|[msg]\n|move|p1a: Starmie|Thunder Wave|p2a: Exeggutor\n|-status|p2a: Exeggutor|par\n|\n|upkeep\n|turn|106\n|inactive|LNumbers has 30 seconds left.\n|inactive|Sceptross has 180 seconds left.\n|\n|t:|1771782105\n|move|p1a: Starmie|Recover|p1a: Starmie\n|-heal|p1a: Starmie|100/100 par\n|move|p2a: Exeggutor|Psychic|p1a: Starmie\n|-resisted|p1a: Starmie\n|-damage|p1a: Starmie|82/100 par\n|\n|upkeep\n|turn|107\n|inactive|LNumbers has 30 seconds left.\n|inactive|Sceptross has 150 seconds left.\n|inactive|Sceptross has 120 seconds left.\n|\n|t:|1771782165\n|cant|p1a: Starmie|par\n|move|p2a: Exeggutor|Psychic|p1a: Starmie\n|-resisted|p1a: Starmie\n|-damage|p1a: Starmie|62/100 par\n|\n|upkeep\n|turn|108\n|inactive|LNumbers has 30 seconds left.\n|inactive|LNumbers has 20 seconds left.\n|inactive|LNumbers has 15 seconds left.\n|\n|t:|1771782190\n|move|p1a: Starmie|Recover|p1a: Starmie\n|-heal|p1a: Starmie|100/100 par\n|move|p2a: Exeggutor|Psychic|p1a: Starmie\n|-resisted|p1a: Starmie\n|-damage|p1a: Starmie|81/100 par\n|\n|upkeep\n|turn|109\n|inactive|LNumbers has 25 seconds left this turn.\n|\n|t:|1771782196\n|cant|p1a: Starmie|par\n|move|p2a: Exeggutor|Psychic|p1a: Starmie\n|-resisted|p1a: Starmie\n|-damage|p1a: Starmie|63/100 par\n|\n|upkeep\n|turn|110\n|inactive|LNumbers has 30 seconds left.\n|inactive|LNumbers has 20 seconds left.\n|inactive|LNumbers has 15 seconds left.\n|\n|t:|1771782221\n|switch|p2a: Rhydon|Rhydon|76/100\n|cant|p1a: Starmie|par\n|\n|upkeep\n|turn|111\n|inactive|LNumbers has 25 seconds left this turn.\n|inactive|Sceptross has 150 seconds left.\n|\n|t:|1771782238\n|move|p2a: Rhydon|Earthquake|p1a: Starmie\n|-damage|p1a: Starmie|13/100 par\n|cant|p1a: Starmie|par\n|\n|upkeep\n|turn|112\n|\n|t:|1771782243\n|move|p2a: Rhydon|Earthquake|p1a: Starmie\n|-damage|p1a: Starmie|0 fnt\n|faint|p1a: Starmie\n|\n|t:|1771782244\n|switch|p1a: Rhydon|Rhydon|52/100\n|turn|113\n|\n|t:|1771782246\n|move|p1a: Rhydon|Earthquake|p2a: Rhydon\n|-supereffective|p2a: Rhydon\n|-damage|p2a: Rhydon|19/100\n|move|p2a: Rhydon|Earthquake|p1a: Rhydon\n|-supereffective|p1a: Rhydon\n|-damage|p1a: Rhydon|0 fnt\n|faint|p1a: Rhydon\n|\n|win|LNumbers\n|c|☆LNumbers|ggs\n|c|☆Sceptross|ggs\n|player|p1|\n","uploadtime":1771782246,"views":"1074","formatid":"gen1ou","rating":null,"private":0,"password":null}