{"id":"smogtours-gen1ou-962532","format":"[Gen 1] OU","players":["Amaranth","Kaz"],"log":"|inactive|Battle timer is ON: inactive players will automatically lose when time's up.\n|t:|1786281431\n|gametype|singles\n|player|p1|Amaranth|#amaranth|\n|player|p2|Kaz|#kaz|\n|gen|1\n|tier|[Gen 1] OU\n|rule|Desync Clause Mod: Desyncs resolve to link battle behavior from the acting player's perspective.\n|rule|HP Percentage Mod: HP is shown in percentages\n|rule|Endless Battle Clause: Forcing endless battles is banned\n|rule|Sleep Clause Mod: Limit one foe put to sleep\n|rule|Freeze Clause Mod: Limit one foe frozen\n|rule|Species Clause: Limit one of each Pokémon\n|rule|OHKO Clause: OHKO moves are banned\n|rule|Evasion Moves Clause: Evasion moves are banned\n|\n|t:|1786281431\n|teamsize|p1|6\n|teamsize|p2|6\n|start\n|switch|p1a: Alakazam|Alakazam|100/100\n|switch|p2a: Gengar|Gengar|100/100\n|turn|1\n|c|☆Kaz|hf\n|c|☆Amaranth|glhf\n|\n|t:|1786281451\n|switch|p2a: Exeggutor|Exeggutor|100/100\n|move|p1a: Alakazam|Psychic|p2a: Exeggutor\n|-resisted|p2a: Exeggutor\n|-damage|p2a: Exeggutor|86/100\n|\n|upkeep\n|turn|2\n|\n|t:|1786281455\n|move|p1a: Alakazam|Thunder Wave|p2a: Exeggutor\n|-status|p2a: Exeggutor|par\n|cant|p2a: Exeggutor|par\n|\n|upkeep\n|turn|3\n|\n|t:|1786281460\n|switch|p2a: Chansey|Chansey|100/100\n|move|p1a: Alakazam|Seismic Toss|p2a: Chansey\n|-damage|p2a: Chansey|86/100\n|\n|upkeep\n|turn|4\n|\n|t:|1786281469\n|move|p1a: Alakazam|Psychic|p2a: Chansey\n|-crit|p2a: Chansey\n|-damage|p2a: Chansey|50/100\n|move|p2a: Chansey|Sing|p1a: Alakazam\n|-status|p1a: Alakazam|slp|[from] move: Sing\n|\n|upkeep\n|turn|5\n|\n|t:|1786281471\n|switch|p1a: Chansey|Chansey|100/100\n|move|p2a: Chansey|Thunder Wave|p1a: Chansey\n|-status|p1a: Chansey|par\n|\n|upkeep\n|turn|6\n|\n|t:|1786281477\n|move|p2a: Chansey|Soft-Boiled|p2a: Chansey\n|-heal|p2a: Chansey|99/100\n|move|p1a: Chansey|Seismic Toss|p2a: Chansey\n|-damage|p2a: Chansey|86/100\n|\n|upkeep\n|turn|7\n|\n|t:|1786281481\n|switch|p2a: Exeggutor|Exeggutor|86/100 par\n|cant|p1a: Chansey|par\n|\n|upkeep\n|turn|8\n|\n|t:|1786281487\n|move|p2a: Exeggutor|Psychic|p1a: Chansey\n|-damage|p1a: Chansey|82/100 par\n|-unboost|p1a: Chansey|spa|1\n|-unboost|p1a: Chansey|spd|1\n|move|p1a: Chansey|Seismic Toss|p2a: Exeggutor\n|-damage|p2a: Exeggutor|61/100 par\n|\n|upkeep\n|turn|9\n|\n|t:|1786281493\n|switch|p2a: Snorlax|Snorlax|100/100\n|move|p1a: Chansey|Seismic Toss|p2a: Snorlax\n|-damage|p2a: Snorlax|81/100\n|\n|upkeep\n|turn|10\n|\n|t:|1786281499\n|switch|p1a: Snorlax|Snorlax|100/100\n|move|p2a: Snorlax|Earthquake|p1a: Snorlax\n|-damage|p1a: Snorlax|79/100\n|\n|upkeep\n|turn|11\n|\n|t:|1786281504\n|move|p1a: Snorlax|Body Slam|p2a: Snorlax\n|-damage|p2a: Snorlax|56/100\n|move|p2a: Snorlax|Body Slam|p1a: Snorlax\n|-damage|p1a: Snorlax|51/100\n|\n|upkeep\n|turn|12\n|\n|t:|1786281516\n|switch|p2a: Gengar|Gengar|100/100\n|move|p1a: Snorlax|Body Slam|p2a: Gengar\n|-immune|p2a: Gengar\n|\n|upkeep\n|turn|13\n|\n|t:|1786281522\n|move|p2a: Gengar|Psychic|p1a: Snorlax\n|-damage|p1a: Snorlax|29/100\n|move|p1a: Snorlax|Rest|p1a: Snorlax\n|-status|p1a: Snorlax|slp|[from] move: Rest\n|-heal|p1a: Snorlax|100/100 slp|[silent]\n|\n|upkeep\n|turn|14\n|\n|t:|1786281527\n|move|p2a: Gengar|Psychic|p1a: Snorlax\n|-crit|p1a: Snorlax\n|-damage|p1a: Snorlax|62/100 slp\n|cant|p1a: Snorlax|slp\n|\n|upkeep\n|turn|15\n|\n|t:|1786281531\n|move|p2a: Gengar|Psychic|p1a: Snorlax\n|-damage|p1a: Snorlax|40/100 slp\n|-curestatus|p1a: Snorlax|slp|[msg]\n|\n|upkeep\n|turn|16\n|\n|t:|1786281559\n|switch|p1a: Alakazam|Alakazam|100/100 slp\n|move|p2a: Gengar|Psychic|p1a: Alakazam\n|-resisted|p1a: Alakazam\n|-damage|p1a: Alakazam|90/100 slp\n|-unboost|p1a: Alakazam|spa|1\n|-unboost|p1a: Alakazam|spd|1\n|\n|upkeep\n|turn|17\n|\n|t:|1786281565\n|switch|p1a: Rhydon|Rhydon|100/100\n|move|p2a: Gengar|Night Shade|p1a: Rhydon\n|-damage|p1a: Rhydon|76/100\n|\n|upkeep\n|turn|18\n|\n|t:|1786281573\n|switch|p2a: Starmie|Starmie|100/100\n|move|p1a: Rhydon|Earthquake|p2a: Starmie\n|-crit|p2a: Starmie\n|-damage|p2a: Starmie|5/100\n|\n|upkeep\n|turn|19\n|\n|t:|1786281590\n|switch|p1a: Chansey|Chansey|82/100 par\n|move|p2a: Starmie|Surf|p1a: Chansey\n|-damage|p1a: Chansey|67/100 par\n|\n|upkeep\n|turn|20\n|\n|t:|1786281599\n|move|p2a: Starmie|Recover|p2a: Starmie\n|-heal|p2a: Starmie|55/100\n|move|p1a: Chansey|Sing|p2a: Starmie\n|-status|p2a: Starmie|slp|[from] move: Sing\n|\n|upkeep\n|turn|21\n|\n|t:|1786281605\n|switch|p2a: Snorlax|Snorlax|56/100\n|cant|p1a: Chansey|par\n|\n|upkeep\n|turn|22\n|\n|t:|1786281614\n|move|p2a: Snorlax|Body Slam|p1a: Chansey\n|-damage|p1a: Chansey|23/100 par\n|cant|p1a: Chansey|par\n|\n|upkeep\n|turn|23\n|\n|t:|1786281622\n|move|p2a: Snorlax|Earthquake|p1a: Chansey\n|-damage|p1a: Chansey|0 fnt\n|faint|p1a: Chansey\n|\n|t:|1786281626\n|switch|p1a: Rhydon|Rhydon|76/100\n|turn|24\n|\n|t:|1786281642\n|move|p1a: Rhydon|Earthquake|p2a: Snorlax\n|-damage|p2a: Snorlax|22/100\n|move|p2a: Snorlax|Earthquake|p1a: Rhydon\n|-supereffective|p1a: Rhydon\n|-damage|p1a: Rhydon|38/100\n|\n|upkeep\n|turn|25\n|\n|t:|1786281661\n|move|p1a: Rhydon|Earthquake|p2a: Snorlax\n|-damage|p2a: Snorlax|0 fnt\n|faint|p2a: Snorlax\n|\n|t:|1786281665\n|switch|p2a: Exeggutor|Exeggutor|61/100 par\n|turn|26\n|\n|t:|1786281693\n|switch|p1a: Alakazam|Alakazam|90/100 slp\n|move|p2a: Exeggutor|Psychic|p1a: Alakazam\n|-resisted|p1a: Alakazam\n|-damage|p1a: Alakazam|74/100 slp\n|-unboost|p1a: Alakazam|spa|1\n|-unboost|p1a: Alakazam|spd|1\n|\n|upkeep\n|turn|27\n|\n|t:|1786281703\n|switch|p1a: Starmie|Starmie|100/100\n|move|p2a: Exeggutor|Psychic|p1a: Starmie\n|-resisted|p1a: Starmie\n|-damage|p1a: Starmie|80/100\n|\n|upkeep\n|turn|28\n|\n|t:|1786281716\n|switch|p1a: Alakazam|Alakazam|74/100 slp\n|cant|p2a: Exeggutor|par\n|\n|upkeep\n|turn|29\n|\n|t:|1786281723\n|cant|p1a: Alakazam|slp\n|move|p2a: Exeggutor|Psychic|p1a: Alakazam\n|-resisted|p1a: Alakazam\n|-damage|p1a: Alakazam|58/100 slp\n|-unboost|p1a: Alakazam|spa|1\n|-unboost|p1a: Alakazam|spd|1\n|\n|upkeep\n|turn|30\n|\n|t:|1786281726\n|cant|p1a: Alakazam|slp\n|move|p2a: Exeggutor|Psychic|p1a: Alakazam\n|-resisted|p1a: Alakazam\n|-damage|p1a: Alakazam|35/100 slp\n|\n|upkeep\n|turn|31\n|\n|t:|1786281731\n|cant|p1a: Alakazam|slp\n|move|p2a: Exeggutor|Psychic|p1a: Alakazam\n|-resisted|p1a: Alakazam\n|-damage|p1a: Alakazam|12/100 slp\n|\n|upkeep\n|turn|32\n|\n|t:|1786281754\n|switch|p1a: Snorlax|Snorlax|40/100\n|move|p2a: Exeggutor|Psychic|p1a: Snorlax\n|-damage|p1a: Snorlax|8/100\n|\n|upkeep\n|turn|33\n|\n|t:|1786281769\n|switch|p2a: Gengar|Gengar|100/100\n|move|p1a: Snorlax|Rest|p1a: Snorlax\n|-status|p1a: Snorlax|slp|[from] move: Rest\n|-heal|p1a: Snorlax|100/100 slp|[silent]\n|\n|upkeep\n|turn|34\n|\n|t:|1786281775\n|move|p2a: Gengar|Psychic|p1a: Snorlax\n|-damage|p1a: Snorlax|78/100 slp\n|cant|p1a: Snorlax|slp\n|\n|upkeep\n|turn|35\n|\n|t:|1786281784\n|move|p2a: Gengar|Psychic|p1a: Snorlax\n|-damage|p1a: Snorlax|57/100 slp\n|-unboost|p1a: Snorlax|spa|1\n|-unboost|p1a: Snorlax|spd|1\n|-curestatus|p1a: Snorlax|slp|[msg]\n|\n|upkeep\n|turn|36\n|\n|t:|1786281790\n|switch|p1a: Starmie|Starmie|80/100\n|move|p2a: Gengar|Psychic|p1a: Starmie\n|-resisted|p1a: Starmie\n|-damage|p1a: Starmie|67/100\n|-unboost|p1a: Starmie|spa|1\n|-unboost|p1a: Starmie|spd|1\n|\n|upkeep\n|turn|37\n|\n|t:|1786281799\n|switch|p1a: Snorlax|Snorlax|57/100\n|switch|p2a: Starmie|Starmie|55/100 slp\n|\n|upkeep\n|turn|38\n|\n|t:|1786281813\n|switch|p2a: Gengar|Gengar|100/100\n|move|p1a: Snorlax|Body Slam|p2a: Gengar\n|-immune|p2a: Gengar\n|\n|upkeep\n|turn|39\n|\n|t:|1786281822\n|switch|p1a: Starmie|Starmie|67/100\n|move|p2a: Gengar|Night Shade|p1a: Starmie\n|-damage|p1a: Starmie|36/100\n|\n|upkeep\n|turn|40\n|\n|t:|1786281834\n|switch|p2a: Chansey|Chansey|86/100\n|move|p1a: Starmie|Recover|p1a: Starmie\n|-heal|p1a: Starmie|86/100\n|\n|upkeep\n|turn|41\n|\n|t:|1786281854\n|switch|p1a: Rhydon|Rhydon|38/100\n|move|p2a: Chansey|Thunder Wave|p1a: Rhydon\n|-immune|p1a: Rhydon\n|\n|upkeep\n|turn|42\n|\n|t:|1786281865\n|move|p2a: Chansey|Seismic Toss|p1a: Rhydon\n|-damage|p1a: Rhydon|14/100\n|move|p1a: Rhydon|Rest|p1a: Rhydon\n|-status|p1a: Rhydon|slp|[from] move: Rest\n|-heal|p1a: Rhydon|100/100 slp|[silent]\n|\n|upkeep\n|turn|43\n|\n|t:|1786281873\n|move|p2a: Chansey|Seismic Toss|p1a: Rhydon\n|-damage|p1a: Rhydon|76/100 slp\n|cant|p1a: Rhydon|slp\n|\n|upkeep\n|turn|44\n|\n|t:|1786281875\n|move|p2a: Chansey|Seismic Toss|p1a: Rhydon\n|-damage|p1a: Rhydon|52/100 slp\n|-curestatus|p1a: Rhydon|slp|[msg]\n|\n|upkeep\n|turn|45\n|\n|t:|1786281880\n|switch|p2a: Exeggutor|Exeggutor|61/100 par\n|move|p1a: Rhydon|Earthquake|p2a: Exeggutor\n|-resisted|p2a: Exeggutor\n|-damage|p2a: Exeggutor|40/100 par\n|\n|upkeep\n|turn|46\n|\n|t:|1786281891\n|switch|p1a: Snorlax|Snorlax|57/100\n|cant|p2a: Exeggutor|par\n|\n|upkeep\n|turn|47\n|\n|t:|1786281905\n|switch|p2a: Gengar|Gengar|100/100\n|move|p1a: Snorlax|Hyper Beam|p2a: Gengar\n|-immune|p2a: Gengar\n|\n|upkeep\n|turn|48\n|\n|t:|1786281912\n|move|p2a: Gengar|Psychic|p1a: Snorlax\n|-crit|p1a: Snorlax\n|-damage|p1a: Snorlax|14/100\n|-unboost|p1a: Snorlax|spa|1\n|-unboost|p1a: Snorlax|spd|1\n|move|p1a: Snorlax|Body Slam|p2a: Gengar\n|-immune|p2a: Gengar\n|\n|upkeep\n|turn|49\n|\n|t:|1786281919\n|switch|p2a: Chansey|Chansey|86/100\n|switch|p1a: Starmie|Starmie|86/100\n|\n|upkeep\n|turn|50\n|inactive|Kaz has 270 seconds left.\n|\n|t:|1786281958\n|switch|p1a: Rhydon|Rhydon|52/100\n|move|p2a: Chansey|Seismic Toss|p1a: Rhydon\n|-damage|p1a: Rhydon|28/100\n|\n|upkeep\n|turn|51\n|inactive|Kaz has 270 seconds left.\n|\n|t:|1786281972\n|switch|p2a: Tauros|Tauros|100/100\n|move|p1a: Rhydon|Earthquake|p2a: Tauros\n|-damage|p2a: Tauros|61/100\n|\n|upkeep\n|turn|52\n|\n|t:|1786281977\n|switch|p1a: Starmie|Starmie|86/100\n|move|p2a: Tauros|Body Slam|p1a: Starmie\n|-damage|p1a: Starmie|50/100\n|\n|upkeep\n|turn|53\n|inactive|Kaz has 270 seconds left.\n|inactive|Kaz has 240 seconds left.\n|\n|t:|1786282022\n|move|p1a: Starmie|Surf|p2a: Tauros\n|-damage|p2a: Tauros|19/100\n|move|p2a: Tauros|Body Slam|p1a: Starmie\n|-damage|p1a: Starmie|18/100\n|\n|upkeep\n|turn|54\n|\n|t:|1786282030\n|switch|p2a: Exeggutor|Exeggutor|40/100 par\n|move|p1a: Starmie|Recover|p1a: Starmie\n|-heal|p1a: Starmie|68/100\n|\n|upkeep\n|turn|55\n|\n|t:|1786282039\n|switch|p1a: Snorlax|Snorlax|14/100\n|cant|p2a: Exeggutor|par\n|\n|upkeep\n|turn|56\n|\n|t:|1786282043\n|switch|p2a: Gengar|Gengar|100/100\n|move|p1a: Snorlax|Rest|p1a: Snorlax\n|-status|p1a: Snorlax|slp|[from] move: Rest\n|-heal|p1a: Snorlax|100/100 slp|[silent]\n|\n|upkeep\n|turn|57\n|\n|t:|1786282054\n|move|p2a: Gengar|Psychic|p1a: Snorlax\n|-crit|p1a: Snorlax\n|-damage|p1a: Snorlax|60/100 slp\n|cant|p1a: Snorlax|slp\n|\n|upkeep\n|turn|58\n|\n|t:|1786282058\n|move|p2a: Gengar|Psychic|p1a: Snorlax\n|-damage|p1a: Snorlax|38/100 slp\n|-curestatus|p1a: Snorlax|slp|[msg]\n|\n|upkeep\n|turn|59\n|\n|t:|1786282062\n|switch|p2a: Tauros|Tauros|19/100\n|switch|p1a: Starmie|Starmie|68/100\n|\n|upkeep\n|turn|60\n|\n|t:|1786282065\n|switch|p2a: Chansey|Chansey|86/100\n|move|p1a: Starmie|Surf|p2a: Chansey\n|-damage|p2a: Chansey|70/100\n|\n|upkeep\n|turn|61\n|\n|t:|1786282095\n|switch|p1a: Rhydon|Rhydon|28/100\n|move|p2a: Chansey|Thunder Wave|p1a: Rhydon\n|-immune|p1a: Rhydon\n|\n|upkeep\n|turn|62\n|\n|t:|1786282105\n|switch|p2a: Exeggutor|Exeggutor|40/100 par\n|move|p1a: Rhydon|Earthquake|p2a: Exeggutor\n|-resisted|p2a: Exeggutor\n|-damage|p2a: Exeggutor|19/100 par\n|\n|upkeep\n|turn|63\n|\n|t:|1786282107\n|move|p1a: Rhydon|Earthquake|p2a: Exeggutor\n|-crit|p2a: Exeggutor\n|-resisted|p2a: Exeggutor\n|-damage|p2a: Exeggutor|0 fnt\n|faint|p2a: Exeggutor\n|\n|t:|1786282110\n|switch|p2a: Tauros|Tauros|19/100\n|turn|64\n|\n|t:|1786282114\n|switch|p1a: Snorlax|Snorlax|38/100\n|move|p2a: Tauros|Body Slam|p1a: Snorlax\n|-damage|p1a: Snorlax|15/100\n|\n|upkeep\n|turn|65\n|\n|t:|1786282122\n|move|p2a: Tauros|Body Slam|p1a: Snorlax\n|-crit|p1a: Snorlax\n|-damage|p1a: Snorlax|0 fnt\n|faint|p1a: Snorlax\n|\n|t:|1786282127\n|switch|p1a: Tauros|Tauros|100/100\n|turn|66\n|\n|t:|1786282136\n|switch|p2a: Starmie|Starmie|55/100 slp\n|move|p1a: Tauros|Earthquake|p2a: Starmie\n|-damage|p2a: Starmie|29/100 slp\n|\n|upkeep\n|turn|67\n|\n|t:|1786282142\n|-curestatus|p2a: Starmie|slp|[msg]\n|move|p1a: Tauros|Body Slam|p2a: Starmie\n|-crit|p2a: Starmie\n|-damage|p2a: Starmie|0 fnt\n|faint|p2a: Starmie\n|inactive|Kaz has 270 seconds left.\n|\n|t:|1786282189\n|switch|p2a: Gengar|Gengar|100/100\n|turn|68\n|\n|t:|1786282193\n|move|p1a: Tauros|Earthquake|p2a: Gengar\n|-supereffective|p2a: Gengar\n|-damage|p2a: Gengar|28/100\n|move|p2a: Gengar|Psychic|p1a: Tauros\n|-damage|p1a: Tauros|71/100\n|\n|upkeep\n|turn|69\n|inactive|Kaz has 270 seconds left.\n|\n|t:|1786282213\n|move|p1a: Tauros|Earthquake|p2a: Gengar\n|-supereffective|p2a: Gengar\n|-damage|p2a: Gengar|0 fnt\n|faint|p2a: Gengar\n|\n|t:|1786282215\n|switch|p2a: Chansey|Chansey|70/100\n|turn|70\n|inactive|Kaz has 270 seconds left.\n|inactive|Amaranth has 270 seconds left.\n|\n|t:|1786282250\n|move|p1a: Tauros|Hyper Beam|p2a: Chansey\n|-damage|p2a: Chansey|0 fnt\n|faint|p2a: Chansey\n|\n|t:|1786282252\n|switch|p2a: Tauros|Tauros|19/100\n|turn|71\n|\n|t:|1786282254\n|move|p1a: Tauros|Body Slam|p2a: Tauros\n|-damage|p2a: Tauros|0 fnt\n|faint|p2a: Tauros\n|\n|win|Amaranth\n|c|☆Kaz|gg\n|c|☆Amaranth|gg\n","uploadtime":1786282254,"views":"115","formatid":"gen1ou","rating":null,"private":0,"password":null}