{"id":"smogtours-gen1ou-950350","format":"[Gen 1] OU","players":["big will 2024","stunner047"],"log":"|inactive|Battle timer is ON: inactive players will automatically lose when time's up.\n|t:|1782508983\n|gametype|singles\n|player|p1|big will 2024|morty-gen2|\n|player|p2|stunner047|#rbypliiidingdangdewgongs|\n|gen|1\n|tier|[Gen 1] OU\n|rule|Desync Clause Mod: Desyncs changed to move failure.\n|rule|HP Percentage Mod: HP is shown in percentages\n|rule|Endless Battle Clause: Forcing endless battles is banned\n|rule|Sleep Clause Mod: Limit one foe put to sleep\n|rule|Freeze Clause Mod: Limit one foe frozen\n|rule|Species Clause: Limit one of each Pokémon\n|rule|OHKO Clause: OHKO moves are banned\n|rule|Evasion Moves Clause: Evasion moves are banned\n|\n|t:|1782508983\n|teamsize|p1|6\n|teamsize|p2|6\n|start\n|switch|p1a: blessing it|Jynx|100/100\n|switch|p2a: Jynx|Jynx|100/100\n|turn|1\n|inactive|big will 2024 also wants the timer to be on.\n|c|☆stunner047|gl hf\n|c|☆big will 2024|u2\n|\n|t:|1782509012\n|move|p2a: Jynx|Lovely Kiss|p1a: blessing it\n|-status|p1a: blessing it|slp|[from] move: Lovely Kiss\n|cant|p1a: blessing it|slp\n|\n|upkeep\n|turn|2\n|\n|t:|1782509029\n|switch|p1a: lady brown|Chansey|100/100\n|move|p2a: Jynx|Blizzard|p1a: lady brown|[miss]\n|-miss|p2a: Jynx\n|\n|upkeep\n|turn|3\n|\n|t:|1782509034\n|move|p2a: Jynx|Blizzard|p1a: lady brown\n|-damage|p1a: lady brown|82/100\n|move|p1a: lady brown|Thunderbolt|p2a: Jynx\n|-crit|p2a: Jynx\n|-damage|p2a: Jynx|50/100\n|\n|upkeep\n|turn|4\n|\n|t:|1782509038\n|move|p2a: Jynx|Blizzard|p1a: lady brown\n|-crit|p1a: lady brown\n|-damage|p1a: lady brown|45/100\n|move|p1a: lady brown|Thunderbolt|p2a: Jynx\n|-damage|p2a: Jynx|26/100\n|\n|upkeep\n|turn|5\n|\n|t:|1782509041\n|move|p2a: Jynx|Rest|p2a: Jynx\n|-status|p2a: Jynx|slp|[from] move: Rest\n|-heal|p2a: Jynx|100/100 slp|[silent]\n|move|p1a: lady brown|Soft-Boiled|p1a: lady brown\n|-heal|p1a: lady brown|95/100\n|\n|upkeep\n|turn|6\n|\n|t:|1782509044\n|switch|p1a: latitude|Snorlax|100/100\n|cant|p2a: Jynx|slp\n|\n|upkeep\n|turn|7\n|\n|t:|1782509046\n|switch|p2a: Cloyster|Cloyster|100/100\n|move|p1a: latitude|Body Slam|p2a: Cloyster\n|-damage|p2a: Cloyster|76/100\n|\n|upkeep\n|turn|8\n|\n|t:|1782509070\n|switch|p1a: lady brown|Chansey|95/100\n|move|p2a: Cloyster|Blizzard|p1a: lady brown|[miss]\n|-miss|p2a: Cloyster\n|\n|upkeep\n|turn|9\n|\n|t:|1782509081\n|switch|p2a: Jynx|Jynx|100/100 slp\n|switch|p1a: highs 2 lows|Exeggutor|100/100\n|\n|upkeep\n|turn|10\n|\n|t:|1782509085\n|-curestatus|p2a: Jynx|slp|[msg]\n|move|p1a: highs 2 lows|Sleep Powder|p2a: Jynx\n|-status|p2a: Jynx|slp|[from] move: Sleep Powder\n|\n|upkeep\n|turn|11\n|\n|t:|1782509090\n|cant|p2a: Jynx|slp\n|move|p1a: highs 2 lows|Stun Spore|p2a: Jynx\n|-fail|p2a: Jynx\n|\n|upkeep\n|turn|12\n|\n|t:|1782509093\n|switch|p1a: peaceland|Tauros|100/100\n|cant|p2a: Jynx|slp\n|\n|upkeep\n|turn|13\n|\n|t:|1782509097\n|switch|p2a: Cloyster|Cloyster|76/100\n|move|p1a: peaceland|Body Slam|p2a: Cloyster\n|-damage|p2a: Cloyster|54/100\n|\n|upkeep\n|turn|14\n|\n|t:|1782509126\n|switch|p1a: lady brown|Chansey|95/100\n|move|p2a: Cloyster|Explosion|p1a: lady brown\n|-crit|p1a: lady brown\n|-damage|p1a: lady brown|0 fnt\n|faint|p1a: lady brown\n|faint|p2a: Cloyster\n|inactive|big will 2024 has 270 seconds left.\n|\n|t:|1782509141\n|switch|p2a: Starmie|Starmie|100/100\n|switch|p1a: latitude|Snorlax|100/100\n|turn|15\n|\n|t:|1782509146\n|move|p2a: Starmie|Thunder Wave|p1a: latitude\n|-status|p1a: latitude|par\n|move|p1a: latitude|Body Slam|p2a: Starmie\n|-damage|p2a: Starmie|62/100\n|-status|p2a: Starmie|par\n|\n|upkeep\n|turn|16\n|\n|t:|1782509155\n|move|p2a: Starmie|Surf|p1a: latitude\n|-damage|p1a: latitude|75/100 par\n|move|p1a: latitude|Body Slam|p2a: Starmie\n|-damage|p2a: Starmie|24/100 par\n|\n|upkeep\n|turn|17\n|\n|t:|1782509158\n|cant|p2a: Starmie|par\n|move|p1a: latitude|Body Slam|p2a: Starmie\n|-crit|p2a: Starmie\n|-damage|p2a: Starmie|0 fnt\n|faint|p2a: Starmie\n|\n|t:|1782509161\n|switch|p2a: Rhydon|Rhydon|100/100\n|turn|18\n|\n|t:|1782509163\n|move|p2a: Rhydon|Earthquake|p1a: latitude\n|-damage|p1a: latitude|41/100 par\n|move|p1a: latitude|Surf|p2a: Rhydon\n|-supereffective|p2a: Rhydon\n|-damage|p2a: Rhydon|16/100\n|\n|upkeep\n|turn|19\n|\n|t:|1782509172\n|move|p2a: Rhydon|Earthquake|p1a: latitude\n|-damage|p1a: latitude|5/100 par\n|move|p1a: latitude|Body Slam|p2a: Rhydon\n|-resisted|p2a: Rhydon\n|-damage|p2a: Rhydon|5/100\n|\n|upkeep\n|turn|20\n|\n|t:|1782509176\n|move|p2a: Rhydon|Body Slam|p1a: latitude\n|-damage|p1a: latitude|0 fnt\n|faint|p1a: latitude\n|\n|t:|1782509179\n|switch|p1a: peaceland|Tauros|100/100\n|turn|21\n|\n|t:|1782509183\n|move|p1a: peaceland|Earthquake|p2a: Rhydon\n|-supereffective|p2a: Rhydon\n|-damage|p2a: Rhydon|0 fnt\n|faint|p2a: Rhydon\n|\n|t:|1782509184\n|switch|p2a: Alakazam|Alakazam|100/100\n|turn|22\n|\n|t:|1782509194\n|switch|p1a: highs 2 lows|Exeggutor|100/100\n|move|p2a: Alakazam|Thunder Wave|p1a: highs 2 lows\n|-status|p1a: highs 2 lows|par\n|\n|upkeep\n|turn|23\n|\n|t:|1782509197\n|move|p2a: Alakazam|Seismic Toss|p1a: highs 2 lows\n|-damage|p1a: highs 2 lows|75/100 par\n|move|p1a: highs 2 lows|Explosion|p2a: Alakazam\n|-damage|p2a: Alakazam|0 fnt\n|faint|p2a: Alakazam\n|faint|p1a: highs 2 lows\n|\n|t:|1782509217\n|switch|p2a: Tauros|Tauros|100/100\n|switch|p1a: peaceland|Tauros|100/100\n|turn|24\n|\n|t:|1782509222\n|move|p1a: peaceland|Body Slam|p2a: Tauros\n|-crit|p2a: Tauros\n|-damage|p2a: Tauros|44/100\n|move|p2a: Tauros|Body Slam|p1a: peaceland\n|-damage|p1a: peaceland|70/100\n|\n|upkeep\n|turn|25\n|\n|t:|1782509229\n|move|p2a: Tauros|Hyper Beam|p1a: peaceland\n|-damage|p1a: peaceland|17/100\n|-mustrecharge|p2a: Tauros\n|move|p1a: peaceland|Hyper Beam|p2a: Tauros\n|-damage|p2a: Tauros|0 fnt\n|faint|p2a: Tauros\n|c|☆stunner047|gg\n|\n|t:|1782509234\n|switch|p2a: Jynx|Jynx|100/100 slp\n|turn|26\n|\n|t:|1782509236\n|move|p1a: peaceland|Body Slam|p2a: Jynx\n|-crit|p2a: Jynx\n|-damage|p2a: Jynx|2/100 slp\n|cant|p2a: Jynx|slp\n|\n|upkeep\n|turn|27\n|\n|t:|1782509238\n|move|p1a: peaceland|Body Slam|p2a: Jynx\n|-damage|p2a: Jynx|0 fnt\n|faint|p2a: Jynx\n|\n|win|big will 2024\n|c|☆big will 2024|gg\n","uploadtime":1782509238,"views":"30","formatid":"gen1ou","rating":null,"private":2,"password":null}