{"id":"smogtours-gen1ou-962472","format":"[Gen 1] OU","players":["violet river","squirtlntacloyster"],"log":"|inactive|Battle timer is ON: inactive players will automatically lose when time's up.\n|t:|1786240127\n|gametype|singles\n|player|p1|violet river|#advplvi|\n|player|p2|squirtlntacloyster|youngster-gen4dp|\n|gen|1\n|tier|[Gen 1] OU\n|rule|Desync Clause Mod: Desyncs resolve to link battle behavior from the acting player's perspective.\n|rule|HP Percentage Mod: HP is shown in percentages\n|rule|Endless Battle Clause: Forcing endless battles is banned\n|rule|Sleep Clause Mod: Limit one foe put to sleep\n|rule|Freeze Clause Mod: Limit one foe frozen\n|rule|Species Clause: Limit one of each Pokémon\n|rule|OHKO Clause: OHKO moves are banned\n|rule|Evasion Moves Clause: Evasion moves are banned\n|\n|t:|1786240127\n|teamsize|p1|6\n|teamsize|p2|6\n|start\n|switch|p1a: Jynx|Jynx|100/100\n|switch|p2a: Gengar|Gengar|100/100\n|turn|1\n|c|☆violet river|hfhf\n|\n|t:|1786240144\n|switch|p1a: Starmie|Starmie|100/100\n|move|p2a: Gengar|Hypnosis|p1a: Starmie\n|-status|p1a: Starmie|slp|[from] move: Hypnosis\n|\n|upkeep\n|turn|2\n|inactive|squirtlntacloyster has 270 seconds left.\n|\n|t:|1786240177\n|switch|p1a: Chansey|Chansey|100/100\n|move|p2a: Gengar|Psychic|p1a: Chansey\n|-crit|p1a: Chansey\n|-damage|p1a: Chansey|79/100\n|\n|upkeep\n|turn|3\n|inactive|squirtlntacloyster has 270 seconds left.\n|inactive|squirtlntacloyster has 240 seconds left.\n|\n|t:|1786240245\n|switch|p1a: Starmie|Starmie|100/100 slp\n|move|p2a: Gengar|Explosion|p1a: Starmie\n|-damage|p1a: Starmie|34/100 slp\n|faint|p2a: Gengar\n|\n|t:|1786240247\n|switch|p2a: Tauros|Tauros|100/100\n|turn|4\n|\n|t:|1786240274\n|switch|p1a: Snorlax|Snorlax|100/100\n|move|p2a: Tauros|Body Slam|p1a: Snorlax\n|-damage|p1a: Snorlax|76/100\n|\n|upkeep\n|turn|5\n|\n|t:|1786240277\n|move|p2a: Tauros|Body Slam|p1a: Snorlax\n|-damage|p1a: Snorlax|49/100\n|move|p1a: Snorlax|Body Slam|p2a: Tauros\n|-damage|p2a: Tauros|71/100\n|\n|upkeep\n|turn|6\n|\n|t:|1786240281\n|move|p2a: Tauros|Body Slam|p1a: Snorlax\n|-damage|p1a: Snorlax|25/100\n|move|p1a: Snorlax|Self-Destruct|p2a: Tauros\n|-damage|p2a: Tauros|0 fnt\n|faint|p2a: Tauros\n|faint|p1a: Snorlax\n|\n|t:|1786240295\n|switch|p2a: Zapdos|Zapdos|100/100\n|switch|p1a: Jynx|Jynx|100/100\n|turn|7\n|\n|t:|1786240308\n|move|p2a: Zapdos|Drill Peck|p1a: Jynx\n|-damage|p1a: Jynx|57/100\n|move|p1a: Jynx|Ice Beam|p2a: Zapdos\n|-supereffective|p2a: Zapdos\n|-damage|p2a: Zapdos|47/100\n|\n|upkeep\n|turn|8\n|\n|t:|1786240315\n|move|p2a: Zapdos|Drill Peck|p1a: Jynx\n|-damage|p1a: Jynx|7/100\n|move|p1a: Jynx|Ice Beam|p2a: Zapdos\n|-supereffective|p2a: Zapdos\n|-damage|p2a: Zapdos|0 fnt\n|faint|p2a: Zapdos\n|\n|t:|1786240320\n|switch|p2a: Exeggutor|Exeggutor|100/100\n|turn|9\n|\n|t:|1786240323\n|move|p1a: Jynx|Lovely Kiss|p2a: Exeggutor\n|-status|p2a: Exeggutor|slp|[from] move: Lovely Kiss\n|cant|p2a: Exeggutor|slp\n|\n|upkeep\n|turn|10\n|\n|t:|1786240326\n|switch|p2a: Chansey|Chansey|100/100\n|move|p1a: Jynx|Body Slam|p2a: Chansey\n|-damage|p2a: Chansey|83/100\n|\n|upkeep\n|turn|11\n|\n|t:|1786240334\n|move|p1a: Jynx|Rest|p1a: Jynx\n|-status|p1a: Jynx|slp|[from] move: Rest\n|-heal|p1a: Jynx|100/100 slp|[silent]\n|move|p2a: Chansey|Thunderbolt|p1a: Jynx\n|-damage|p1a: Jynx|75/100 slp\n|\n|upkeep\n|turn|12\n|\n|t:|1786240339\n|switch|p1a: Chansey|Chansey|79/100\n|switch|p2a: Snorlax|Snorlax|100/100\n|\n|upkeep\n|turn|13\n|\n|t:|1786240354\n|switch|p2a: Chansey|Chansey|83/100\n|move|p1a: Chansey|Reflect|p1a: Chansey\n|-start|p1a: Chansey|Reflect\n|\n|upkeep\n|turn|14\n|\n|t:|1786240358\n|switch|p1a: Jynx|Jynx|75/100 slp\n|move|p2a: Chansey|Ice Beam|p1a: Jynx\n|-resisted|p1a: Jynx\n|-damage|p1a: Jynx|63/100 slp\n|\n|upkeep\n|turn|15\n|\n|t:|1786240363\n|switch|p1a: Alakazam|Alakazam|100/100\n|switch|p2a: Snorlax|Snorlax|100/100\n|\n|upkeep\n|turn|16\n|\n|t:|1786240379\n|switch|p1a: Starmie|Starmie|34/100 slp\n|switch|p2a: Chansey|Chansey|83/100\n|\n|upkeep\n|turn|17\n|\n|t:|1786240381\n|switch|p1a: Chansey|Chansey|79/100\n|move|p2a: Chansey|Thunderbolt|p1a: Chansey\n|-damage|p1a: Chansey|69/100\n|-status|p1a: Chansey|par\n|\n|upkeep\n|turn|18\n|\n|t:|1786240385\n|switch|p2a: Snorlax|Snorlax|100/100\n|move|p1a: Chansey|Reflect|p1a: Chansey\n|-start|p1a: Chansey|Reflect\n|\n|upkeep\n|turn|19\n|\n|t:|1786240392\n|move|p2a: Snorlax|Body Slam|p1a: Chansey\n|-damage|p1a: Chansey|47/100 par\n|cant|p1a: Chansey|par\n|\n|upkeep\n|turn|20\n|\n|t:|1786240399\n|move|p2a: Snorlax|Body Slam|p1a: Chansey\n|-damage|p1a: Chansey|27/100 par\n|move|p1a: Chansey|Soft-Boiled|p1a: Chansey\n|-heal|p1a: Chansey|77/100 par\n|\n|upkeep\n|turn|21\n|\n|t:|1786240406\n|switch|p2a: Chansey|Chansey|83/100\n|move|p1a: Chansey|Soft-Boiled|p1a: Chansey\n|-heal|p1a: Chansey|100/100 par\n|\n|upkeep\n|turn|22\n|\n|t:|1786240409\n|move|p2a: Chansey|Thunderbolt|p1a: Chansey\n|-damage|p1a: Chansey|90/100 par\n|move|p1a: Chansey|Ice Beam|p2a: Chansey\n|-damage|p2a: Chansey|73/100\n|\n|upkeep\n|turn|23\n|\n|t:|1786240412\n|switch|p2a: Snorlax|Snorlax|100/100\n|move|p1a: Chansey|Ice Beam|p2a: Snorlax\n|-damage|p2a: Snorlax|82/100\n|-status|p2a: Snorlax|frz\n|\n|upkeep\n|turn|24\n|\n|t:|1786240418\n|switch|p2a: Chansey|Chansey|73/100\n|switch|p1a: Alakazam|Alakazam|100/100\n|\n|upkeep\n|turn|25\n|\n|t:|1786240423\n|move|p1a: Alakazam|Thunder Wave|p2a: Chansey\n|-status|p2a: Chansey|par\n|cant|p2a: Chansey|par\n|\n|upkeep\n|turn|26\n|\n|t:|1786240424\n|move|p1a: Alakazam|Psychic|p2a: Chansey\n|-damage|p2a: Chansey|55/100 par\n|move|p2a: Chansey|Ice Beam|p1a: Alakazam\n|-crit|p1a: Alakazam\n|-damage|p1a: Alakazam|64/100\n|\n|upkeep\n|turn|27\n|\n|t:|1786240426\n|move|p1a: Alakazam|Psychic|p2a: Chansey\n|-crit|p2a: Chansey\n|-damage|p2a: Chansey|17/100 par\n|-unboost|p2a: Chansey|spa|1\n|-unboost|p2a: Chansey|spd|1\n|move|p2a: Chansey|Ice Beam|p1a: Alakazam\n|-damage|p1a: Alakazam|51/100\n|\n|upkeep\n|turn|28\n|\n|t:|1786240428\n|move|p1a: Alakazam|Psychic|p2a: Chansey\n|-crit|p2a: Chansey\n|-damage|p2a: Chansey|0 fnt\n|faint|p2a: Chansey\n|-message|squirtlntacloyster forfeited.\n|\n|win|violet river\n|c|☆violet river|gg\n","uploadtime":1786240430,"views":"76","formatid":"gen1ou","rating":null,"private":0,"password":null}