{"id":"smogtours-gen1ou-904895","format":"[Gen 1] OU","players":["Laroxyl","Ct0wn"],"log":"|inactive|Battle timer is ON: inactive players will automatically lose when time's up.\n|t:|1769983500\n|gametype|singles\n|player|p1|Laroxyl|#splxviitigers2|\n|player|p2|Ct0wn|#splxviiclassiest2|\n|gen|1\n|tier|[Gen 1] OU\n|rule|Desync Clause Mod: Desyncs changed to move failure.\n|rule|Sleep Clause Mod: Limit one foe put to sleep\n|rule|Freeze Clause Mod: Limit one foe frozen\n|rule|Species Clause: Limit one of each Pokémon\n|rule|OHKO Clause: OHKO moves are banned\n|rule|Evasion Moves Clause: Evasion moves are banned\n|rule|Endless Battle Clause: Forcing endless battles is banned\n|rule|HP Percentage Mod: HP is shown in percentages\n|\n|t:|1769983500\n|teamsize|p1|6\n|teamsize|p2|6\n|start\n|switch|p1a: Alakazam|Alakazam|100/100\n|switch|p2a: Jynx|Jynx|100/100\n|turn|1\n|rated|Smogon Premier League\n|c|☆Ct0wn|Hf\n|\n|t:|1769983516\n|move|p1a: Alakazam|Thunder Wave|p2a: Jynx\n|-status|p2a: Jynx|par\n|move|p2a: Jynx|Lovely Kiss|p1a: Alakazam\n|-status|p1a: Alakazam|slp|[from] move: Lovely Kiss\n|\n|upkeep\n|turn|2\n|c|☆Laroxyl|hf\n|\n|t:|1769983540\n|switch|p2a: Tauros|Tauros|100/100\n|cant|p1a: Alakazam|slp\n|\n|upkeep\n|turn|3\n|\n|t:|1769983546\n|switch|p1a: Snorlax|Snorlax|100/100\n|move|p2a: Tauros|Body Slam|p1a: Snorlax\n|-crit|p1a: Snorlax\n|-damage|p1a: Snorlax|53/100\n|\n|upkeep\n|turn|4\n|\n|t:|1769983553\n|move|p2a: Tauros|Body Slam|p1a: Snorlax\n|-damage|p1a: Snorlax|26/100\n|move|p1a: Snorlax|Self-Destruct|p2a: Tauros\n|-damage|p2a: Tauros|2/100\n|faint|p1a: Snorlax\n|\n|t:|1769983562\n|switch|p1a: Starmie|Starmie|100/100\n|turn|5\n|\n|t:|1769983574\n|switch|p2a: Alakazam|Alakazam|100/100\n|move|p1a: Starmie|Blizzard|p2a: Alakazam\n|-damage|p2a: Alakazam|77/100\n|\n|upkeep\n|turn|6\n|\n|t:|1769983587\n|switch|p1a: Alakazam|Alakazam|100/100 slp\n|move|p2a: Alakazam|Thunder Wave|p1a: Alakazam\n|-fail|p1a: Alakazam\n|\n|upkeep\n|turn|7\n|\n|t:|1769983593\n|switch|p1a: Exeggutor|Exeggutor|100/100\n|move|p2a: Alakazam|Seismic Toss|p1a: Exeggutor\n|-damage|p1a: Exeggutor|75/100\n|\n|upkeep\n|turn|8\n|\n|t:|1769983603\n|switch|p2a: Jynx|Jynx|100/100 par\n|move|p1a: Exeggutor|Psychic|p2a: Jynx\n|-resisted|p2a: Jynx\n|-damage|p2a: Jynx|80/100 par\n|-unboost|p2a: Jynx|spa|1\n|-unboost|p2a: Jynx|spd|1\n|\n|upkeep\n|turn|9\n|\n|t:|1769983611\n|switch|p1a: Starmie|Starmie|100/100\n|move|p2a: Jynx|Ice Beam|p1a: Starmie\n|-resisted|p1a: Starmie\n|-damage|p1a: Starmie|90/100\n|\n|upkeep\n|turn|10\n|\n|t:|1769983622\n|switch|p2a: Alakazam|Alakazam|77/100\n|move|p1a: Starmie|Blizzard|p2a: Alakazam|[miss]\n|-miss|p1a: Starmie\n|\n|upkeep\n|turn|11\n|inactive|Laroxyl has 270 seconds left.\n|\n|t:|1769983656\n|switch|p1a: Alakazam|Alakazam|100/100 slp\n|move|p2a: Alakazam|Thunder Wave|p1a: Alakazam\n|-fail|p1a: Alakazam\n|\n|upkeep\n|turn|12\n|\n|t:|1769983665\n|move|p2a: Alakazam|Seismic Toss|p1a: Alakazam\n|-damage|p1a: Alakazam|69/100 slp\n|cant|p1a: Alakazam|slp\n|\n|upkeep\n|turn|13\n|inactive|Laroxyl has 270 seconds left.\n|\n|t:|1769983684\n|-curestatus|p1a: Alakazam|slp|[msg]\n|move|p2a: Alakazam|Seismic Toss|p1a: Alakazam\n|-damage|p1a: Alakazam|37/100\n|\n|upkeep\n|turn|14\n|inactive|Laroxyl has 270 seconds left.\n|\n|t:|1769983700\n|switch|p2a: Jynx|Jynx|80/100 par\n|move|p1a: Alakazam|Recover|p1a: Alakazam\n|-heal|p1a: Alakazam|86/100\n|\n|upkeep\n|turn|15\n|inactive|Laroxyl has 270 seconds left.\n|\n|t:|1769983718\n|move|p1a: Alakazam|Seismic Toss|p2a: Jynx\n|-damage|p2a: Jynx|50/100 par\n|move|p2a: Jynx|Lovely Kiss|p1a: Alakazam\n|-status|p1a: Alakazam|slp|[from] move: Lovely Kiss\n|\n|upkeep\n|turn|16\n|\n|t:|1769983731\n|switch|p1a: Starmie|Starmie|90/100\n|move|p2a: Jynx|Ice Beam|p1a: Starmie\n|-resisted|p1a: Starmie\n|-damage|p1a: Starmie|74/100\n|\n|upkeep\n|turn|17\n|\n|t:|1769983744\n|move|p1a: Starmie|Psychic|p2a: Jynx\n|-resisted|p2a: Jynx\n|-damage|p2a: Jynx|34/100 par\n|move|p2a: Jynx|Ice Beam|p1a: Starmie\n|-resisted|p1a: Starmie\n|-damage|p1a: Starmie|58/100\n|\n|upkeep\n|turn|18\n|\n|t:|1769983754\n|switch|p1a: Tauros|Tauros|100/100\n|switch|p2a: Alakazam|Alakazam|77/100\n|\n|upkeep\n|turn|19\n|inactive|Laroxyl has 270 seconds left.\n|\n|t:|1769983767\n|switch|p1a: Alakazam|Alakazam|86/100 slp\n|move|p2a: Alakazam|Psychic|p1a: Alakazam\n|-crit|p1a: Alakazam\n|-resisted|p1a: Alakazam\n|-damage|p1a: Alakazam|56/100 slp\n|\n|upkeep\n|turn|20\n|\n|t:|1769983770\n|switch|p1a: Exeggutor|Exeggutor|75/100\n|move|p2a: Alakazam|Seismic Toss|p1a: Exeggutor\n|-damage|p1a: Exeggutor|50/100\n|\n|upkeep\n|turn|21\n|\n|t:|1769983789\n|move|p2a: Alakazam|Seismic Toss|p1a: Exeggutor\n|-damage|p1a: Exeggutor|24/100\n|move|p1a: Exeggutor|Sleep Powder|p2a: Alakazam\n|-status|p2a: Alakazam|slp|[from] move: Sleep Powder\n|\n|upkeep\n|turn|22\n|inactive|Laroxyl has 270 seconds left.\n|\n|t:|1769983819\n|switch|p1a: Tauros|Tauros|100/100\n|cant|p2a: Alakazam|slp\n|\n|upkeep\n|turn|23\n|\n|t:|1769983828\n|switch|p2a: Snorlax|Snorlax|100/100\n|move|p1a: Tauros|Body Slam|p2a: Snorlax\n|-damage|p2a: Snorlax|75/100\n|\n|upkeep\n|turn|24\n|inactive|Laroxyl has 270 seconds left.\n|\n|t:|1769983834\n|move|p1a: Tauros|Body Slam|p2a: Snorlax\n|-damage|p2a: Snorlax|49/100\n|move|p2a: Snorlax|Body Slam|p1a: Tauros\n|-damage|p1a: Tauros|71/100\n|\n|upkeep\n|turn|25\n|inactive|Laroxyl has 270 seconds left.\n|inactive|Laroxyl has 240 seconds left.\n|\n|t:|1769983882\n|move|p1a: Tauros|Body Slam|p2a: Snorlax\n|-damage|p2a: Snorlax|26/100\n|move|p2a: Snorlax|Body Slam|p1a: Tauros\n|-damage|p1a: Tauros|39/100\n|\n|upkeep\n|turn|26\n|inactive|Laroxyl has 240 seconds left.\n|inactive|Ct0wn has 270 seconds left.\n|inactive|Laroxyl has 210 seconds left.\n|inactive|Ct0wn has 240 seconds left.\n|inactive|Laroxyl has 180 seconds left.\n|\n|t:|1769983966\n|move|p1a: Tauros|Body Slam|p2a: Snorlax\n|-damage|p2a: Snorlax|0 fnt\n|faint|p2a: Snorlax\n|inactive|Ct0wn has 210 seconds left.\n|\n|t:|1769984001\n|switch|p2a: Zapdos|Zapdos|100/100\n|turn|27\n|inactive|Laroxyl has 180 seconds left.\n|inactive|Laroxyl has 150 seconds left.\n|inactive|Laroxyl has 120 seconds left.\n|\n|t:|1769984078\n|move|p1a: Tauros|Hyper Beam|p2a: Zapdos\n|-damage|p2a: Zapdos|50/100\n|-mustrecharge|p1a: Tauros\n|move|p2a: Zapdos|Agility|p2a: Zapdos\n|-boost|p2a: Zapdos|spe|2\n|\n|upkeep\n|turn|28\n|\n|t:|1769984083\n|move|p2a: Zapdos|Thunderbolt|p1a: Tauros\n|-damage|p1a: Tauros|0 fnt\n|faint|p1a: Tauros\n|\n|t:|1769984090\n|switch|p1a: Zapdos|Zapdos|100/100\n|turn|29\n|inactive|Laroxyl has 120 seconds left.\n|\n|t:|1769984122\n|move|p2a: Zapdos|Thunder Wave|p1a: Zapdos\n|-status|p1a: Zapdos|par\n|move|p1a: Zapdos|Thunderbolt|p2a: Zapdos\n|-damage|p2a: Zapdos|20/100\n|\n|upkeep\n|turn|30\n|inactive|Ct0wn has 240 seconds left.\n|\n|t:|1769984135\n|move|p2a: Zapdos|Thunderbolt|p1a: Zapdos\n|-damage|p1a: Zapdos|71/100 par\n|move|p1a: Zapdos|Agility|p1a: Zapdos\n|-boost|p1a: Zapdos|spe|2\n|\n|upkeep\n|turn|31\n|\n|t:|1769984144\n|move|p2a: Zapdos|Thunderbolt|p1a: Zapdos\n|-damage|p1a: Zapdos|44/100 par\n|move|p1a: Zapdos|Thunderbolt|p2a: Zapdos\n|-damage|p2a: Zapdos|0 fnt\n|faint|p2a: Zapdos\n|inactive|Ct0wn has 240 seconds left.\n|inactive|Ct0wn has 210 seconds left.\n|inactive|Ct0wn has 180 seconds left.\n|\n|t:|1769984237\n|switch|p2a: Tauros|Tauros|2/100\n|turn|32\n|inactive|Laroxyl has 120 seconds left.\n|inactive|Laroxyl has 90 seconds left.\n|inactive|Laroxyl has 60 seconds left.\n|inactive|Laroxyl has 30 seconds left.\n|\n|t:|1769984333\n|switch|p1a: Alakazam|Alakazam|56/100 slp\n|move|p2a: Tauros|Hyper Beam|p1a: Alakazam\n|-damage|p1a: Alakazam|0 fnt\n|faint|p1a: Alakazam\n|\n|t:|1769984337\n|switch|p1a: Starmie|Starmie|58/100\n|turn|33\n|inactive|Ct0wn has 180 seconds left.\n|inactive|Laroxyl has 30 seconds left.\n|inactive|Laroxyl has 20 seconds left.\n|inactive|Ct0wn has 150 seconds left.\n|\n|t:|1769984373\n|switch|p2a: Alakazam|Alakazam|77/100 slp\n|move|p1a: Starmie|Psychic|p2a: Alakazam\n|-resisted|p2a: Alakazam\n|-damage|p2a: Alakazam|64/100 slp\n|\n|upkeep\n|turn|34\n|inactive|Laroxyl has 30 seconds left this turn.\n|inactive|Laroxyl has 20 seconds left.\n|inactive|Laroxyl has 15 seconds left.\n|\n|t:|1769984389\n|cant|p2a: Alakazam|slp\n|move|p1a: Starmie|Blizzard|p2a: Alakazam\n|-damage|p2a: Alakazam|39/100 slp\n|\n|upkeep\n|turn|35\n|inactive|Laroxyl has 25 seconds left this turn.\n|inactive|Laroxyl has 20 seconds left.\n|\n|t:|1769984394\n|-curestatus|p2a: Alakazam|slp|[msg]\n|move|p1a: Starmie|Blizzard|p2a: Alakazam|[miss]\n|-miss|p1a: Starmie\n|\n|upkeep\n|turn|36\n|inactive|Laroxyl has 30 seconds left this turn.\n|inactive|Laroxyl has 20 seconds left.\n|\n|t:|1769984409\n|move|p2a: Alakazam|Recover|p2a: Alakazam\n|-heal|p2a: Alakazam|89/100\n|move|p1a: Starmie|Thunder Wave|p2a: Alakazam\n|-status|p2a: Alakazam|par\n|\n|upkeep\n|turn|37\n|inactive|Laroxyl has 30 seconds left this turn.\n|\n|t:|1769984415\n|move|p1a: Starmie|Recover|p1a: Starmie\n|-heal|p1a: Starmie|100/100\n|move|p2a: Alakazam|Thunder Wave|p1a: Starmie\n|-status|p1a: Starmie|par\n|\n|upkeep\n|turn|38\n|\n|t:|1769984418\n|move|p2a: Alakazam|Psychic|p1a: Starmie\n|-resisted|p1a: Starmie\n|-damage|p1a: Starmie|80/100 par\n|move|p1a: Starmie|Psychic|p2a: Alakazam\n|-resisted|p2a: Alakazam\n|-damage|p2a: Alakazam|77/100 par\n|\n|upkeep\n|turn|39\n|\n|t:|1769984422\n|move|p2a: Alakazam|Psychic|p1a: Starmie\n|-resisted|p1a: Starmie\n|-damage|p1a: Starmie|60/100 par\n|move|p1a: Starmie|Psychic|p2a: Alakazam\n|-resisted|p2a: Alakazam\n|-damage|p2a: Alakazam|63/100 par\n|-unboost|p2a: Alakazam|spa|1\n|-unboost|p2a: Alakazam|spd|1\n|\n|upkeep\n|turn|40\n|\n|t:|1769984434\n|cant|p1a: Starmie|par\n|move|p2a: Alakazam|Recover|p2a: Alakazam\n|-heal|p2a: Alakazam|100/100 par\n|\n|upkeep\n|turn|41\n|\n|t:|1769984438\n|switch|p2a: Jynx|Jynx|34/100 par\n|cant|p1a: Starmie|par\n|\n|upkeep\n|turn|42\n|inactive|Laroxyl has 60 seconds left.\n|\n|t:|1769984449\n|move|p1a: Starmie|Psychic|p2a: Jynx\n|-resisted|p2a: Jynx\n|-damage|p2a: Jynx|18/100 par\n|-unboost|p2a: Jynx|spa|1\n|-unboost|p2a: Jynx|spd|1\n|move|p2a: Jynx|Psychic|p1a: Starmie\n|-crit|p1a: Starmie\n|-resisted|p1a: Starmie\n|-damage|p1a: Starmie|27/100 par\n|\n|upkeep\n|turn|43\n|\n|t:|1769984457\n|switch|p2a: Alakazam|Alakazam|100/100 par\n|cant|p1a: Starmie|par\n|\n|upkeep\n|turn|44\n|inactive|Laroxyl has 60 seconds left.\n|\n|t:|1769984480\n|switch|p1a: Zapdos|Zapdos|44/100 par\n|move|p2a: Alakazam|Seismic Toss|p1a: Zapdos\n|-damage|p1a: Zapdos|17/100 par\n|\n|upkeep\n|turn|45\n|inactive|Laroxyl has 60 seconds left.\n|\n|t:|1769984488\n|move|p2a: Alakazam|Psychic|p1a: Zapdos\n|-crit|p1a: Zapdos\n|-damage|p1a: Zapdos|0 fnt\n|faint|p1a: Zapdos\n|\n|t:|1769984490\n|switch|p1a: Exeggutor|Exeggutor|24/100\n|turn|46\n|inactive|Laroxyl has 60 seconds left.\n|inactive|Laroxyl has 30 seconds left.\n|inactive|Laroxyl has 20 seconds left.\n|\n|t:|1769984549\n|move|p1a: Exeggutor|Psychic|p2a: Alakazam\n|-resisted|p2a: Alakazam\n|-damage|p2a: Alakazam|85/100 par\n|move|p2a: Alakazam|Seismic Toss|p1a: Exeggutor\n|-damage|p1a: Exeggutor|0 fnt\n|faint|p1a: Exeggutor\n|inactive|Laroxyl has 25 seconds left this turn.\n|\n|t:|1769984554\n|switch|p1a: Starmie|Starmie|27/100 par\n|turn|47\n|\n|t:|1769984555\n|move|p2a: Alakazam|Seismic Toss|p1a: Starmie\n|-damage|p1a: Starmie|0 fnt\n|faint|p1a: Starmie\n|\n|win|Ct0wn\n|c|☆Ct0wn|Ggs\n|c|☆Laroxyl|ggs\n|player|p1|\n|player|p2|\n","uploadtime":1769984555,"views":"1042","formatid":"gen1ou","rating":null,"private":0,"password":null}