{"id":"smogtours-gen1ou-909390","format":"[Gen 1] OU","players":["Serpi n_n","Sceptross"],"log":"|inactive|Battle timer is ON: inactive players will automatically lose when time's up.\n|t:|1771176912\n|gametype|singles\n|player|p1|Serpi n_n|#splxviibigs2|\n|player|p2|Sceptross|#splxviicryonicles2|\n|gen|1\n|tier|[Gen 1] OU\n|rule|Desync Clause Mod: Desyncs changed to move failure.\n|rule|Sleep Clause Mod: Limit one foe put to sleep\n|rule|Freeze Clause Mod: Limit one foe frozen\n|rule|Species Clause: Limit one of each Pokémon\n|rule|OHKO Clause: OHKO moves are banned\n|rule|Evasion Moves Clause: Evasion moves are banned\n|rule|Endless Battle Clause: Forcing endless battles is banned\n|rule|HP Percentage Mod: HP is shown in percentages\n|\n|t:|1771176912\n|teamsize|p1|6\n|teamsize|p2|6\n|start\n|switch|p1a: Starmie|Starmie|100/100\n|switch|p2a: Jynx|Jynx|100/100\n|turn|1\n|c|☆Serpi n_n|hf\n|c|☆Sceptross|gl hf\n|\n|t:|1771176920\n|move|p1a: Starmie|Thunder Wave|p2a: Jynx\n|-status|p2a: Jynx|par\n|move|p2a: Jynx|Lovely Kiss|p1a: Starmie\n|-status|p1a: Starmie|slp|[from] move: Lovely Kiss\n|\n|upkeep\n|turn|2\n|\n|t:|1771176927\n|switch|p1a: Chansey|Chansey|100/100\n|switch|p2a: Tauros|Tauros|100/100\n|\n|upkeep\n|turn|3\n|rated|Smogon Premier League\n|\n|t:|1771176949\n|switch|p2a: Chansey|Chansey|100/100\n|move|p1a: Chansey|Thunder Wave|p2a: Chansey\n|-status|p2a: Chansey|par\n|\n|upkeep\n|turn|4\n|inactive|Serpi n_n has 270 seconds left.\n|\n|t:|1771176970\n|move|p1a: Chansey|Seismic Toss|p2a: Chansey\n|-damage|p2a: Chansey|86/100 par\n|cant|p2a: Chansey|par\n|\n|upkeep\n|turn|5\n|inactive|Serpi n_n has 270 seconds left.\n|\n|t:|1771176981\n|switch|p1a: Starmie|Starmie|100/100 slp\n|move|p2a: Chansey|Seismic Toss|p1a: Starmie\n|-damage|p1a: Starmie|70/100 slp\n|\n|upkeep\n|turn|6\n|inactive|Serpi n_n has 270 seconds left.\n|\n|t:|1771177000\n|-curestatus|p1a: Starmie|slp|[msg]\n|move|p2a: Chansey|Thunder Wave|p1a: Starmie\n|-status|p1a: Starmie|par\n|\n|upkeep\n|turn|7\n|inactive|Serpi n_n has 270 seconds left.\n|inactive|Sceptross has 270 seconds left.\n|c|☆Sceptross|the serpi starmie early wake\n|c|☆Sceptross|almost as iconic as the sceptross limber mie\n|inactive|Sceptross has 240 seconds left.\n|\n|t:|1771177062\n|cant|p1a: Starmie|par\n|move|p2a: Chansey|Seismic Toss|p1a: Starmie\n|-damage|p1a: Starmie|39/100 par\n|\n|upkeep\n|turn|8\n|\n|t:|1771177067\n|move|p1a: Starmie|Recover|p1a: Starmie\n|-heal|p1a: Starmie|88/100 par\n|move|p2a: Chansey|Seismic Toss|p1a: Starmie\n|-damage|p1a: Starmie|57/100 par\n|\n|upkeep\n|turn|9\n|\n|t:|1771177070\n|move|p1a: Starmie|Recover|p1a: Starmie\n|-heal|p1a: Starmie|100/100 par\n|cant|p2a: Chansey|par\n|\n|upkeep\n|turn|10\n|\n|t:|1771177080\n|switch|p1a: Snorlax|Snorlax|100/100\n|move|p2a: Chansey|Thunder Wave|p1a: Snorlax\n|-status|p1a: Snorlax|par\n|\n|upkeep\n|turn|11\n|inactive|Sceptross has 270 seconds left.\n|\n|t:|1771177111\n|switch|p2a: Rhydon|Rhydon|100/100\n|cant|p1a: Snorlax|par\n|\n|upkeep\n|turn|12\n|\n|t:|1771177115\n|move|p2a: Rhydon|Earthquake|p1a: Snorlax\n|-damage|p1a: Snorlax|66/100 par\n|move|p1a: Snorlax|Reflect|p1a: Snorlax\n|-start|p1a: Snorlax|Reflect\n|\n|upkeep\n|turn|13\n|\n|t:|1771177146\n|move|p2a: Rhydon|Earthquake|p1a: Snorlax\n|-damage|p1a: Snorlax|48/100 par\n|move|p1a: Snorlax|Body Slam|p2a: Rhydon\n|-resisted|p2a: Rhydon\n|-damage|p2a: Rhydon|88/100\n|-status|p2a: Rhydon|par\n|\n|upkeep\n|turn|14\n|inactive|Serpi n_n has 270 seconds left.\n|\n|t:|1771177172\n|cant|p2a: Rhydon|par\n|cant|p1a: Snorlax|par\n|\n|upkeep\n|turn|15\n|\n|t:|1771177187\n|move|p2a: Rhydon|Earthquake|p1a: Snorlax\n|-damage|p1a: Snorlax|30/100 par\n|move|p1a: Snorlax|Rest|p1a: Snorlax\n|-status|p1a: Snorlax|slp|[from] move: Rest\n|-heal|p1a: Snorlax|100/100 slp|[silent]\n|\n|upkeep\n|turn|16\n|\n|t:|1771177191\n|move|p2a: Rhydon|Earthquake|p1a: Snorlax\n|-damage|p1a: Snorlax|82/100 slp\n|cant|p1a: Snorlax|slp\n|\n|upkeep\n|turn|17\n|\n|t:|1771177196\n|cant|p2a: Rhydon|par\n|-curestatus|p1a: Snorlax|slp|[msg]\n|\n|upkeep\n|turn|18\n|\n|t:|1771177202\n|move|p2a: Rhydon|Substitute|p2a: Rhydon\n|-start|p2a: Rhydon|Substitute\n|-damage|p2a: Rhydon|63/100 par\n|move|p1a: Snorlax|Ice Beam|p2a: Rhydon\n|-supereffective|p2a: Rhydon\n|-end|p2a: Rhydon|Substitute\n|\n|upkeep\n|turn|19\n|inactive|Sceptross has 270 seconds left.\n|inactive|Sceptross has 240 seconds left.\n|inactive|Sceptross has 210 seconds left.\n|\n|t:|1771177281\n|switch|p2a: Starmie|Starmie|100/100\n|move|p1a: Snorlax|Body Slam|p2a: Starmie\n|-damage|p2a: Starmie|66/100\n|-status|p2a: Starmie|par\n|\n|upkeep\n|turn|20\n|\n|t:|1771177307\n|switch|p1a: Starmie|Starmie|100/100 par\n|cant|p2a: Starmie|par\n|\n|upkeep\n|turn|21\n|inactive|Serpi n_n has 270 seconds left.\n|inactive|Serpi n_n has 240 seconds left.\n|\n|t:|1771177355\n|move|p1a: Starmie|Thunderbolt|p2a: Starmie|[miss]\n|-miss|p1a: Starmie\n|-hint|In Gen 1, moves with 100% accuracy can still miss 1/256 of the time.\n|cant|p2a: Starmie|par\n|\n|upkeep\n|turn|22\n|\n|t:|1771177376\n|switch|p2a: Chansey|Chansey|86/100 par\n|move|p1a: Starmie|Thunderbolt|p2a: Chansey\n|-damage|p2a: Chansey|76/100 par\n|\n|upkeep\n|turn|23\n|\n|t:|1771177388\n|move|p1a: Starmie|Blizzard|p2a: Chansey|[miss]\n|-miss|p1a: Starmie\n|move|p2a: Chansey|Thunder Wave|p1a: Starmie\n|-fail|p1a: Starmie|par\n|\n|upkeep\n|turn|24\n|\n|t:|1771177395\n|move|p1a: Starmie|Thunderbolt|p2a: Chansey\n|-damage|p2a: Chansey|65/100 par\n|move|p2a: Chansey|Soft-Boiled|p2a: Chansey\n|-heal|p2a: Chansey|100/100 par\n|\n|upkeep\n|turn|25\n|\n|t:|1771177400\n|cant|p1a: Starmie|par\n|move|p2a: Chansey|Seismic Toss|p1a: Starmie\n|-damage|p1a: Starmie|70/100 par\n|\n|upkeep\n|turn|26\n|\n|t:|1771177403\n|move|p1a: Starmie|Recover|p1a: Starmie\n|-heal|p1a: Starmie|100/100 par\n|move|p2a: Chansey|Seismic Toss|p1a: Starmie\n|-damage|p1a: Starmie|70/100 par\n|\n|upkeep\n|turn|27\n|\n|t:|1771177409\n|move|p1a: Starmie|Recover|p1a: Starmie\n|-heal|p1a: Starmie|100/100 par\n|cant|p2a: Chansey|par\n|\n|upkeep\n|turn|28\n|\n|t:|1771177416\n|cant|p1a: Starmie|par\n|move|p2a: Chansey|Seismic Toss|p1a: Starmie\n|-damage|p1a: Starmie|70/100 par\n|\n|upkeep\n|turn|29\n|\n|t:|1771177421\n|cant|p1a: Starmie|par\n|move|p2a: Chansey|Seismic Toss|p1a: Starmie\n|-damage|p1a: Starmie|39/100 par\n|\n|upkeep\n|turn|30\n|\n|t:|1771177432\n|cant|p1a: Starmie|par\n|move|p2a: Chansey|Seismic Toss|p1a: Starmie\n|-damage|p1a: Starmie|8/100 par\n|\n|upkeep\n|turn|31\n|\n|t:|1771177444\n|switch|p2a: Tauros|Tauros|100/100\n|move|p1a: Starmie|Recover|p1a: Starmie\n|-heal|p1a: Starmie|57/100 par\n|\n|upkeep\n|turn|32\n|\n|t:|1771177465\n|switch|p1a: Exeggutor|Exeggutor|100/100\n|move|p2a: Tauros|Body Slam|p1a: Exeggutor\n|-crit|p1a: Exeggutor\n|-damage|p1a: Exeggutor|42/100\n|\n|upkeep\n|turn|33\n|inactive|Serpi n_n has 270 seconds left.\n|inactive|Sceptross has 270 seconds left.\n|\n|t:|1771177498\n|switch|p2a: Jynx|Jynx|100/100 par\n|switch|p1a: Chansey|Chansey|100/100\n|\n|upkeep\n|turn|34\n|inactive|Serpi n_n has 270 seconds left.\n|\n|t:|1771177525\n|switch|p1a: Starmie|Starmie|57/100 par\n|switch|p2a: Tauros|Tauros|100/100\n|\n|upkeep\n|turn|35\n|\n|t:|1771177539\n|switch|p1a: Chansey|Chansey|100/100\n|move|p2a: Tauros|Body Slam|p1a: Chansey\n|-crit|p1a: Chansey\n|-damage|p1a: Chansey|29/100\n|\n|upkeep\n|turn|36\n|inactive|Serpi n_n has 240 seconds left.\n|\n|t:|1771177579\n|switch|p1a: Zapdos|Zapdos|100/100\n|move|p2a: Tauros|Body Slam|p1a: Zapdos\n|-damage|p1a: Zapdos|70/100\n|\n|upkeep\n|turn|37\n|inactive|Sceptross has 240 seconds left.\n|inactive|Sceptross has 210 seconds left.\n|\n|t:|1771177668\n|switch|p2a: Chansey|Chansey|100/100 par\n|switch|p1a: Snorlax|Snorlax|82/100\n|\n|upkeep\n|turn|38\n|\n|t:|1771177675\n|move|p1a: Snorlax|Body Slam|p2a: Chansey\n|-damage|p2a: Chansey|61/100 par\n|move|p2a: Chansey|Sing|p1a: Snorlax\n|-status|p1a: Snorlax|slp|[from] move: Sing\n|\n|upkeep\n|turn|39\n|inactive|Serpi n_n has 240 seconds left.\n|\n|t:|1771177696\n|switch|p1a: Tauros|Tauros|100/100\n|switch|p2a: Tauros|Tauros|100/100\n|\n|upkeep\n|turn|40\n|inactive|Sceptross has 180 seconds left.\n|inactive|Sceptross has 150 seconds left.\n|inactive|Sceptross has 120 seconds left.\n|\n|t:|1771177772\n|move|p2a: Tauros|Body Slam|p1a: Tauros\n|-damage|p1a: Tauros|72/100\n|move|p1a: Tauros|Body Slam|p2a: Tauros\n|-damage|p2a: Tauros|69/100\n|\n|upkeep\n|turn|41\n|inactive|Serpi n_n has 240 seconds left.\n|\n|t:|1771177780\n|move|p2a: Tauros|Body Slam|p1a: Tauros\n|-damage|p1a: Tauros|41/100\n|move|p1a: Tauros|Body Slam|p2a: Tauros\n|-damage|p2a: Tauros|41/100\n|\n|upkeep\n|turn|42\n|inactive|Serpi n_n has 240 seconds left.\n|\n|t:|1771177799\n|switch|p2a: Slowbro|Slowbro|100/100\n|move|p1a: Tauros|Blizzard|p2a: Slowbro\n|-resisted|p2a: Slowbro\n|-damage|p2a: Slowbro|89/100\n|\n|upkeep\n|turn|43\n|inactive|Serpi n_n has 240 seconds left.\n|inactive|Sceptross has 120 seconds left.\n|\n|t:|1771177838\n|switch|p1a: Exeggutor|Exeggutor|42/100\n|switch|p2a: Tauros|Tauros|41/100\n|\n|upkeep\n|turn|44\n|inactive|Serpi n_n has 210 seconds left.\n|\n|t:|1771177874\n|switch|p1a: Zapdos|Zapdos|70/100\n|move|p2a: Tauros|Hyper Beam|p1a: Zapdos\n|-damage|p1a: Zapdos|23/100\n|-mustrecharge|p2a: Tauros\n|\n|upkeep\n|turn|45\n|\n|t:|1771177879\n|cant|p2a: Tauros|recharge\n|move|p1a: Zapdos|Thunderbolt|p2a: Tauros\n|-damage|p2a: Tauros|0 fnt\n|faint|p2a: Tauros\n|\n|t:|1771177885\n|switch|p2a: Rhydon|Rhydon|63/100 par\n|turn|46\n|inactive|Serpi n_n has 210 seconds left.\n|\n|t:|1771177915\n|switch|p1a: Exeggutor|Exeggutor|42/100\n|cant|p2a: Rhydon|par\n|\n|upkeep\n|turn|47\n|inactive|Serpi n_n has 180 seconds left.\n|\n|t:|1771177942\n|switch|p1a: Starmie|Starmie|57/100 par\n|switch|p2a: Starmie|Starmie|66/100 par\n|\n|upkeep\n|turn|48\n|inactive|Serpi n_n has 180 seconds left.\n|\n|t:|1771177959\n|switch|p1a: Chansey|Chansey|29/100\n|move|p2a: Starmie|Thunderbolt|p1a: Chansey\n|-damage|p1a: Chansey|18/100\n|-status|p1a: Chansey|par\n|\n|upkeep\n|turn|49\n|inactive|Sceptross has 150 seconds left.\n|\n|t:|1771177992\n|move|p2a: Starmie|Surf|p1a: Chansey\n|-damage|p1a: Chansey|3/100 par\n|move|p1a: Chansey|Soft-Boiled|p1a: Chansey\n|-heal|p1a: Chansey|53/100 par\n|\n|upkeep\n|turn|50\n|\n|t:|1771178007\n|move|p2a: Starmie|Recover|p2a: Starmie\n|-heal|p2a: Starmie|100/100 par\n|move|p1a: Chansey|Seismic Toss|p2a: Starmie\n|-damage|p2a: Starmie|70/100 par\n|\n|upkeep\n|turn|51\n|\n|t:|1771178011\n|move|p2a: Starmie|Recover|p2a: Starmie\n|-heal|p2a: Starmie|100/100 par\n|move|p1a: Chansey|Soft-Boiled|p1a: Chansey\n|-heal|p1a: Chansey|100/100 par\n|\n|upkeep\n|turn|52\n|inactive|Serpi n_n has 180 seconds left.\n|\n|t:|1771178041\n|move|p2a: Starmie|Surf|p1a: Chansey\n|-crit|p1a: Chansey\n|-damage|p1a: Chansey|71/100 par\n|move|p1a: Chansey|Seismic Toss|p2a: Starmie\n|-damage|p2a: Starmie|70/100 par\n|\n|upkeep\n|turn|53\n|\n|t:|1771178048\n|move|p2a: Starmie|Recover|p2a: Starmie\n|-heal|p2a: Starmie|100/100 par\n|cant|p1a: Chansey|par\n|\n|upkeep\n|turn|54\n|\n|t:|1771178054\n|switch|p2a: Chansey|Chansey|61/100 par\n|cant|p1a: Chansey|par\n|\n|upkeep\n|turn|55\n|\n|t:|1771178060\n|switch|p1a: Starmie|Starmie|57/100 par\n|move|p2a: Chansey|Soft-Boiled|p2a: Chansey\n|-heal|p2a: Chansey|100/100 par\n|\n|upkeep\n|turn|56\n|\n|t:|1771178064\n|move|p1a: Starmie|Recover|p1a: Starmie\n|-heal|p1a: Starmie|100/100 par\n|move|p2a: Chansey|Seismic Toss|p1a: Starmie\n|-damage|p1a: Starmie|70/100 par\n|\n|upkeep\n|turn|57\n|\n|t:|1771178068\n|cant|p1a: Starmie|par\n|move|p2a: Chansey|Seismic Toss|p1a: Starmie\n|-damage|p1a: Starmie|39/100 par\n|\n|upkeep\n|turn|58\n|\n|t:|1771178071\n|switch|p2a: Starmie|Starmie|100/100 par\n|move|p1a: Starmie|Recover|p1a: Starmie\n|-heal|p1a: Starmie|88/100 par\n|\n|upkeep\n|turn|59\n|inactive|Serpi n_n has 210 seconds left.\n|inactive|Serpi n_n has 180 seconds left.\n|inactive|Serpi n_n has 150 seconds left.\n|\n|t:|1771178161\n|switch|p1a: Chansey|Chansey|71/100 par\n|cant|p2a: Starmie|par\n|\n|upkeep\n|turn|60\n|inactive|Serpi n_n has 150 seconds left.\n|\n|t:|1771178178\n|switch|p2a: Rhydon|Rhydon|63/100 par\n|move|p1a: Chansey|Soft-Boiled|p1a: Chansey\n|-heal|p1a: Chansey|100/100 par\n|\n|upkeep\n|turn|61\n|inactive|Serpi n_n has 150 seconds left.\n|inactive|Sceptross has 180 seconds left.\n|\n|t:|1771178199\n|cant|p1a: Chansey|par\n|cant|p2a: Rhydon|par\n|\n|upkeep\n|turn|62\n|\n|t:|1771178203\n|move|p1a: Chansey|Seismic Toss|p2a: Rhydon\n|-damage|p2a: Rhydon|39/100 par\n|cant|p2a: Rhydon|par\n|\n|upkeep\n|turn|63\n|inactive|Serpi n_n has 150 seconds left.\n|\n|t:|1771178227\n|switch|p1a: Tauros|Tauros|41/100\n|move|p2a: Rhydon|Rest|p2a: Rhydon\n|-status|p2a: Rhydon|slp|[from] move: Rest\n|-heal|p2a: Rhydon|100/100 slp|[silent]\n|\n|upkeep\n|turn|64\n|inactive|Serpi n_n has 120 seconds left.\n|\n|t:|1771178277\n|switch|p2a: Starmie|Starmie|100/100 par\n|move|p1a: Tauros|Blizzard|p2a: Starmie\n|-resisted|p2a: Starmie\n|-damage|p2a: Starmie|89/100 par\n|\n|upkeep\n|turn|65\n|inactive|Serpi n_n has 90 seconds left.\n|inactive|Sceptross has 180 seconds left.\n|\n|t:|1771178325\n|switch|p1a: Chansey|Chansey|100/100 par\n|move|p2a: Starmie|Surf|p1a: Chansey\n|-damage|p1a: Chansey|86/100 par\n|\n|upkeep\n|turn|66\n|\n|t:|1771178336\n|cant|p2a: Starmie|par\n|move|p1a: Chansey|Seismic Toss|p2a: Starmie\n|-damage|p2a: Starmie|58/100 par\n|\n|upkeep\n|turn|67\n|\n|t:|1771178341\n|move|p2a: Starmie|Recover|p2a: Starmie\n|-heal|p2a: Starmie|100/100 par\n|move|p1a: Chansey|Seismic Toss|p2a: Starmie\n|-damage|p2a: Starmie|70/100 par\n|\n|upkeep\n|turn|68\n|\n|t:|1771178346\n|move|p2a: Starmie|Recover|p2a: Starmie\n|-heal|p2a: Starmie|100/100 par\n|move|p1a: Chansey|Seismic Toss|p2a: Starmie\n|-damage|p2a: Starmie|70/100 par\n|\n|upkeep\n|turn|69\n|\n|t:|1771178348\n|cant|p2a: Starmie|par\n|move|p1a: Chansey|Seismic Toss|p2a: Starmie\n|-damage|p2a: Starmie|39/100 par\n|\n|upkeep\n|turn|70\n|\n|t:|1771178355\n|move|p2a: Starmie|Recover|p2a: Starmie\n|-heal|p2a: Starmie|88/100 par\n|cant|p1a: Chansey|par\n|\n|upkeep\n|turn|71\n|\n|t:|1771178358\n|move|p2a: Starmie|Surf|p1a: Chansey\n|-damage|p1a: Chansey|70/100 par\n|cant|p1a: Chansey|par\n|\n|upkeep\n|turn|72\n|\n|t:|1771178361\n|move|p2a: Starmie|Surf|p1a: Chansey\n|-damage|p1a: Chansey|54/100 par\n|cant|p1a: Chansey|par\n|\n|upkeep\n|turn|73\n|inactive|Serpi n_n has 120 seconds left.\n|\n|t:|1771178377\n|move|p2a: Starmie|Surf|p1a: Chansey\n|-damage|p1a: Chansey|40/100 par\n|move|p1a: Chansey|Seismic Toss|p2a: Starmie\n|-damage|p2a: Starmie|57/100 par\n|\n|upkeep\n|turn|74\n|\n|t:|1771178381\n|cant|p2a: Starmie|par\n|move|p1a: Chansey|Soft-Boiled|p1a: Chansey\n|-heal|p1a: Chansey|90/100 par\n|\n|upkeep\n|turn|75\n|\n|t:|1771178383\n|cant|p2a: Starmie|par\n|move|p1a: Chansey|Seismic Toss|p2a: Starmie\n|-damage|p2a: Starmie|27/100 par\n|\n|upkeep\n|turn|76\n|\n|t:|1771178387\n|move|p2a: Starmie|Recover|p2a: Starmie\n|-heal|p2a: Starmie|76/100 par\n|move|p1a: Chansey|Seismic Toss|p2a: Starmie\n|-damage|p2a: Starmie|45/100 par\n|\n|upkeep\n|turn|77\n|\n|t:|1771178390\n|move|p2a: Starmie|Recover|p2a: Starmie\n|-heal|p2a: Starmie|95/100 par\n|move|p1a: Chansey|Seismic Toss|p2a: Starmie\n|-damage|p2a: Starmie|64/100 par\n|\n|upkeep\n|turn|78\n|\n|t:|1771178392\n|move|p2a: Starmie|Recover|p2a: Starmie\n|-heal|p2a: Starmie|100/100 par\n|move|p1a: Chansey|Seismic Toss|p2a: Starmie\n|-damage|p2a: Starmie|70/100 par\n|\n|upkeep\n|turn|79\n|\n|t:|1771178394\n|move|p2a: Starmie|Recover|p2a: Starmie\n|-heal|p2a: Starmie|100/100 par\n|move|p1a: Chansey|Seismic Toss|p2a: Starmie\n|-damage|p2a: Starmie|70/100 par\n|\n|upkeep\n|turn|80\n|\n|t:|1771178396\n|move|p2a: Starmie|Recover|p2a: Starmie\n|-heal|p2a: Starmie|100/100 par\n|cant|p1a: Chansey|par\n|\n|upkeep\n|turn|81\n|inactive|Sceptross has 270 seconds left.\n|inactive|Sceptross has 240 seconds left.\n|\n|t:|1771178475\n|switch|p2a: Chansey|Chansey|100/100 par\n|move|p1a: Chansey|Seismic Toss|p2a: Chansey\n|-damage|p2a: Chansey|86/100 par\n|\n|upkeep\n|turn|82\n|\n|t:|1771178483\n|switch|p1a: Starmie|Starmie|88/100 par\n|move|p2a: Chansey|Seismic Toss|p1a: Starmie\n|-damage|p1a: Starmie|57/100 par\n|\n|upkeep\n|turn|83\n|inactive|Sceptross has 240 seconds left.\n|\n|t:|1771178492\n|move|p1a: Starmie|Recover|p1a: Starmie\n|-heal|p1a: Starmie|100/100 par\n|cant|p2a: Chansey|par\n|\n|upkeep\n|turn|84\n|inactive|Serpi n_n has 210 seconds left.\n|\n|t:|1771178501\n|move|p1a: Starmie|Blizzard|p2a: Chansey\n|-crit|p2a: Chansey\n|-damage|p2a: Chansey|63/100 par\n|move|p2a: Chansey|Seismic Toss|p1a: Starmie\n|-damage|p1a: Starmie|70/100 par\n|\n|upkeep\n|turn|85\n|\n|t:|1771178504\n|cant|p1a: Starmie|par\n|cant|p2a: Chansey|par\n|\n|upkeep\n|turn|86\n|\n|t:|1771178506\n|move|p1a: Starmie|Recover|p1a: Starmie\n|-heal|p1a: Starmie|100/100 par\n|move|p2a: Chansey|Soft-Boiled|p2a: Chansey\n|-heal|p2a: Chansey|100/100 par\n|\n|upkeep\n|turn|87\n|\n|t:|1771178510\n|move|p1a: Starmie|Blizzard|p2a: Chansey\n|-damage|p2a: Chansey|87/100 par\n|move|p2a: Chansey|Seismic Toss|p1a: Starmie\n|-damage|p1a: Starmie|70/100 par\n|\n|upkeep\n|turn|88\n|\n|t:|1771178514\n|cant|p1a: Starmie|par\n|cant|p2a: Chansey|par\n|\n|upkeep\n|turn|89\n|\n|t:|1771178517\n|move|p1a: Starmie|Recover|p1a: Starmie\n|-heal|p1a: Starmie|100/100 par\n|cant|p2a: Chansey|par\n|\n|upkeep\n|turn|90\n|\n|t:|1771178526\n|move|p1a: Starmie|Blizzard|p2a: Chansey\n|-damage|p2a: Chansey|75/100 par\n|move|p2a: Chansey|Seismic Toss|p1a: Starmie\n|-damage|p1a: Starmie|70/100 par\n|\n|upkeep\n|turn|91\n|\n|t:|1771178530\n|move|p1a: Starmie|Recover|p1a: Starmie\n|-heal|p1a: Starmie|100/100 par\n|move|p2a: Chansey|Soft-Boiled|p2a: Chansey\n|-heal|p2a: Chansey|100/100 par\n|\n|upkeep\n|turn|92\n|\n|t:|1771178535\n|cant|p1a: Starmie|par\n|move|p2a: Chansey|Seismic Toss|p1a: Starmie\n|-damage|p1a: Starmie|70/100 par\n|\n|upkeep\n|turn|93\n|\n|t:|1771178538\n|move|p1a: Starmie|Recover|p1a: Starmie\n|-heal|p1a: Starmie|100/100 par\n|cant|p2a: Chansey|par\n|\n|upkeep\n|turn|94\n|\n|t:|1771178540\n|cant|p1a: Starmie|par\n|cant|p2a: Chansey|par\n|\n|upkeep\n|turn|95\n|\n|t:|1771178542\n|move|p1a: Starmie|Thunder Wave|p2a: Chansey\n|-fail|p2a: Chansey|par\n|cant|p2a: Chansey|par\n|\n|upkeep\n|turn|96\n|\n|t:|1771178545\n|move|p1a: Starmie|Thunder Wave|p2a: Chansey\n|-fail|p2a: Chansey|par\n|move|p2a: Chansey|Seismic Toss|p1a: Starmie\n|-damage|p1a: Starmie|70/100 par\n|\n|upkeep\n|turn|97\n|\n|t:|1771178569\n|cant|p1a: Starmie|par\n|move|p2a: Chansey|Thunder Wave|p1a: Starmie\n|-fail|p1a: Starmie|par\n|\n|upkeep\n|turn|98\n|\n|t:|1771178572\n|move|p1a: Starmie|Recover|p1a: Starmie\n|-heal|p1a: Starmie|100/100 par\n|cant|p2a: Chansey|par\n|\n|upkeep\n|turn|99\n|\n|t:|1771178589\n|move|p1a: Starmie|Thunder Wave|p2a: Chansey\n|-fail|p2a: Chansey|par\n|move|p2a: Chansey|Seismic Toss|p1a: Starmie\n|-damage|p1a: Starmie|70/100 par\n|\n|upkeep\n|turn|100\n|\n|t:|1771178592\n|move|p1a: Starmie|Recover|p1a: Starmie\n|-heal|p1a: Starmie|100/100 par\n|move|p2a: Chansey|Thunder Wave|p1a: Starmie\n|-fail|p1a: Starmie|par\n|\n|upkeep\n|turn|101\n|\n|t:|1771178595\n|move|p1a: Starmie|Thunder Wave|p2a: Chansey\n|-fail|p2a: Chansey|par\n|move|p2a: Chansey|Seismic Toss|p1a: Starmie\n|-damage|p1a: Starmie|70/100 par\n|\n|upkeep\n|turn|102\n|\n|t:|1771178599\n|move|p1a: Starmie|Recover|p1a: Starmie\n|-heal|p1a: Starmie|100/100 par\n|cant|p2a: Chansey|par\n|\n|upkeep\n|turn|103\n|\n|t:|1771178601\n|move|p1a: Starmie|Thunder Wave|p2a: Chansey\n|-fail|p2a: Chansey|par\n|cant|p2a: Chansey|par\n|\n|upkeep\n|turn|104\n|\n|t:|1771178603\n|move|p1a: Starmie|Thunder Wave|p2a: Chansey\n|-fail|p2a: Chansey|par\n|move|p2a: Chansey|Thunder Wave|p1a: Starmie\n|-fail|p1a: Starmie|par\n|\n|upkeep\n|turn|105\n|\n|t:|1771178607\n|move|p1a: Starmie|Thunder Wave|p2a: Chansey\n|-fail|p2a: Chansey|par\n|cant|p2a: Chansey|par\n|\n|upkeep\n|turn|106\n|\n|t:|1771178610\n|move|p1a: Starmie|Thunder Wave|p2a: Chansey\n|-fail|p2a: Chansey|par\n|move|p2a: Chansey|Sing|p1a: Starmie\n|-fail|p1a: Starmie\n|\n|upkeep\n|turn|107\n|\n|t:|1771178617\n|move|p1a: Starmie|Thunder Wave|p2a: Chansey\n|-fail|p2a: Chansey|par\n|move|p2a: Chansey|Thunder Wave|p1a: Starmie\n|-fail|p1a: Starmie|par\n|\n|upkeep\n|turn|108\n|\n|t:|1771178619\n|switch|p1a: Snorlax|Snorlax|82/100 slp\n|move|p2a: Chansey|Sing|p1a: Snorlax|[miss]\n|-miss|p2a: Chansey\n|\n|upkeep\n|turn|109\n|\n|t:|1771178628\n|switch|p2a: Rhydon|Rhydon|100/100 slp\n|cant|p1a: Snorlax|slp\n|\n|upkeep\n|turn|110\n|\n|t:|1771178633\n|switch|p1a: Tauros|Tauros|41/100\n|cant|p2a: Rhydon|slp\n|\n|upkeep\n|turn|111\n|inactive|Sceptross has 270 seconds left.\n|inactive|Sceptross has 240 seconds left.\n|\n|t:|1771178715\n|switch|p2a: Jynx|Jynx|100/100 par\n|move|p1a: Tauros|Thunderbolt|p2a: Jynx\n|-damage|p2a: Jynx|83/100 par\n|\n|upkeep\n|turn|112\n|inactive|Serpi n_n has 270 seconds left.\n|inactive|Serpi n_n has 240 seconds left.\n|\n|t:|1771178794\n|switch|p1a: Starmie|Starmie|100/100 par\n|switch|p2a: Slowbro|Slowbro|89/100\n|\n|upkeep\n|turn|113\n|inactive|Sceptross has 210 seconds left.\n|inactive|Serpi n_n has 210 seconds left.\n|inactive|Serpi n_n has 180 seconds left.\n|\n|t:|1771178869\n|switch|p2a: Chansey|Chansey|100/100 par\n|move|p1a: Starmie|Thunderbolt|p2a: Chansey\n|-damage|p2a: Chansey|90/100 par\n|\n|upkeep\n|turn|114\n|\n|t:|1771178882\n|cant|p1a: Starmie|par\n|move|p2a: Chansey|Thunder Wave|p1a: Starmie\n|-fail|p1a: Starmie|par\n|\n|upkeep\n|turn|115\n|inactive|Serpi n_n has 180 seconds left.\n|\n|t:|1771178895\n|switch|p1a: Snorlax|Snorlax|82/100 slp\n|move|p2a: Chansey|Sing|p1a: Snorlax|[miss]\n|-miss|p2a: Chansey\n|\n|upkeep\n|turn|116\n|inactive|Serpi n_n has 180 seconds left.\n|inactive|Sceptross has 210 seconds left.\n|\n|t:|1771178914\n|switch|p2a: Rhydon|Rhydon|100/100 slp\n|-curestatus|p1a: Snorlax|slp|[msg]\n|\n|upkeep\n|turn|117\n|inactive|Serpi n_n has 180 seconds left.\n|inactive|Sceptross has 210 seconds left.\n|inactive|Sceptross has 180 seconds left.\n|\n|t:|1771178956\n|switch|p2a: Starmie|Starmie|100/100 par\n|move|p1a: Snorlax|Body Slam|p2a: Starmie\n|-damage|p2a: Starmie|66/100 par\n|\n|upkeep\n|turn|118\n|\n|t:|1771178958\n|move|p1a: Snorlax|Body Slam|p2a: Starmie\n|-damage|p2a: Starmie|30/100 par\n|move|p2a: Starmie|Thunder Wave|p1a: Snorlax\n|-status|p1a: Snorlax|par\n|\n|upkeep\n|turn|119\n|\n|t:|1771178960\n|move|p2a: Starmie|Recover|p2a: Starmie\n|-heal|p2a: Starmie|79/100 par\n|move|p1a: Snorlax|Body Slam|p2a: Starmie\n|-damage|p2a: Starmie|44/100 par\n|\n|upkeep\n|turn|120\n|\n|t:|1771178976\n|cant|p2a: Starmie|par\n|cant|p1a: Snorlax|par\n|\n|upkeep\n|turn|121\n|\n|t:|1771178980\n|move|p2a: Starmie|Recover|p2a: Starmie\n|-heal|p2a: Starmie|94/100 par\n|move|p1a: Snorlax|Body Slam|p2a: Starmie\n|-damage|p2a: Starmie|54/100 par\n|\n|upkeep\n|turn|122\n|\n|t:|1771178986\n|move|p2a: Starmie|Recover|p2a: Starmie\n|-heal|p2a: Starmie|100/100 par\n|move|p1a: Snorlax|Body Slam|p2a: Starmie\n|-damage|p2a: Starmie|62/100 par\n|\n|upkeep\n|turn|123\n|\n|t:|1771178989\n|move|p2a: Starmie|Recover|p2a: Starmie\n|-heal|p2a: Starmie|100/100 par\n|move|p1a: Snorlax|Body Slam|p2a: Starmie\n|-damage|p2a: Starmie|64/100 par\n|\n|upkeep\n|turn|124\n|inactive|Serpi n_n has 210 seconds left.\n|\n|t:|1771179025\n|move|p2a: Starmie|Recover|p2a: Starmie\n|-heal|p2a: Starmie|100/100 par\n|cant|p1a: Snorlax|par\n|\n|upkeep\n|turn|125\n|\n|t:|1771179028\n|cant|p2a: Starmie|par\n|move|p1a: Snorlax|Rest|p1a: Snorlax\n|-status|p1a: Snorlax|slp|[from] move: Rest\n|-heal|p1a: Snorlax|100/100 slp|[silent]\n|\n|upkeep\n|turn|126\n|inactive|Serpi n_n has 210 seconds left.\n|\n|t:|1771179054\n|cant|p2a: Starmie|par\n|cant|p1a: Snorlax|slp\n|\n|upkeep\n|turn|127\n|\n|t:|1771179064\n|cant|p2a: Starmie|par\n|-curestatus|p1a: Snorlax|slp|[msg]\n|\n|upkeep\n|turn|128\n|\n|t:|1771179091\n|switch|p1a: Chansey|Chansey|90/100 par\n|move|p2a: Starmie|Thunder Wave|p1a: Chansey\n|-fail|p1a: Chansey|par\n|\n|upkeep\n|turn|129\n|\n|t:|1771179105\n|switch|p2a: Chansey|Chansey|90/100 par\n|move|p1a: Chansey|Seismic Toss|p2a: Chansey\n|-damage|p2a: Chansey|76/100 par\n|\n|upkeep\n|turn|130\n|inactive|Serpi n_n has 180 seconds left.\n|\n|t:|1771179132\n|switch|p1a: Starmie|Starmie|100/100 par\n|move|p2a: Chansey|Soft-Boiled|p2a: Chansey\n|-heal|p2a: Chansey|100/100 par\n|\n|upkeep\n|turn|131\n|\n|t:|1771179138\n|switch|p1a: Chansey|Chansey|90/100 par\n|cant|p2a: Chansey|par\n|\n|upkeep\n|turn|132\n|inactive|Serpi n_n has 180 seconds left.\n|\n|t:|1771179149\n|switch|p1a: Starmie|Starmie|100/100 par\n|move|p2a: Chansey|Seismic Toss|p1a: Starmie\n|-damage|p1a: Starmie|70/100 par\n|\n|upkeep\n|turn|133\n|\n|t:|1771179153\n|move|p1a: Starmie|Recover|p1a: Starmie\n|-heal|p1a: Starmie|100/100 par\n|move|p2a: Chansey|Seismic Toss|p1a: Starmie\n|-damage|p1a: Starmie|70/100 par\n|\n|upkeep\n|turn|134\n|\n|t:|1771179155\n|switch|p2a: Starmie|Starmie|100/100 par\n|move|p1a: Starmie|Recover|p1a: Starmie\n|-heal|p1a: Starmie|100/100 par\n|\n|upkeep\n|turn|135\n|inactive|Serpi n_n has 180 seconds left.\n|inactive|Serpi n_n has 150 seconds left.\n|\n|t:|1771179227\n|switch|p1a: Snorlax|Snorlax|100/100\n|cant|p2a: Starmie|par\n|\n|upkeep\n|turn|136\n|\n|t:|1771179246\n|switch|p1a: Chansey|Chansey|90/100 par\n|move|p2a: Starmie|Thunder Wave|p1a: Chansey\n|-fail|p1a: Chansey|par\n|\n|upkeep\n|turn|137\n|inactive|Serpi n_n has 120 seconds left.\n|\n|t:|1771179272\n|move|p2a: Starmie|Surf|p1a: Chansey\n|-damage|p1a: Chansey|74/100 par\n|move|p1a: Chansey|Seismic Toss|p2a: Starmie\n|-damage|p2a: Starmie|70/100 par\n|\n|upkeep\n|turn|138\n|inactive|Serpi n_n has 120 seconds left.\n|\n|t:|1771179287\n|switch|p1a: Snorlax|Snorlax|100/100\n|move|p2a: Starmie|Recover|p2a: Starmie\n|-heal|p2a: Starmie|100/100 par\n|\n|upkeep\n|turn|139\n|inactive|Serpi n_n has 120 seconds left.\n|\n|t:|1771179301\n|switch|p1a: Chansey|Chansey|74/100 par\n|cant|p2a: Starmie|par\n|\n|upkeep\n|turn|140\n|\n|t:|1771179306\n|switch|p2a: Rhydon|Rhydon|100/100 slp\n|move|p1a: Chansey|Seismic Toss|p2a: Rhydon\n|-damage|p2a: Rhydon|76/100 slp\n|\n|upkeep\n|turn|141\n|\n|t:|1771179316\n|switch|p1a: Snorlax|Snorlax|100/100\n|-curestatus|p2a: Rhydon|slp|[msg]\n|\n|upkeep\n|turn|142\n|\n|t:|1771179335\n|move|p2a: Rhydon|Earthquake|p1a: Snorlax\n|-damage|p1a: Snorlax|65/100\n|move|p1a: Snorlax|Ice Beam|p2a: Rhydon\n|-supereffective|p2a: Rhydon\n|-damage|p2a: Rhydon|34/100\n|\n|upkeep\n|turn|143\n|\n|t:|1771179346\n|switch|p2a: Starmie|Starmie|100/100 par\n|move|p1a: Snorlax|Body Slam|p2a: Starmie\n|-damage|p2a: Starmie|64/100 par\n|\n|upkeep\n|turn|144\n|\n|t:|1771179350\n|move|p1a: Snorlax|Body Slam|p2a: Starmie\n|-crit|p2a: Starmie\n|-damage|p2a: Starmie|0 fnt\n|faint|p2a: Starmie\n|\n|t:|1771179354\n|switch|p2a: Slowbro|Slowbro|89/100\n|turn|145\n|inactive|Serpi n_n has 150 seconds left.\n|inactive|Serpi n_n has 120 seconds left.\n|\n|t:|1771179410\n|move|p1a: Snorlax|Body Slam|p2a: Slowbro\n|-damage|p2a: Slowbro|65/100\n|move|p2a: Slowbro|Amnesia|p2a: Slowbro\n|-boost|p2a: Slowbro|spa|2\n|-boost|p2a: Slowbro|spd|2\n|\n|upkeep\n|turn|146\n|inactive|Serpi n_n has 90 seconds left.\n|inactive|Serpi n_n has 60 seconds left.\n|\n|t:|1771179478\n|move|p2a: Slowbro|Thunder Wave|p1a: Snorlax\n|-status|p1a: Snorlax|par\n|move|p1a: Snorlax|Body Slam|p2a: Slowbro\n|-damage|p2a: Slowbro|41/100\n|\n|upkeep\n|turn|147\n|inactive|Serpi n_n has 30 seconds left.\n|inactive|Serpi n_n has 20 seconds left.\n|\n|t:|1771179520\n|move|p2a: Slowbro|Surf|p1a: Snorlax\n|-damage|p1a: Snorlax|17/100 par\n|move|p1a: Snorlax|Body Slam|p2a: Slowbro\n|-damage|p2a: Slowbro|16/100\n|\n|upkeep\n|turn|148\n|inactive|Serpi n_n has 30 seconds left this turn.\n|inactive|Serpi n_n has 20 seconds left.\n|inactive|Serpi n_n has 15 seconds left.\n|\n|t:|1771179536\n|switch|p1a: Zapdos|Zapdos|23/100\n|move|p2a: Slowbro|Rest|p2a: Slowbro\n|-status|p2a: Slowbro|slp|[from] move: Rest\n|-heal|p2a: Slowbro|100/100 slp|[silent]\n|\n|upkeep\n|turn|149\n|inactive|Serpi n_n has 25 seconds left this turn.\n|inactive|Serpi n_n has 20 seconds left.\n|inactive|Serpi n_n has 15 seconds left.\n|inactive|Sceptross has 270 seconds left.\n|\n|t:|1771179561\n|switch|p2a: Rhydon|Rhydon|34/100\n|move|p1a: Zapdos|Thunderbolt|p2a: Rhydon\n|-immune|p2a: Rhydon\n|\n|upkeep\n|turn|150\n|inactive|Serpi n_n has 25 seconds left this turn.\n|inactive|Serpi n_n has 20 seconds left.\n|inactive|Serpi n_n has 15 seconds left.\n|inactive|Serpi n_n has 10 seconds left.\n|\n|t:|1771179576\n|switch|p1a: Exeggutor|Exeggutor|42/100\n|move|p2a: Rhydon|Body Slam|p1a: Exeggutor\n|-damage|p1a: Exeggutor|21/100\n|\n|upkeep\n|turn|151\n|inactive|Serpi n_n has 20 seconds left this turn.\n|inactive|Serpi n_n has 15 seconds left.\n|inactive|Serpi n_n has 10 seconds left.\n|inactive|Sceptross has 270 seconds left.\n|inactive|Serpi n_n has 5 seconds left.\n|inactive|Sceptross has 240 seconds left.\n|inactive|Sceptross has 210 seconds left.\n|inactive|Sceptross has 180 seconds left.\n|inactive|Sceptross has 150 seconds left.\n|\n|t:|1771179716\n|switch|p2a: Jynx|Jynx|83/100 par\n|move|p1a: Exeggutor|Psychic|p2a: Jynx\n|-resisted|p2a: Jynx\n|-damage|p2a: Jynx|65/100 par\n|-unboost|p2a: Jynx|spa|1\n|-unboost|p2a: Jynx|spd|1\n|\n|upkeep\n|turn|152\n|inactive|Serpi n_n has 15 seconds left this turn.\n|inactive|Serpi n_n has 10 seconds left.\n|inactive|Sceptross has 150 seconds left.\n|\n|t:|1771179725\n|switch|p1a: Starmie|Starmie|100/100 par\n|move|p2a: Jynx|Blizzard|p1a: Starmie\n|-resisted|p1a: Starmie\n|-damage|p1a: Starmie|86/100 par\n|\n|upkeep\n|turn|153\n|inactive|Serpi n_n has 20 seconds left this turn.\n|inactive|Serpi n_n has 15 seconds left.\n|inactive|Sceptross has 150 seconds left.\n|\n|t:|1771179746\n|switch|p2a: Rhydon|Rhydon|34/100\n|move|p1a: Starmie|Thunderbolt|p2a: Rhydon\n|-immune|p2a: Rhydon\n|\n|upkeep\n|turn|154\n|inactive|Serpi n_n has 25 seconds left this turn.\n|inactive|Serpi n_n has 20 seconds left.\n|inactive|Serpi n_n has 15 seconds left.\n|inactive|Serpi n_n has 10 seconds left.\n|inactive|Serpi n_n has 5 seconds left.\n|\n|t:|1771179769\n|switch|p2a: Chansey|Chansey|100/100 par\n|switch|p1a: Exeggutor|Exeggutor|21/100\n|\n|upkeep\n|turn|155\n|inactive|Serpi n_n has 15 seconds left this turn.\n|inactive|Serpi n_n has 10 seconds left.\n|inactive|Serpi n_n has 5 seconds left.\n|\n|t:|1771179785\n|switch|p2a: Jynx|Jynx|65/100 par\n|move|p1a: Exeggutor|Explosion|p2a: Jynx\n|-damage|p2a: Jynx|0 fnt\n|faint|p2a: Jynx\n|faint|p1a: Exeggutor\n|inactive|Serpi n_n has 10 seconds left this turn.\n|inactive|Serpi n_n has 5 seconds left.\n|inactive|Sceptross has 120 seconds left.\n|\n|t:|1771179810\n|switch|p1a: Tauros|Tauros|41/100\n|switch|p2a: Rhydon|Rhydon|34/100\n|turn|156\n|inactive|Serpi n_n has 15 seconds left this turn.\n|inactive|Sceptross has 120 seconds left.\n|\n|t:|1771179817\n|switch|p2a: Chansey|Chansey|100/100 par\n|move|p1a: Tauros|Blizzard|p2a: Chansey\n|-damage|p2a: Chansey|90/100 par\n|\n|upkeep\n|turn|157\n|inactive|Serpi n_n has 25 seconds left this turn.\n|inactive|Serpi n_n has 20 seconds left.\n|inactive|Sceptross has 120 seconds left.\n|\n|t:|1771179832\n|switch|p1a: Chansey|Chansey|74/100 par\n|switch|p2a: Rhydon|Rhydon|34/100\n|\n|upkeep\n|turn|158\n|inactive|Serpi n_n has 30 seconds left this turn.\n|inactive|Sceptross has 120 seconds left.\n|inactive|Serpi n_n has 20 seconds left.\n|\n|t:|1771179848\n|switch|p1a: Snorlax|Snorlax|17/100 par\n|move|p2a: Rhydon|Earthquake|p1a: Snorlax\n|-damage|p1a: Snorlax|0 fnt\n|faint|p1a: Snorlax\n|inactive|Serpi n_n has 25 seconds left this turn.\n|\n|t:|1771179850\n|switch|p1a: Tauros|Tauros|41/100\n|turn|159\n|inactive|Serpi n_n has 30 seconds left.\n|inactive|Sceptross has 120 seconds left.\n|\n|t:|1771179859\n|switch|p2a: Chansey|Chansey|90/100 par\n|move|p1a: Tauros|Body Slam|p2a: Chansey\n|-damage|p2a: Chansey|49/100 par\n|\n|upkeep\n|turn|160\n|inactive|Serpi n_n has 30 seconds left.\n|inactive|Serpi n_n has 20 seconds left.\n|inactive|Serpi n_n has 15 seconds left.\n|inactive|Serpi n_n has 10 seconds left.\n|inactive|Serpi n_n has 5 seconds left.\n|\n|t:|1771179894\n|move|p1a: Tauros|Hyper Beam|p2a: Chansey\n|-damage|p2a: Chansey|0 fnt\n|faint|p2a: Chansey\n|\n|t:|1771179898\n|switch|p2a: Slowbro|Slowbro|100/100 slp\n|turn|161\n|inactive|Serpi n_n has 20 seconds left this turn.\n|\n|t:|1771179899\n|move|p1a: Tauros|Thunderbolt|p2a: Slowbro|[miss]\n|-miss|p1a: Tauros\n|-hint|In Gen 1, moves with 100% accuracy can still miss 1/256 of the time.\n|cant|p2a: Slowbro|slp\n|\n|upkeep\n|turn|162\n|inactive|Serpi n_n has 30 seconds left this turn.\n|\n|t:|1771179905\n|move|p1a: Tauros|Thunderbolt|p2a: Slowbro\n|-supereffective|p2a: Slowbro\n|-damage|p2a: Slowbro|63/100 slp\n|-curestatus|p2a: Slowbro|slp|[msg]\n|\n|upkeep\n|turn|163\n|inactive|Serpi n_n has 30 seconds left.\n|\n|t:|1771179916\n|switch|p1a: Starmie|Starmie|86/100 par\n|move|p2a: Slowbro|Amnesia|p2a: Slowbro\n|-boost|p2a: Slowbro|spa|2\n|-boost|p2a: Slowbro|spd|2\n|\n|upkeep\n|turn|164\n|\n|t:|1771179923\n|move|p2a: Slowbro|Amnesia|p2a: Slowbro\n|-boost|p2a: Slowbro|spa|2\n|-boost|p2a: Slowbro|spd|2\n|cant|p1a: Starmie|par\n|\n|upkeep\n|turn|165\n|\n|t:|1771179928\n|move|p2a: Slowbro|Surf|p1a: Starmie\n|-resisted|p1a: Starmie\n|-damage|p1a: Starmie|39/100 par\n|move|p1a: Starmie|Thunder Wave|p2a: Slowbro\n|-status|p2a: Slowbro|par\n|\n|upkeep\n|turn|166\n|\n|t:|1771179936\n|switch|p1a: Chansey|Chansey|74/100 par\n|move|p2a: Slowbro|Surf|p1a: Chansey\n|-damage|p1a: Chansey|33/100 par\n|\n|upkeep\n|turn|167\n|inactive|Sceptross has 180 seconds left.\n|inactive|Sceptross has 150 seconds left.\n|inactive|Sceptross has 120 seconds left.\n|inactive|Sceptross has 90 seconds left.\n|\n|t:|1771180035\n|switch|p1a: Zapdos|Zapdos|23/100\n|move|p2a: Slowbro|Surf|p1a: Zapdos\n|-damage|p1a: Zapdos|0 fnt\n|faint|p1a: Zapdos\n|inactive|Serpi n_n has 60 seconds left.\n|\n|t:|1771180053\n|switch|p1a: Starmie|Starmie|39/100 par\n|turn|168\n|inactive|Sceptross has 90 seconds left.\n|\n|t:|1771180094\n|move|p1a: Starmie|Recover|p1a: Starmie\n|-heal|p1a: Starmie|89/100 par\n|move|p2a: Slowbro|Surf|p1a: Starmie\n|-resisted|p1a: Starmie\n|-damage|p1a: Starmie|41/100 par\n|\n|upkeep\n|turn|169\n|\n|t:|1771180105\n|cant|p1a: Starmie|par\n|move|p2a: Slowbro|Amnesia|p2a: Slowbro\n|-boost|p2a: Slowbro|spa|2\n|-boost|p2a: Slowbro|spd|2\n|\n|upkeep\n|turn|170\n|\n|t:|1771180110\n|switch|p1a: Chansey|Chansey|33/100 par\n|cant|p2a: Slowbro|par\n|\n|upkeep\n|turn|171\n|inactive|Sceptross has 60 seconds left.\n|\n|t:|1771180150\n|move|p1a: Chansey|Soft-Boiled|p1a: Chansey\n|-heal|p1a: Chansey|82/100 par\n|move|p2a: Slowbro|Surf|p1a: Chansey\n|-damage|p1a: Chansey|29/100 par\n|\n|upkeep\n|turn|172\n|inactive|Sceptross has 30 seconds left.\n|inactive|Sceptross has 20 seconds left.\n|inactive|Sceptross has 15 seconds left.\n|\n|t:|1771180198\n|move|p1a: Chansey|Seismic Toss|p2a: Slowbro\n|-damage|p2a: Slowbro|37/100 par\n|move|p2a: Slowbro|Surf|p1a: Chansey\n|-damage|p1a: Chansey|0 fnt\n|faint|p1a: Chansey\n|\n|t:|1771180201\n|switch|p1a: Tauros|Tauros|41/100\n|turn|173\n|inactive|Sceptross has 30 seconds left this turn.\n|inactive|Sceptross has 20 seconds left.\n|inactive|Serpi n_n has 60 seconds left.\n|\n|t:|1771180232\n|switch|p2a: Rhydon|Rhydon|34/100\n|move|p1a: Tauros|Hyper Beam|p2a: Rhydon\n|-resisted|p2a: Rhydon\n|-damage|p2a: Rhydon|15/100\n|-mustrecharge|p1a: Tauros\n|\n|upkeep\n|turn|174\n|inactive|Sceptross has 30 seconds left this turn.\n|\n|t:|1771180238\n|cant|p1a: Tauros|recharge\n|move|p2a: Rhydon|Earthquake|p1a: Tauros\n|-crit|p1a: Tauros\n|-damage|p1a: Tauros|0 fnt\n|faint|p1a: Tauros\n|\n|t:|1771180240\n|switch|p1a: Starmie|Starmie|41/100 par\n|turn|175\n|\n|t:|1771180243\n|move|p2a: Rhydon|Earthquake|p1a: Starmie\n|-damage|p1a: Starmie|0 fnt\n|faint|p1a: Starmie\n|\n|win|Sceptross\n|c|☆Sceptross|ggs\n|c|☆Serpi n_n|ggs\n","uploadtime":1771180243,"views":"1268","formatid":"gen1ou","rating":null,"private":0,"password":null}