{"id":"smogtours-gen1ou-950087","format":"[Gen 1] OU","players":["Soda Krys","TG2513"],"log":"|inactive|Battle timer is ON: inactive players will automatically lose when time's up.\n|t:|1782417812\n|gametype|singles\n|player|p1|Soda Krys|lass-gen1rb|\n|player|p2|TG2513|brycenman|\n|gen|1\n|tier|[Gen 1] OU\n|rule|Desync Clause Mod: Desyncs changed to move failure.\n|rule|HP Percentage Mod: HP is shown in percentages\n|rule|Endless Battle Clause: Forcing endless battles is banned\n|rule|Sleep Clause Mod: Limit one foe put to sleep\n|rule|Freeze Clause Mod: Limit one foe frozen\n|rule|Species Clause: Limit one of each Pokémon\n|rule|OHKO Clause: OHKO moves are banned\n|rule|Evasion Moves Clause: Evasion moves are banned\n|\n|t:|1782417812\n|teamsize|p1|6\n|teamsize|p2|6\n|start\n|switch|p1a: Starmie|Starmie|100/100\n|switch|p2a: Alakazam|Alakazam|100/100\n|turn|1\n|inactive|Soda Krys also wants the timer to be on.\n|c|☆TG2513|HF\n|c|☆Soda Krys|uh\n|c|☆Soda Krys|5-6 right\n|c|☆TG2513|ye\n|inactive|Soda Krys has 270 seconds left.\n|\n|t:|1782417850\n|switch|p2a: Chansey|Chansey|100/100\n|switch|p1a: Chansey|Chansey|100/100\n|\n|upkeep\n|turn|2\n|\n|t:|1782417857\n|move|p1a: Chansey|Sing|p2a: Chansey\n|-status|p2a: Chansey|slp|[from] move: Sing\n|-curestatus|p2a: Chansey|slp|[msg]\n|\n|upkeep\n|turn|3\n|\n|t:|1782417859\n|move|p1a: Chansey|Sing|p2a: Chansey\n|-status|p2a: Chansey|slp|[from] move: Sing\n|-curestatus|p2a: Chansey|slp|[msg]\n|\n|upkeep\n|turn|4\n|\n|t:|1782417862\n|switch|p2a: Alakazam|Alakazam|100/100\n|move|p1a: Chansey|Sing|p2a: Alakazam\n|-status|p2a: Alakazam|slp|[from] move: Sing\n|\n|upkeep\n|turn|5\n|\n|t:|1782417867\n|switch|p2a: Exeggutor|Exeggutor|100/100\n|move|p1a: Chansey|Thunder Wave|p2a: Exeggutor\n|-status|p2a: Exeggutor|par\n|\n|upkeep\n|turn|6\n|\n|t:|1782417870\n|switch|p1a: Starmie|Starmie|100/100\n|cant|p2a: Exeggutor|par\n|\n|upkeep\n|turn|7\n|\n|t:|1782417871\n|move|p1a: Starmie|Blizzard|p2a: Exeggutor|[miss]\n|-miss|p1a: Starmie\n|move|p2a: Exeggutor|Sleep Powder|p1a: Starmie|[miss]\n|-miss|p2a: Exeggutor\n|\n|upkeep\n|turn|8\n|\n|t:|1782417873\n|move|p1a: Starmie|Blizzard|p2a: Exeggutor\n|-crit|p2a: Exeggutor\n|-supereffective|p2a: Exeggutor\n|-damage|p2a: Exeggutor|26/100 par\n|move|p2a: Exeggutor|Sleep Powder|p1a: Starmie\n|-status|p1a: Starmie|slp|[from] move: Sleep Powder\n|\n|upkeep\n|turn|9\n|\n|t:|1782417879\n|switch|p1a: Snorlax|Snorlax|100/100\n|cant|p2a: Exeggutor|par\n|\n|upkeep\n|turn|10\n|\n|t:|1782417889\n|switch|p2a: Snorlax|Snorlax|100/100\n|move|p1a: Snorlax|Body Slam|p2a: Snorlax\n|-damage|p2a: Snorlax|74/100\n|\n|upkeep\n|turn|11\n|\n|t:|1782417893\n|move|p2a: Snorlax|Ice Beam|p1a: Snorlax\n|-damage|p1a: Snorlax|87/100\n|-status|p1a: Snorlax|frz\n|cant|p1a: Snorlax|frz\n|\n|upkeep\n|turn|12\n|\n|t:|1782417901\n|switch|p1a: Chansey|Chansey|100/100\n|switch|p2a: Chansey|Chansey|100/100\n|\n|upkeep\n|turn|13\n|\n|t:|1782417905\n|move|p1a: Chansey|Thunder Wave|p2a: Chansey\n|-status|p2a: Chansey|par\n|cant|p2a: Chansey|par\n|\n|upkeep\n|turn|14\n|\n|t:|1782417914\n|move|p1a: Chansey|Seismic Toss|p2a: Chansey\n|-damage|p2a: Chansey|86/100 par\n|move|p2a: Chansey|Thunder Wave|p1a: Chansey\n|-status|p1a: Chansey|par\n|\n|upkeep\n|turn|15\n|\n|t:|1782417921\n|switch|p2a: Snorlax|Snorlax|74/100\n|cant|p1a: Chansey|par\n|\n|upkeep\n|turn|16\n|\n|t:|1782417929\n|move|p2a: Snorlax|Reflect|p2a: Snorlax\n|-start|p2a: Snorlax|Reflect\n|move|p1a: Chansey|Thunder Wave|p2a: Snorlax\n|-status|p2a: Snorlax|par\n|\n|upkeep\n|turn|17\n|\n|t:|1782417933\n|switch|p1a: Exeggutor|Exeggutor|100/100\n|cant|p2a: Snorlax|par\n|\n|upkeep\n|turn|18\n|\n|t:|1782417936\n|move|p1a: Exeggutor|Psychic|p2a: Snorlax\n|-damage|p2a: Snorlax|45/100 par\n|move|p2a: Snorlax|Body Slam|p1a: Exeggutor\n|-damage|p1a: Exeggutor|71/100\n|\n|upkeep\n|turn|19\n|\n|t:|1782417941\n|switch|p2a: Chansey|Chansey|86/100 par\n|move|p1a: Exeggutor|Psychic|p2a: Chansey\n|-damage|p2a: Chansey|70/100 par\n|\n|upkeep\n|turn|20\n|\n|t:|1782417950\n|switch|p1a: Chansey|Chansey|100/100 par\n|cant|p2a: Chansey|par\n|\n|upkeep\n|turn|21\n|\n|t:|1782417959\n|switch|p1a: Golem|Golem|100/100\n|move|p2a: Chansey|Soft-Boiled|p2a: Chansey\n|-heal|p2a: Chansey|100/100 par\n|\n|upkeep\n|turn|22\n|\n|t:|1782417964\n|switch|p1a: Chansey|Chansey|100/100 par\n|move|p2a: Chansey|Ice Beam|p1a: Chansey\n|-crit|p1a: Chansey\n|-damage|p1a: Chansey|79/100 par\n|\n|upkeep\n|turn|23\n|c|☆Soda Krys|okok\n|\n|t:|1782417974\n|switch|p2a: Snorlax|Snorlax|45/100 par\n|move|p1a: Chansey|Soft-Boiled|p1a: Chansey\n|-heal|p1a: Chansey|100/100 par\n|\n|upkeep\n|turn|24\n|\n|t:|1782417981\n|cant|p1a: Chansey|par\n|move|p2a: Snorlax|Reflect|p2a: Snorlax\n|-start|p2a: Snorlax|Reflect\n|\n|upkeep\n|turn|25\n|\n|t:|1782417982\n|move|p1a: Chansey|Seismic Toss|p2a: Snorlax\n|-damage|p2a: Snorlax|26/100 par\n|move|p2a: Snorlax|Rest|p2a: Snorlax\n|-status|p2a: Snorlax|slp|[from] move: Rest\n|-heal|p2a: Snorlax|100/100 slp|[silent]\n|\n|upkeep\n|turn|26\n|\n|t:|1782417985\n|switch|p1a: Exeggutor|Exeggutor|71/100\n|cant|p2a: Snorlax|slp\n|\n|upkeep\n|turn|27\n|\n|t:|1782417990\n|move|p1a: Exeggutor|Psychic|p2a: Snorlax\n|-crit|p2a: Snorlax\n|-damage|p2a: Snorlax|41/100 slp\n|-curestatus|p2a: Snorlax|slp|[msg]\n|\n|upkeep\n|turn|28\n|\n|t:|1782417994\n|move|p1a: Exeggutor|Psychic|p2a: Snorlax\n|-damage|p2a: Snorlax|8/100\n|move|p2a: Snorlax|Rest|p2a: Snorlax\n|-status|p2a: Snorlax|slp|[from] move: Rest\n|-heal|p2a: Snorlax|100/100 slp|[silent]\n|\n|upkeep\n|turn|29\n|\n|t:|1782418000\n|switch|p1a: Golem|Golem|100/100\n|switch|p2a: Chansey|Chansey|100/100 par\n|\n|upkeep\n|turn|30\n|\n|t:|1782418003\n|move|p1a: Golem|Explosion|p2a: Chansey\n|-damage|p2a: Chansey|0 fnt\n|faint|p2a: Chansey\n|faint|p1a: Golem\n|\n|t:|1782418020\n|switch|p1a: Tauros|Tauros|100/100\n|switch|p2a: Exeggutor|Exeggutor|26/100 par\n|turn|31\n|c|☆Soda Krys|truly dont care if you have zapdos there was no way to break anything without that.\n|\n|t:|1782418059\n|move|p1a: Tauros|Body Slam|p2a: Exeggutor\n|-damage|p2a: Exeggutor|0 fnt\n|faint|p2a: Exeggutor\n|\n|t:|1782418073\n|switch|p2a: Tauros|Tauros|100/100\n|turn|32\n|\n|t:|1782418075\n|move|p1a: Tauros|Body Slam|p2a: Tauros\n|-damage|p2a: Tauros|69/100\n|move|p2a: Tauros|Body Slam|p1a: Tauros\n|-damage|p1a: Tauros|73/100\n|\n|upkeep\n|turn|33\n|\n|t:|1782418078\n|move|p1a: Tauros|Body Slam|p2a: Tauros\n|-crit|p2a: Tauros\n|-damage|p2a: Tauros|9/100\n|move|p2a: Tauros|Body Slam|p1a: Tauros\n|-crit|p1a: Tauros\n|-damage|p1a: Tauros|13/100\n|\n|upkeep\n|turn|34\n|\n|t:|1782418080\n|move|p1a: Tauros|Body Slam|p2a: Tauros\n|-crit|p2a: Tauros\n|-damage|p2a: Tauros|0 fnt\n|faint|p2a: Tauros\n|\n|t:|1782418083\n|switch|p2a: Zapdos|Zapdos|100/100\n|turn|35\n|\n|t:|1782418088\n|move|p1a: Tauros|Body Slam|p2a: Zapdos\n|-damage|p2a: Zapdos|72/100\n|move|p2a: Zapdos|Agility|p2a: Zapdos\n|-boost|p2a: Zapdos|spe|2\n|\n|upkeep\n|turn|36\n|\n|t:|1782418092\n|move|p2a: Zapdos|Drill Peck|p1a: Tauros\n|-damage|p1a: Tauros|0 fnt\n|faint|p1a: Tauros\n|\n|t:|1782418093\n|switch|p1a: Chansey|Chansey|100/100 par\n|turn|37\n|\n|t:|1782418099\n|switch|p2a: Snorlax|Snorlax|100/100 slp\n|move|p1a: Chansey|Thunder Wave|p2a: Snorlax\n|-fail|p2a: Snorlax\n|\n|upkeep\n|turn|38\n|\n|t:|1782418101\n|switch|p1a: Exeggutor|Exeggutor|71/100\n|cant|p2a: Snorlax|slp\n|\n|upkeep\n|turn|39\n|\n|t:|1782418103\n|move|p1a: Exeggutor|Psychic|p2a: Snorlax\n|-damage|p2a: Snorlax|71/100 slp\n|-curestatus|p2a: Snorlax|slp|[msg]\n|\n|upkeep\n|turn|40\n|\n|t:|1782418105\n|move|p1a: Exeggutor|Stun Spore|p2a: Snorlax|[miss]\n|-miss|p1a: Exeggutor\n|move|p2a: Snorlax|Body Slam|p1a: Exeggutor\n|-damage|p1a: Exeggutor|39/100\n|\n|upkeep\n|turn|41\n|\n|t:|1782418107\n|move|p1a: Exeggutor|Stun Spore|p2a: Snorlax\n|-status|p2a: Snorlax|par\n|move|p2a: Snorlax|Body Slam|p1a: Exeggutor\n|-damage|p1a: Exeggutor|7/100\n|\n|upkeep\n|turn|42\n|\n|t:|1782418112\n|move|p1a: Exeggutor|Psychic|p2a: Snorlax\n|-damage|p2a: Snorlax|38/100 par\n|move|p2a: Snorlax|Ice Beam|p1a: Exeggutor\n|-supereffective|p1a: Exeggutor\n|-damage|p1a: Exeggutor|0 fnt\n|faint|p1a: Exeggutor\n|\n|t:|1782418114\n|switch|p1a: Chansey|Chansey|100/100 par\n|turn|43\n|\n|t:|1782418115\n|move|p1a: Chansey|Seismic Toss|p2a: Snorlax\n|-damage|p2a: Snorlax|19/100 par\n|move|p2a: Snorlax|Rest|p2a: Snorlax\n|-status|p2a: Snorlax|slp|[from] move: Rest\n|-heal|p2a: Snorlax|100/100 slp|[silent]\n|\n|upkeep\n|turn|44\n|\n|t:|1782418117\n|move|p1a: Chansey|Seismic Toss|p2a: Snorlax\n|-damage|p2a: Snorlax|81/100 slp\n|cant|p2a: Snorlax|slp\n|\n|upkeep\n|turn|45\n|\n|t:|1782418120\n|move|p1a: Chansey|Seismic Toss|p2a: Snorlax\n|-damage|p2a: Snorlax|62/100 slp\n|-curestatus|p2a: Snorlax|slp|[msg]\n|\n|upkeep\n|turn|46\n|\n|t:|1782418125\n|cant|p1a: Chansey|par\n|move|p2a: Snorlax|Body Slam|p1a: Chansey\n|-damage|p1a: Chansey|56/100 par\n|\n|upkeep\n|turn|47\n|\n|t:|1782418127\n|move|p1a: Chansey|Thunder Wave|p2a: Snorlax\n|-status|p2a: Snorlax|par\n|move|p2a: Snorlax|Body Slam|p1a: Chansey\n|-damage|p1a: Chansey|13/100 par\n|\n|upkeep\n|turn|48\n|\n|t:|1782418129\n|move|p1a: Chansey|Soft-Boiled|p1a: Chansey\n|-heal|p1a: Chansey|63/100 par\n|move|p2a: Snorlax|Body Slam|p1a: Chansey\n|-crit|p1a: Chansey\n|-damage|p1a: Chansey|0 fnt\n|faint|p1a: Chansey\n|c|☆Soda Krys|whatever bro.\n|c|☆Soda Krys|6-6\n|-message|Soda Krys forfeited.\n|\n|win|TG2513\n|player|p1|\n|player|p1|Soda Krys|lass-gen1rb|\n","uploadtime":1782418142,"views":"65","formatid":"gen1ou","rating":null,"private":0,"password":null}