{"id":"smogtours-gen1ou-825316","format":"[Gen 1] OU","players":["Amaranth","Sceptross"],"log":"|inactive|Battle timer is ON: inactive players will automatically lose when time's up.\n|t:|1742143035\n|gametype|singles\n|player|p1|Amaranth|#amaranth|\n|player|p2|Sceptross|#splxvicryonicles|\n|teamsize|p1|6\n|teamsize|p2|6\n|gen|1\n|tier|[Gen 1] OU\n|rule|Desync Clause Mod: Desyncs changed to move failure.\n|rule|Sleep Clause Mod: Limit one foe put to sleep\n|rule|Freeze Clause Mod: Limit one foe frozen\n|rule|Species Clause: Limit one of each Pokémon\n|rule|OHKO Clause: OHKO moves are banned\n|rule|Evasion Moves Clause: Evasion moves are banned\n|rule|Endless Battle Clause: Forcing endless battles is banned\n|rule|HP Percentage Mod: HP is shown in percentages\n|\n|t:|1742143035\n|start\n|switch|p1a: Jynx|Jynx|100/100\n|switch|p2a: Jynx|Jynx|100/100\n|turn|1\n|c|☆Sceptross|gl hf\n|rated|Smogon Premier League\n|c|☆Amaranth|glhf\n|\n|t:|1742143057\n|move|p1a: Jynx|Lovely Kiss|p2a: Jynx\n|-status|p2a: Jynx|slp|[from] move: Lovely Kiss\n|cant|p2a: Jynx|slp\n|\n|upkeep\n|turn|2\n|\n|t:|1742143066\n|switch|p1a: Tauros|Tauros|100/100\n|-curestatus|p2a: Jynx|slp|[msg]\n|\n|upkeep\n|turn|3\n|\n|t:|1742143092\n|move|p1a: Tauros|Body Slam|p2a: Jynx\n|-damage|p2a: Jynx|45/100\n|-status|p2a: Jynx|par\n|move|p2a: Jynx|Lovely Kiss|p1a: Tauros|[miss]\n|-miss|p2a: Jynx\n|\n|upkeep\n|turn|4\n|\n|t:|1742143100\n|switch|p2a: Cloyster|Cloyster|100/100\n|move|p1a: Tauros|Body Slam|p2a: Cloyster\n|-damage|p2a: Cloyster|78/100\n|-status|p2a: Cloyster|par\n|\n|upkeep\n|turn|5\n|\n|t:|1742143111\n|switch|p1a: Lapras|Lapras|100/100\n|move|p2a: Cloyster|Blizzard|p1a: Lapras\n|-resisted|p1a: Lapras\n|-damage|p1a: Lapras|94/100\n|\n|upkeep\n|turn|6\n|\n|t:|1742143134\n|switch|p2a: Chansey|Chansey|100/100\n|move|p1a: Lapras|Sing|p2a: Chansey|[miss]\n|-miss|p1a: Lapras\n|\n|upkeep\n|turn|7\n|\n|t:|1742143153\n|switch|p1a: Jynx|Jynx|100/100\n|move|p2a: Chansey|Thunder Wave|p1a: Jynx\n|-status|p1a: Jynx|par\n|\n|upkeep\n|turn|8\n|\n|t:|1742143166\n|switch|p2a: Jynx|Jynx|45/100 par\n|switch|p1a: Snorlax|Snorlax|100/100\n|\n|upkeep\n|turn|9\n|\n|t:|1742143175\n|switch|p2a: Cloyster|Cloyster|78/100 par\n|move|p1a: Snorlax|Body Slam|p2a: Cloyster\n|-damage|p2a: Cloyster|54/100 par\n|\n|upkeep\n|turn|10\n|\n|t:|1742143179\n|switch|p1a: Lapras|Lapras|94/100\n|move|p2a: Cloyster|Rest|p2a: Cloyster\n|-status|p2a: Cloyster|slp|[from] move: Rest\n|-heal|p2a: Cloyster|100/100 slp|[silent]\n|\n|upkeep\n|turn|11\n|\n|t:|1742143199\n|switch|p2a: Chansey|Chansey|100/100\n|move|p1a: Lapras|Thunderbolt|p2a: Chansey\n|-damage|p2a: Chansey|90/100\n|\n|upkeep\n|turn|12\n|\n|t:|1742143219\n|move|p1a: Lapras|Sing|p2a: Chansey|[miss]\n|-miss|p1a: Lapras\n|move|p2a: Chansey|Thunderbolt|p1a: Lapras\n|-supereffective|p1a: Lapras\n|-damage|p1a: Lapras|59/100\n|\n|upkeep\n|turn|13\n|\n|t:|1742143238\n|switch|p1a: Jynx|Jynx|100/100 par\n|move|p2a: Chansey|Thunderbolt|p1a: Jynx\n|-crit|p1a: Jynx\n|-damage|p1a: Jynx|53/100 par\n|\n|upkeep\n|turn|14\n|inactive|Sceptross has 270 seconds left.\n|\n|t:|1742143288\n|switch|p2a: Jynx|Jynx|45/100 par\n|move|p1a: Jynx|Lovely Kiss|p2a: Jynx\n|-fail|p2a: Jynx\n|\n|upkeep\n|turn|15\n|\n|t:|1742143299\n|cant|p1a: Jynx|par\n|move|p2a: Jynx|Psychic|p1a: Jynx\n|-crit|p1a: Jynx\n|-resisted|p1a: Jynx\n|-damage|p1a: Jynx|22/100 par\n|\n|upkeep\n|turn|16\n|inactive|Sceptross has 240 seconds left.\n|inactive|Amaranth has 270 seconds left.\n|inactive|Sceptross has 210 seconds left.\n|\n|t:|1742143355\n|move|p1a: Jynx|Rest|p1a: Jynx\n|-status|p1a: Jynx|slp|[from] move: Rest\n|-heal|p1a: Jynx|100/100 slp|[silent]\n|move|p2a: Jynx|Psychic|p1a: Jynx\n|-resisted|p1a: Jynx\n|-damage|p1a: Jynx|85/100 slp\n|\n|upkeep\n|turn|17\n|\n|t:|1742143371\n|switch|p2a: Tauros|Tauros|100/100\n|cant|p1a: Jynx|slp\n|\n|upkeep\n|turn|18\n|\n|t:|1742143373\n|switch|p1a: Cloyster|Cloyster|100/100\n|move|p2a: Tauros|Body Slam|p1a: Cloyster\n|-damage|p1a: Cloyster|78/100\n|\n|upkeep\n|turn|19\n|inactive|Sceptross has 210 seconds left.\n|\n|t:|1742143395\n|move|p2a: Tauros|Thunderbolt|p1a: Cloyster\n|-supereffective|p1a: Cloyster\n|-damage|p1a: Cloyster|34/100\n|move|p1a: Cloyster|Blizzard|p2a: Tauros\n|-damage|p2a: Tauros|53/100\n|\n|upkeep\n|turn|20\n|\n|t:|1742143409\n|switch|p1a: Snorlax|Snorlax|100/100\n|move|p2a: Tauros|Body Slam|p1a: Snorlax\n|-damage|p1a: Snorlax|76/100\n|\n|upkeep\n|turn|21\n|\n|t:|1742143424\n|switch|p2a: Snorlax|Snorlax|100/100\n|move|p1a: Snorlax|Body Slam|p2a: Snorlax\n|-damage|p2a: Snorlax|73/100\n|\n|upkeep\n|turn|22\n|\n|t:|1742143430\n|move|p2a: Snorlax|Body Slam|p1a: Snorlax\n|-damage|p1a: Snorlax|48/100\n|move|p1a: Snorlax|Body Slam|p2a: Snorlax\n|-damage|p2a: Snorlax|48/100\n|\n|upkeep\n|turn|23\n|inactive|Sceptross has 210 seconds left.\n|\n|t:|1742143444\n|move|p2a: Snorlax|Body Slam|p1a: Snorlax\n|-damage|p1a: Snorlax|22/100\n|move|p1a: Snorlax|Body Slam|p2a: Snorlax\n|-damage|p2a: Snorlax|21/100\n|\n|upkeep\n|turn|24\n|inactive|Sceptross has 210 seconds left.\n|\n|t:|1742143459\n|switch|p1a: Tauros|Tauros|100/100\n|move|p2a: Snorlax|Body Slam|p1a: Tauros\n|-damage|p1a: Tauros|71/100\n|\n|upkeep\n|turn|25\n|inactive|Sceptross has 210 seconds left.\n|inactive|Sceptross has 180 seconds left.\n|inactive|Sceptross has 150 seconds left.\n|inactive|Sceptross has 120 seconds left.\n|\n|t:|1742143563\n|move|p1a: Tauros|Body Slam|p2a: Snorlax\n|-crit|p2a: Snorlax\n|-damage|p2a: Snorlax|0 fnt\n|faint|p2a: Snorlax\n|\n|t:|1742143565\n|switch|p2a: Starmie|Starmie|100/100\n|turn|26\n|\n|t:|1742143569\n|switch|p2a: Tauros|Tauros|53/100\n|switch|p1a: Chansey|Chansey|100/100\n|\n|upkeep\n|turn|27\n|inactive|Sceptross has 120 seconds left.\n|\n|t:|1742143595\n|move|p2a: Tauros|Body Slam|p1a: Chansey\n|-damage|p1a: Chansey|61/100\n|move|p1a: Chansey|Ice Beam|p2a: Tauros\n|-damage|p2a: Tauros|27/100\n|\n|upkeep\n|turn|28\n|inactive|Sceptross has 120 seconds left.\n|\n|t:|1742143610\n|switch|p1a: Snorlax|Snorlax|22/100\n|move|p2a: Tauros|Body Slam|p1a: Snorlax\n|-damage|p1a: Snorlax|0 fnt\n|faint|p1a: Snorlax\n|\n|t:|1742143612\n|switch|p1a: Tauros|Tauros|71/100\n|turn|29\n|inactive|Sceptross has 120 seconds left.\n|\n|t:|1742143654\n|switch|p2a: Starmie|Starmie|100/100\n|move|p1a: Tauros|Body Slam|p2a: Starmie\n|-damage|p2a: Starmie|67/100\n|\n|upkeep\n|turn|30\n|inactive|Sceptross has 90 seconds left.\n|\n|t:|1742143678\n|switch|p1a: Chansey|Chansey|61/100\n|move|p2a: Starmie|Thunder Wave|p1a: Chansey\n|-status|p1a: Chansey|par\n|\n|upkeep\n|turn|31\n|inactive|Sceptross has 90 seconds left.\n|\n|t:|1742143691\n|move|p2a: Starmie|Psychic|p1a: Chansey\n|-damage|p1a: Chansey|47/100 par\n|-unboost|p1a: Chansey|spa|1\n|-unboost|p1a: Chansey|spd|1\n|move|p1a: Chansey|Soft-Boiled|p1a: Chansey\n|-heal|p1a: Chansey|97/100 par\n|\n|upkeep\n|turn|32\n|inactive|Sceptross has 90 seconds left.\n|inactive|Sceptross has 60 seconds left.\n|\n|t:|1742143741\n|switch|p1a: Jynx|Jynx|85/100 slp\n|move|p2a: Starmie|Psychic|p1a: Jynx\n|-resisted|p1a: Jynx\n|-damage|p1a: Jynx|67/100 slp\n|\n|upkeep\n|turn|33\n|\n|t:|1742143771\n|switch|p2a: Tauros|Tauros|27/100\n|switch|p1a: Tauros|Tauros|71/100\n|\n|upkeep\n|turn|34\n|inactive|Sceptross has 30 seconds left.\n|inactive|Sceptross has 20 seconds left.\n|inactive|Sceptross has 15 seconds left.\n|\n|t:|1742143805\n|switch|p2a: Cloyster|Cloyster|100/100 slp\n|move|p1a: Tauros|Body Slam|p2a: Cloyster\n|-crit|p2a: Cloyster\n|-damage|p2a: Cloyster|58/100 slp\n|\n|upkeep\n|turn|35\n|inactive|Sceptross has 25 seconds left this turn.\n|\n|t:|1742143808\n|move|p1a: Tauros|Body Slam|p2a: Cloyster\n|-damage|p2a: Cloyster|37/100 slp\n|cant|p2a: Cloyster|slp\n|\n|upkeep\n|turn|36\n|\n|t:|1742143814\n|move|p1a: Tauros|Body Slam|p2a: Cloyster\n|-damage|p2a: Cloyster|15/100 slp\n|-curestatus|p2a: Cloyster|slp|[msg]\n|\n|upkeep\n|turn|37\n|inactive|Sceptross has 30 seconds left.\n|inactive|Sceptross has 20 seconds left.\n|\n|t:|1742143841\n|switch|p2a: Chansey|Chansey|90/100\n|move|p1a: Tauros|Body Slam|p2a: Chansey\n|-damage|p2a: Chansey|53/100\n|\n|upkeep\n|turn|38\n|inactive|Sceptross has 30 seconds left this turn.\n|inactive|Sceptross has 20 seconds left.\n|inactive|Amaranth has 270 seconds left.\n|inactive|Sceptross has 15 seconds left.\n|inactive|Sceptross has 10 seconds left.\n|inactive|Amaranth has 240 seconds left.\n|inactive|Amaranth has 210 seconds left.\n|inactive|Amaranth has 180 seconds left.\n|\n|t:|1742143967\n|switch|p1a: Chansey|Chansey|97/100 par\n|move|p2a: Chansey|Soft-Boiled|p2a: Chansey\n|-heal|p2a: Chansey|100/100\n|\n|upkeep\n|turn|39\n|inactive|Sceptross has 20 seconds left this turn.\n|inactive|Amaranth has 180 seconds left.\n|inactive|Sceptross has 15 seconds left.\n|inactive|Sceptross has 10 seconds left.\n|\n|t:|1742143978\n|move|p2a: Chansey|Thunderbolt|p1a: Chansey\n|-damage|p1a: Chansey|86/100 par\n|move|p1a: Chansey|Ice Beam|p2a: Chansey\n|-damage|p2a: Chansey|89/100\n|\n|upkeep\n|turn|40\n|inactive|Sceptross has 20 seconds left this turn.\n|inactive|Sceptross has 15 seconds left.\n|\n|t:|1742143984\n|move|p2a: Chansey|Thunderbolt|p1a: Chansey\n|-damage|p1a: Chansey|75/100 par\n|move|p1a: Chansey|Ice Beam|p2a: Chansey\n|-damage|p2a: Chansey|78/100\n|-status|p2a: Chansey|frz\n|\n|upkeep\n|turn|41\n|inactive|Sceptross has 25 seconds left this turn.\n|inactive|Sceptross has 20 seconds left.\n|inactive|Sceptross has 15 seconds left.\n|inactive|Amaranth has 180 seconds left.\n|\n|t:|1742144002\n|switch|p2a: Starmie|Starmie|67/100\n|move|p1a: Chansey|Thunderbolt|p2a: Starmie\n|-supereffective|p2a: Starmie\n|-damage|p2a: Starmie|18/100\n|\n|upkeep\n|turn|42\n|inactive|Sceptross has 25 seconds left this turn.\n|inactive|Amaranth has 180 seconds left.\n|\n|t:|1742144012\n|move|p2a: Starmie|Recover|p2a: Starmie\n|-heal|p2a: Starmie|68/100\n|cant|p1a: Chansey|par\n|\n|upkeep\n|turn|43\n|inactive|Sceptross has 30 seconds left.\n|inactive|Sceptross has 20 seconds left.\n|inactive|Sceptross has 15 seconds left.\n|inactive|Amaranth has 180 seconds left.\n|inactive|Sceptross has 10 seconds left.\n|\n|t:|1742144041\n|switch|p2a: Jynx|Jynx|45/100 par\n|move|p1a: Chansey|Thunderbolt|p2a: Jynx\n|-damage|p2a: Jynx|20/100 par\n|\n|upkeep\n|turn|44\n|inactive|Sceptross has 20 seconds left this turn.\n|inactive|Sceptross has 15 seconds left.\n|inactive|Amaranth has 180 seconds left.\n|\n|t:|1742144055\n|move|p2a: Jynx|Blizzard|p1a: Chansey\n|-damage|p1a: Chansey|55/100 par\n|move|p1a: Chansey|Soft-Boiled|p1a: Chansey\n|-heal|p1a: Chansey|100/100 par\n|\n|upkeep\n|turn|45\n|inactive|Sceptross has 25 seconds left this turn.\n|inactive|Sceptross has 20 seconds left.\n|inactive|Sceptross has 15 seconds left.\n|\n|t:|1742144067\n|cant|p2a: Jynx|par\n|move|p1a: Chansey|Thunderbolt|p2a: Jynx\n|-damage|p2a: Jynx|0 fnt\n|faint|p2a: Jynx\n|inactive|Sceptross has 20 seconds left this turn.\n|inactive|Sceptross has 15 seconds left.\n|\n|t:|1742144074\n|switch|p2a: Cloyster|Cloyster|15/100\n|turn|46\n|inactive|Sceptross has 25 seconds left this turn.\n|\n|t:|1742144083\n|switch|p1a: Jynx|Jynx|67/100 slp\n|move|p2a: Cloyster|Clamp|p1a: Jynx\n|-damage|p1a: Jynx|55/100 slp\n|\n|upkeep\n|turn|47\n|inactive|Sceptross has 30 seconds left.\n|\n|t:|1742144095\n|switch|p2a: Tauros|Tauros|27/100\n|-curestatus|p1a: Jynx|slp|[msg]\n|\n|upkeep\n|turn|48\n|inactive|Sceptross has 30 seconds left.\n|inactive|Amaranth has 210 seconds left.\n|\n|t:|1742144122\n|move|p2a: Tauros|Hyper Beam|p1a: Jynx\n|-damage|p1a: Jynx|0 fnt\n|faint|p1a: Jynx\n|\n|t:|1742144123\n|switch|p1a: Tauros|Tauros|71/100\n|turn|49\n|inactive|Sceptross has 30 seconds left.\n|\n|t:|1742144139\n|switch|p2a: Chansey|Chansey|78/100 frz\n|move|p1a: Tauros|Body Slam|p2a: Chansey\n|-crit|p2a: Chansey\n|-damage|p2a: Chansey|3/100 frz\n|\n|upkeep\n|turn|50\n|\n|t:|1742144147\n|move|p1a: Tauros|Body Slam|p2a: Chansey\n|-damage|p2a: Chansey|0 fnt\n|faint|p2a: Chansey\n|\n|t:|1742144152\n|switch|p2a: Starmie|Starmie|68/100\n|turn|51\n|\n|t:|1742144158\n|switch|p2a: Cloyster|Cloyster|15/100\n|switch|p1a: Chansey|Chansey|100/100 par\n|\n|upkeep\n|turn|52\n|\n|t:|1742144164\n|switch|p1a: Cloyster|Cloyster|34/100\n|move|p2a: Cloyster|Clamp|p1a: Cloyster|[miss]\n|-miss|p2a: Cloyster\n|\n|upkeep\n|turn|53\n|inactive|Amaranth has 240 seconds left.\n|inactive|Sceptross has 60 seconds left.\n|\n|t:|1742144184\n|move|p2a: Cloyster|Rest|p2a: Cloyster\n|-status|p2a: Cloyster|slp|[from] move: Rest\n|-heal|p2a: Cloyster|100/100 slp|[silent]\n|move|p1a: Cloyster|Explosion|p2a: Cloyster\n|-damage|p2a: Cloyster|47/100 slp\n|faint|p1a: Cloyster\n|\n|t:|1742144188\n|switch|p1a: Tauros|Tauros|71/100\n|turn|54\n|\n|t:|1742144190\n|move|p1a: Tauros|Body Slam|p2a: Cloyster\n|-crit|p2a: Cloyster\n|-damage|p2a: Cloyster|2/100 slp\n|cant|p2a: Cloyster|slp\n|\n|upkeep\n|turn|55\n|\n|t:|1742144193\n|move|p1a: Tauros|Body Slam|p2a: Cloyster\n|-damage|p2a: Cloyster|0 fnt\n|faint|p2a: Cloyster\n|\n|t:|1742144195\n|switch|p2a: Starmie|Starmie|68/100\n|turn|56\n|\n|t:|1742144199\n|switch|p2a: Tauros|Tauros|27/100\n|switch|p1a: Chansey|Chansey|100/100 par\n|\n|upkeep\n|turn|57\n|inactive|Amaranth has 270 seconds left.\n|inactive|Sceptross has 90 seconds left.\n|inactive|Sceptross has 60 seconds left.\n|\n|t:|1742144247\n|move|p2a: Tauros|Hyper Beam|p1a: Chansey\n|-damage|p1a: Chansey|37/100 par\n|-mustrecharge|p2a: Tauros\n|cant|p1a: Chansey|par\n|\n|upkeep\n|turn|58\n|inactive|Amaranth has 270 seconds left.\n|inactive|Amaranth has 240 seconds left.\n|inactive|Amaranth has 210 seconds left.\n|inactive|Amaranth has 180 seconds left.\n|\n|t:|1742144360\n|switch|p1a: Tauros|Tauros|71/100\n|cant|p2a: Tauros|recharge\n|\n|upkeep\n|turn|59\n|inactive|Sceptross has 60 seconds left.\n|inactive|Sceptross has 30 seconds left.\n|\n|t:|1742144405\n|move|p2a: Tauros|Hyper Beam|p1a: Tauros\n|-crit|p1a: Tauros\n|-damage|p1a: Tauros|0 fnt\n|faint|p1a: Tauros\n|inactive|Amaranth has 180 seconds left.\n|c|☆Amaranth|you are fucking kidding me\n|\n|t:|1742144413\n|switch|p1a: Lapras|Lapras|59/100\n|turn|60\n|inactive|Amaranth has 180 seconds left.\n|inactive|Sceptross has 30 seconds left.\n|inactive|Sceptross has 20 seconds left.\n|inactive|Sceptross has 15 seconds left.\n|inactive|Sceptross has 10 seconds left.\n|\n|t:|1742144454\n|switch|p2a: Starmie|Starmie|68/100\n|move|p1a: Lapras|Blizzard|p2a: Starmie\n|-resisted|p2a: Starmie\n|-damage|p2a: Starmie|45/100\n|\n|upkeep\n|turn|61\n|inactive|Sceptross has 20 seconds left this turn.\n|inactive|Sceptross has 15 seconds left.\n|\n|t:|1742144464\n|switch|p2a: Tauros|Tauros|27/100\n|switch|p1a: Chansey|Chansey|37/100 par\n|\n|upkeep\n|turn|62\n|inactive|Sceptross has 25 seconds left this turn.\n|\n|t:|1742144468\n|move|p2a: Tauros|Body Slam|p1a: Chansey\n|-damage|p1a: Chansey|0 fnt\n|faint|p1a: Chansey\n|inactive|Sceptross has 30 seconds left this turn.\n|\n|t:|1742144469\n|switch|p1a: Lapras|Lapras|59/100\n|turn|63\n|\n|t:|1742144475\n|move|p2a: Tauros|Hyper Beam|p1a: Lapras\n|-damage|p1a: Lapras|12/100\n|-mustrecharge|p2a: Tauros\n|move|p1a: Lapras|Blizzard|p2a: Tauros\n|-damage|p2a: Tauros|0 fnt\n|faint|p2a: Tauros\n|\n|t:|1742144477\n|switch|p2a: Starmie|Starmie|45/100\n|turn|64\n|\n|t:|1742144479\n|move|p2a: Starmie|Psychic|p1a: Lapras\n|-damage|p1a: Lapras|0 fnt\n|faint|p1a: Lapras\n|\n|win|Sceptross\n|c|☆Sceptross|ggs\n|c|☆Amaranth|yeah ok\n|c|☆Amaranth|excellent ones\n|player|p1|\n","uploadtime":1742144479,"views":"2001","formatid":"gen1ou","rating":null,"private":0,"password":null}