{"id":"smogtours-gen1ou-957304","format":"[Gen 1] OU","players":["violet river","Tarvold"],"log":"|inactive|Battle timer is ON: inactive players will automatically lose when time's up.\n|t:|1784456397\n|gametype|singles\n|player|p1|violet river|#uuplxivsurfers|\n|player|p2|Tarvold|swimmerf-gen4dp|\n|gen|1\n|tier|[Gen 1] OU\n|rule|Desync Clause Mod: Desyncs resolve to link battle behavior from the acting player's perspective.\n|rule|HP Percentage Mod: HP is shown in percentages\n|rule|Endless Battle Clause: Forcing endless battles is banned\n|rule|Sleep Clause Mod: Limit one foe put to sleep\n|rule|Freeze Clause Mod: Limit one foe frozen\n|rule|Species Clause: Limit one of each Pokémon\n|rule|OHKO Clause: OHKO moves are banned\n|rule|Evasion Moves Clause: Evasion moves are banned\n|\n|t:|1784456397\n|teamsize|p1|6\n|teamsize|p2|6\n|start\n|switch|p1a: Alakazam|Alakazam|100/100\n|switch|p2a: Tauros|Tauros|100/100\n|turn|1\n|c|☆Tarvold|glhf\n|c|☆violet river|hf\n|\n|t:|1784456420\n|switch|p1a: Exeggutor|Exeggutor|100/100\n|move|p2a: Tauros|Body Slam|p1a: Exeggutor\n|-damage|p1a: Exeggutor|75/100\n|\n|upkeep\n|turn|2\n|\n|t:|1784456427\n|move|p2a: Tauros|Body Slam|p1a: Exeggutor\n|-crit|p1a: Exeggutor\n|-damage|p1a: Exeggutor|24/100\n|move|p1a: Exeggutor|Sleep Powder|p2a: Tauros|[miss]\n|-miss|p1a: Exeggutor\n|\n|upkeep\n|turn|3\n|\n|t:|1784456432\n|switch|p1a: Snorlax|Snorlax|100/100\n|move|p2a: Tauros|Body Slam|p1a: Snorlax\n|-crit|p1a: Snorlax\n|-damage|p1a: Snorlax|52/100\n|\n|upkeep\n|turn|4\n|\n|t:|1784456439\n|move|p2a: Tauros|Earthquake|p1a: Snorlax\n|-damage|p1a: Snorlax|32/100\n|move|p1a: Snorlax|Self-Destruct|p2a: Tauros\n|-damage|p2a: Tauros|3/100\n|faint|p1a: Snorlax\n|\n|t:|1784456451\n|switch|p1a: Alakazam|Alakazam|100/100\n|turn|5\n|\n|t:|1784456466\n|switch|p2a: Starmie|Starmie|100/100\n|move|p1a: Alakazam|Psychic|p2a: Starmie\n|-resisted|p2a: Starmie\n|-damage|p2a: Starmie|79/100\n|-unboost|p2a: Starmie|spa|1\n|-unboost|p2a: Starmie|spd|1\n|\n|upkeep\n|turn|6\n|inactive|Tarvold has 270 seconds left.\n|\n|t:|1784456508\n|move|p1a: Alakazam|Thunder Wave|p2a: Starmie\n|-status|p2a: Starmie|par\n|move|p2a: Starmie|Thunder Wave|p1a: Alakazam\n|-status|p1a: Alakazam|par\n|\n|upkeep\n|turn|7\n|\n|t:|1784456522\n|switch|p2a: Chansey|Chansey|100/100\n|move|p1a: Alakazam|Thunder Wave|p2a: Chansey\n|-status|p2a: Chansey|par\n|\n|upkeep\n|turn|8\n|\n|t:|1784456532\n|move|p1a: Alakazam|Psychic|p2a: Chansey\n|-damage|p2a: Chansey|82/100 par\n|move|p2a: Chansey|Ice Beam|p1a: Alakazam\n|-damage|p1a: Alakazam|79/100 par\n|\n|upkeep\n|turn|9\n|\n|t:|1784456537\n|move|p1a: Alakazam|Psychic|p2a: Chansey\n|-damage|p2a: Chansey|65/100 par\n|-unboost|p2a: Chansey|spa|1\n|-unboost|p2a: Chansey|spd|1\n|cant|p2a: Chansey|par\n|\n|upkeep\n|turn|10\n|inactive|Tarvold has 270 seconds left.\n|\n|t:|1784456542\n|switch|p1a: Exeggutor|Exeggutor|24/100\n|move|p2a: Chansey|Soft-Boiled|p2a: Chansey\n|-heal|p2a: Chansey|100/100 par\n|\n|upkeep\n|turn|11\n|inactive|Tarvold has 270 seconds left.\n|\n|t:|1784456562\n|switch|p2a: Starmie|Starmie|79/100 par\n|move|p1a: Exeggutor|Rest|p1a: Exeggutor\n|-status|p1a: Exeggutor|slp|[from] move: Rest\n|-heal|p1a: Exeggutor|100/100 slp|[silent]\n|\n|upkeep\n|turn|12\n|inactive|Tarvold has 270 seconds left.\n|\n|t:|1784456580\n|switch|p2a: Tauros|Tauros|3/100\n|cant|p1a: Exeggutor|slp\n|\n|upkeep\n|turn|13\n|\n|t:|1784456586\n|move|p2a: Tauros|Body Slam|p1a: Exeggutor\n|-damage|p1a: Exeggutor|72/100 slp\n|-curestatus|p1a: Exeggutor|slp|[msg]\n|\n|upkeep\n|turn|14\n|inactive|Tarvold has 270 seconds left.\n|\n|t:|1784456591\n|switch|p2a: Starmie|Starmie|79/100 par\n|move|p1a: Exeggutor|Psychic|p2a: Starmie\n|-resisted|p2a: Starmie\n|-damage|p2a: Starmie|59/100 par\n|\n|upkeep\n|turn|15\n|\n|t:|1784456597\n|move|p1a: Exeggutor|Psychic|p2a: Starmie\n|-resisted|p2a: Starmie\n|-damage|p2a: Starmie|38/100 par\n|cant|p2a: Starmie|par\n|\n|upkeep\n|turn|16\n|\n|t:|1784456602\n|move|p1a: Exeggutor|Psychic|p2a: Starmie\n|-crit|p2a: Starmie\n|-resisted|p2a: Starmie\n|-damage|p2a: Starmie|1/100 par\n|cant|p2a: Starmie|par\n|\n|upkeep\n|turn|17\n|inactive|Tarvold has 270 seconds left.\n|inactive|Tarvold has 240 seconds left.\n|\n|t:|1784456659\n|move|p1a: Exeggutor|Psychic|p2a: Starmie\n|-resisted|p2a: Starmie\n|-damage|p2a: Starmie|0 fnt\n|faint|p2a: Starmie\n|\n|t:|1784456663\n|switch|p2a: Lapras|Lapras|100/100\n|turn|18\n|\n|t:|1784456667\n|move|p2a: Lapras|Blizzard|p1a: Exeggutor\n|-supereffective|p1a: Exeggutor\n|-damage|p1a: Exeggutor|9/100\n|move|p1a: Exeggutor|Sleep Powder|p2a: Lapras\n|-status|p2a: Lapras|slp|[from] move: Sleep Powder\n|\n|upkeep\n|turn|19\n|\n|t:|1784456674\n|cant|p2a: Lapras|slp\n|move|p1a: Exeggutor|Psychic|p2a: Lapras\n|-damage|p2a: Lapras|71/100 slp\n|\n|upkeep\n|turn|20\n|\n|t:|1784456678\n|cant|p2a: Lapras|slp\n|move|p1a: Exeggutor|Psychic|p2a: Lapras\n|-damage|p2a: Lapras|45/100 slp\n|\n|upkeep\n|turn|21\n|inactive|Tarvold has 270 seconds left.\n|\n|t:|1784456688\n|cant|p2a: Lapras|slp\n|move|p1a: Exeggutor|Psychic|p2a: Lapras\n|-damage|p2a: Lapras|17/100 slp\n|\n|upkeep\n|turn|22\n|\n|t:|1784456695\n|-curestatus|p2a: Lapras|slp|[msg]\n|move|p1a: Exeggutor|Psychic|p2a: Lapras\n|-damage|p2a: Lapras|0 fnt\n|faint|p2a: Lapras\n|\n|t:|1784456700\n|switch|p2a: Tauros|Tauros|3/100\n|turn|23\n|inactive|violet river has 270 seconds left.\n|\n|t:|1784456730\n|switch|p1a: Tauros|Tauros|100/100\n|move|p2a: Tauros|Body Slam|p1a: Tauros\n|-damage|p1a: Tauros|73/100\n|\n|upkeep\n|turn|24\n|\n|t:|1784456737\n|switch|p2a: Rhydon|Rhydon|100/100\n|move|p1a: Tauros|Body Slam|p2a: Rhydon\n|-crit|p2a: Rhydon\n|-resisted|p2a: Rhydon\n|-damage|p2a: Rhydon|79/100\n|-status|p2a: Rhydon|par\n|\n|upkeep\n|turn|25\n|\n|t:|1784456747\n|switch|p2a: Chansey|Chansey|100/100 par\n|move|p1a: Tauros|Earthquake|p2a: Chansey\n|-damage|p2a: Chansey|71/100 par\n|\n|upkeep\n|turn|26\n|\n|t:|1784456753\n|move|p1a: Tauros|Body Slam|p2a: Chansey\n|-crit|p2a: Chansey\n|-damage|p2a: Chansey|0 fnt\n|faint|p2a: Chansey\n|\n|t:|1784456757\n|switch|p2a: Snorlax|Snorlax|100/100\n|turn|27\n|\n|t:|1784456761\n|move|p1a: Tauros|Body Slam|p2a: Snorlax\n|-damage|p2a: Snorlax|77/100\n|move|p2a: Snorlax|Body Slam|p1a: Tauros\n|-damage|p1a: Tauros|40/100\n|\n|upkeep\n|turn|28\n|\n|t:|1784456771\n|move|p1a: Tauros|Body Slam|p2a: Snorlax\n|-damage|p2a: Snorlax|51/100\n|move|p2a: Snorlax|Reflect|p2a: Snorlax\n|-start|p2a: Snorlax|Reflect\n|\n|upkeep\n|turn|29\n|\n|t:|1784456777\n|move|p1a: Tauros|Body Slam|p2a: Snorlax\n|-damage|p2a: Snorlax|38/100\n|move|p2a: Snorlax|Body Slam|p1a: Tauros\n|-damage|p1a: Tauros|10/100\n|\n|upkeep\n|turn|30\n|\n|t:|1784456786\n|switch|p1a: Exeggutor|Exeggutor|9/100\n|move|p2a: Snorlax|Body Slam|p1a: Exeggutor\n|-damage|p1a: Exeggutor|0 fnt\n|faint|p1a: Exeggutor\n|\n|t:|1784456787\n|switch|p1a: Starmie|Starmie|100/100\n|turn|31\n|\n|t:|1784456795\n|move|p1a: Starmie|Psychic|p2a: Snorlax\n|-damage|p2a: Snorlax|12/100\n|-unboost|p2a: Snorlax|spa|1\n|-unboost|p2a: Snorlax|spd|1\n|move|p2a: Snorlax|Body Slam|p1a: Starmie\n|-damage|p1a: Starmie|61/100\n|\n|upkeep\n|turn|32\n|c|☆violet river|gg\n|\n|t:|1784456806\n|move|p1a: Starmie|Psychic|p2a: Snorlax\n|-crit|p2a: Snorlax\n|-damage|p2a: Snorlax|0 fnt\n|faint|p2a: Snorlax\n|\n|t:|1784456810\n|switch|p2a: Rhydon|Rhydon|79/100 par\n|turn|33\n|\n|t:|1784456812\n|switch|p1a: Alakazam|Alakazam|79/100 par\n|move|p2a: Rhydon|Earthquake|p1a: Alakazam\n|-damage|p1a: Alakazam|11/100 par\n|\n|upkeep\n|turn|34\n|\n|t:|1784456820\n|cant|p1a: Alakazam|par\n|move|p2a: Rhydon|Substitute|p2a: Rhydon\n|-start|p2a: Rhydon|Substitute\n|-damage|p2a: Rhydon|54/100 par\n|\n|upkeep\n|turn|35\n|\n|t:|1784456830\n|move|p1a: Alakazam|Psychic|p2a: Rhydon\n|-end|p2a: Rhydon|Substitute\n|move|p2a: Rhydon|Rest|p2a: Rhydon\n|-status|p2a: Rhydon|slp|[from] move: Rest\n|-heal|p2a: Rhydon|100/100 slp|[silent]\n|\n|upkeep\n|turn|36\n|\n|t:|1784456836\n|move|p1a: Alakazam|Psychic|p2a: Rhydon\n|-damage|p2a: Rhydon|48/100 slp\n|cant|p2a: Rhydon|slp\n|\n|upkeep\n|turn|37\n|\n|t:|1784456846\n|switch|p1a: Rhydon|Rhydon|100/100\n|-curestatus|p2a: Rhydon|slp|[msg]\n|\n|upkeep\n|turn|38\n|\n|t:|1784456849\n|move|p1a: Rhydon|Earthquake|p2a: Rhydon\n|-supereffective|p2a: Rhydon\n|-damage|p2a: Rhydon|0 fnt\n|faint|p2a: Rhydon\n|\n|t:|1784456853\n|switch|p2a: Tauros|Tauros|3/100\n|turn|39\n|\n|t:|1784456856\n|move|p2a: Tauros|Earthquake|p1a: Rhydon\n|-supereffective|p1a: Rhydon\n|-damage|p1a: Rhydon|68/100\n|move|p1a: Rhydon|Earthquake|p2a: Tauros\n|-damage|p2a: Tauros|0 fnt\n|faint|p2a: Tauros\n|\n|win|violet river\n|c|☆Tarvold|gg\n|player|p1|\n","uploadtime":1784456856,"views":"71","formatid":"gen1ou","rating":null,"private":0,"password":null}