{"id":"smogtours-gen1ou-960545","format":"[Gen 1] OU","players":["Deezcastforms","squirtlonyourpuffs"],"log":"|inactive|Battle timer is ON: inactive players will automatically lose when time's up.\n|t:|1785530307\n|gametype|singles\n|player|p1|Deezcastforms|#adpl8|\n|player|p2|squirtlonyourpuffs|youngster-gen4dp|\n|gen|1\n|tier|[Gen 1] OU\n|rule|Desync Clause Mod: Desyncs resolve to link battle behavior from the acting player's perspective.\n|rule|HP Percentage Mod: HP is shown in percentages\n|rule|Endless Battle Clause: Forcing endless battles is banned\n|rule|Sleep Clause Mod: Limit one foe put to sleep\n|rule|Freeze Clause Mod: Limit one foe frozen\n|rule|Species Clause: Limit one of each Pokémon\n|rule|OHKO Clause: OHKO moves are banned\n|rule|Evasion Moves Clause: Evasion moves are banned\n|\n|t:|1785530307\n|teamsize|p1|6\n|teamsize|p2|6\n|start\n|switch|p1a: Gengar|Gengar|100/100\n|switch|p2a: Jynx|Jynx|100/100\n|turn|1\n|c|☆Deezcastforms|hf\n|inactive|Deezcastforms has 270 seconds left.\n|\n|t:|1785530337\n|move|p1a: Gengar|Explosion|p2a: Jynx\n|-damage|p2a: Jynx|0 fnt\n|faint|p2a: Jynx\n|faint|p1a: Gengar\n|\n|t:|1785530343\n|switch|p1a: Jynx|Jynx|100/100\n|switch|p2a: Starmie|Starmie|100/100\n|turn|2\n|\n|t:|1785530348\n|move|p2a: Starmie|Thunder Wave|p1a: Jynx\n|-status|p1a: Jynx|par\n|move|p1a: Jynx|Lovely Kiss|p2a: Starmie\n|-status|p2a: Starmie|slp|[from] move: Lovely Kiss\n|\n|upkeep\n|turn|3\n|\n|t:|1785530362\n|switch|p1a: Tauros|Tauros|100/100\n|cant|p2a: Starmie|slp\n|\n|upkeep\n|turn|4\n|\n|t:|1785530366\n|switch|p2a: Snorlax|Snorlax|100/100\n|move|p1a: Tauros|Body Slam|p2a: Snorlax\n|-damage|p2a: Snorlax|75/100\n|\n|upkeep\n|turn|5\n|\n|t:|1785530384\n|switch|p1a: Snorlax|Snorlax|100/100\n|move|p2a: Snorlax|Body Slam|p1a: Snorlax\n|-damage|p1a: Snorlax|75/100\n|\n|upkeep\n|turn|6\n|\n|t:|1785530392\n|move|p1a: Snorlax|Reflect|p1a: Snorlax\n|-start|p1a: Snorlax|Reflect\n|move|p2a: Snorlax|Reflect|p2a: Snorlax\n|-start|p2a: Snorlax|Reflect\n|\n|upkeep\n|turn|7\n|\n|t:|1785530404\n|move|p1a: Snorlax|Body Slam|p2a: Snorlax\n|-damage|p2a: Snorlax|63/100\n|move|p2a: Snorlax|Ice Beam|p1a: Snorlax\n|-damage|p1a: Snorlax|60/100\n|\n|upkeep\n|turn|8\n|\n|t:|1785530417\n|move|p1a: Snorlax|Rest|p1a: Snorlax\n|-status|p1a: Snorlax|slp|[from] move: Rest\n|-heal|p1a: Snorlax|100/100 slp|[silent]\n|move|p2a: Snorlax|Ice Beam|p1a: Snorlax\n|-damage|p1a: Snorlax|87/100 slp\n|\n|upkeep\n|turn|9\n|\n|t:|1785530427\n|cant|p1a: Snorlax|slp\n|move|p2a: Snorlax|Body Slam|p1a: Snorlax\n|-damage|p1a: Snorlax|72/100 slp\n|\n|upkeep\n|turn|10\n|\n|t:|1785530444\n|-curestatus|p1a: Snorlax|slp|[msg]\n|move|p2a: Snorlax|Ice Beam|p1a: Snorlax\n|-damage|p1a: Snorlax|59/100\n|\n|upkeep\n|turn|11\n|\n|t:|1785530454\n|move|p2a: Snorlax|Rest|p2a: Snorlax\n|-status|p2a: Snorlax|slp|[from] move: Rest\n|-heal|p2a: Snorlax|100/100 slp|[silent]\n|move|p1a: Snorlax|Rest|p1a: Snorlax\n|-status|p1a: Snorlax|slp|[from] move: Rest\n|-heal|p1a: Snorlax|100/100 slp|[silent]\n|\n|upkeep\n|turn|12\n|\n|t:|1785530458\n|cant|p2a: Snorlax|slp\n|cant|p1a: Snorlax|slp\n|\n|upkeep\n|turn|13\n|\n|t:|1785530463\n|-curestatus|p1a: Snorlax|slp|[msg]\n|-curestatus|p2a: Snorlax|slp|[msg]\n|\n|upkeep\n|turn|14\n|inactive|Deezcastforms has 270 seconds left.\n|inactive|Deezcastforms has 240 seconds left.\n|\n|t:|1785530524\n|switch|p1a: Chansey|Chansey|100/100\n|move|p2a: Snorlax|Body Slam|p1a: Chansey\n|-damage|p1a: Chansey|57/100\n|\n|upkeep\n|turn|15\n|\n|t:|1785530530\n|move|p1a: Chansey|Thunder Wave|p2a: Snorlax\n|-status|p2a: Snorlax|par\n|cant|p2a: Snorlax|par\n|\n|upkeep\n|turn|16\n|\n|t:|1785530536\n|switch|p2a: Chansey|Chansey|100/100\n|move|p1a: Chansey|Soft-Boiled|p1a: Chansey\n|-heal|p1a: Chansey|100/100\n|\n|upkeep\n|turn|17\n|\n|t:|1785530544\n|move|p2a: Chansey|Ice Beam|p1a: Chansey\n|-crit|p1a: Chansey\n|-damage|p1a: Chansey|78/100\n|move|p1a: Chansey|Thunder Wave|p2a: Chansey\n|-status|p2a: Chansey|par\n|\n|upkeep\n|turn|18\n|inactive|Deezcastforms has 270 seconds left.\n|\n|t:|1785530552\n|switch|p1a: Snorlax|Snorlax|100/100\n|move|p2a: Chansey|Ice Beam|p1a: Snorlax\n|-damage|p1a: Snorlax|82/100\n|\n|upkeep\n|turn|19\n|\n|t:|1785530563\n|switch|p2a: Snorlax|Snorlax|100/100 par\n|move|p1a: Snorlax|Earthquake|p2a: Snorlax\n|-damage|p2a: Snorlax|79/100 par\n|\n|upkeep\n|turn|20\n|\n|t:|1785530571\n|move|p1a: Snorlax|Body Slam|p2a: Snorlax\n|-damage|p2a: Snorlax|54/100 par\n|move|p2a: Snorlax|Reflect|p2a: Snorlax\n|-start|p2a: Snorlax|Reflect\n|\n|upkeep\n|turn|21\n|inactive|Deezcastforms has 270 seconds left.\n|\n|t:|1785530597\n|switch|p1a: Chansey|Chansey|78/100\n|move|p2a: Snorlax|Ice Beam|p1a: Chansey\n|-damage|p1a: Chansey|71/100\n|\n|upkeep\n|turn|22\n|inactive|Deezcastforms has 270 seconds left.\n|\n|t:|1785530607\n|move|p1a: Chansey|Soft-Boiled|p1a: Chansey\n|-heal|p1a: Chansey|100/100\n|move|p2a: Snorlax|Rest|p2a: Snorlax\n|-status|p2a: Snorlax|slp|[from] move: Rest\n|-heal|p2a: Snorlax|100/100 slp|[silent]\n|\n|upkeep\n|turn|23\n|inactive|Deezcastforms has 270 seconds left.\n|\n|t:|1785530621\n|move|p1a: Chansey|Ice Beam|p2a: Snorlax\n|-crit|p2a: Snorlax\n|-damage|p2a: Snorlax|62/100 slp\n|cant|p2a: Snorlax|slp\n|\n|upkeep\n|turn|24\n|inactive|Deezcastforms has 270 seconds left.\n|\n|t:|1785530626\n|move|p1a: Chansey|Ice Beam|p2a: Snorlax\n|-crit|p2a: Snorlax\n|-damage|p2a: Snorlax|23/100 slp\n|-curestatus|p2a: Snorlax|slp|[msg]\n|\n|upkeep\n|turn|25\n|inactive|Deezcastforms has 270 seconds left.\n|inactive|Deezcastforms has 240 seconds left.\n|\n|t:|1785530673\n|switch|p1a: Tauros|Tauros|100/100\n|move|p2a: Snorlax|Rest|p2a: Snorlax\n|-status|p2a: Snorlax|slp|[from] move: Rest\n|-heal|p2a: Snorlax|100/100 slp|[silent]\n|\n|upkeep\n|turn|26\n|\n|t:|1785530676\n|move|p1a: Tauros|Body Slam|p2a: Snorlax\n|-damage|p2a: Snorlax|87/100 slp\n|cant|p2a: Snorlax|slp\n|\n|upkeep\n|turn|27\n|\n|t:|1785530678\n|move|p1a: Tauros|Body Slam|p2a: Snorlax\n|-crit|p2a: Snorlax\n|-damage|p2a: Snorlax|43/100 slp\n|-curestatus|p2a: Snorlax|slp|[msg]\n|\n|upkeep\n|turn|28\n|inactive|Deezcastforms has 240 seconds left.\n|\n|t:|1785530708\n|move|p1a: Tauros|Body Slam|p2a: Snorlax\n|-damage|p2a: Snorlax|30/100\n|move|p2a: Snorlax|Body Slam|p1a: Tauros\n|-damage|p1a: Tauros|67/100\n|\n|upkeep\n|turn|29\n|inactive|Deezcastforms has 240 seconds left.\n|\n|t:|1785530718\n|move|p1a: Tauros|Blizzard|p2a: Snorlax\n|-damage|p2a: Snorlax|12/100\n|move|p2a: Snorlax|Rest|p2a: Snorlax\n|-status|p2a: Snorlax|slp|[from] move: Rest\n|-heal|p2a: Snorlax|100/100 slp|[silent]\n|\n|upkeep\n|turn|30\n|\n|t:|1785530725\n|move|p1a: Tauros|Body Slam|p2a: Snorlax\n|-damage|p2a: Snorlax|88/100 slp\n|cant|p2a: Snorlax|slp\n|\n|upkeep\n|turn|31\n|\n|t:|1785530728\n|move|p1a: Tauros|Body Slam|p2a: Snorlax\n|-damage|p2a: Snorlax|76/100 slp\n|-curestatus|p2a: Snorlax|slp|[msg]\n|\n|upkeep\n|turn|32\n|\n|t:|1785530731\n|switch|p1a: Chansey|Chansey|100/100\n|move|p2a: Snorlax|Body Slam|p1a: Chansey\n|-damage|p1a: Chansey|57/100\n|\n|upkeep\n|turn|33\n|\n|t:|1785530740\n|move|p1a: Chansey|Soft-Boiled|p1a: Chansey\n|-heal|p1a: Chansey|100/100\n|move|p2a: Snorlax|Ice Beam|p1a: Chansey\n|-damage|p1a: Chansey|93/100\n|\n|upkeep\n|turn|34\n|inactive|Deezcastforms has 270 seconds left.\n|\n|t:|1785530779\n|switch|p2a: Chansey|Chansey|100/100 par\n|move|p1a: Chansey|Ice Beam|p2a: Chansey\n|-damage|p2a: Chansey|91/100 par\n|\n|upkeep\n|turn|35\n|\n|t:|1785530786\n|switch|p1a: Snorlax|Snorlax|82/100\n|move|p2a: Chansey|Sing|p1a: Snorlax|[miss]\n|-miss|p2a: Chansey\n|\n|upkeep\n|turn|36\n|inactive|Deezcastforms has 240 seconds left.\n|\n|t:|1785530820\n|switch|p2a: Snorlax|Snorlax|76/100\n|move|p1a: Snorlax|Body Slam|p2a: Snorlax\n|-damage|p2a: Snorlax|49/100\n|\n|upkeep\n|turn|37\n|inactive|Deezcastforms has 240 seconds left.\n|\n|t:|1785530831\n|move|p1a: Snorlax|Body Slam|p2a: Snorlax\n|-damage|p2a: Snorlax|22/100\n|move|p2a: Snorlax|Reflect|p2a: Snorlax\n|-start|p2a: Snorlax|Reflect\n|\n|upkeep\n|turn|38\n|inactive|Deezcastforms has 240 seconds left.\n|\n|t:|1785530846\n|switch|p1a: Tauros|Tauros|67/100\n|move|p2a: Snorlax|Rest|p2a: Snorlax\n|-status|p2a: Snorlax|slp|[from] move: Rest\n|-heal|p2a: Snorlax|100/100 slp|[silent]\n|\n|upkeep\n|turn|39\n|\n|t:|1785530851\n|move|p1a: Tauros|Body Slam|p2a: Snorlax\n|-damage|p2a: Snorlax|88/100 slp\n|cant|p2a: Snorlax|slp\n|\n|upkeep\n|turn|40\n|\n|t:|1785530854\n|move|p1a: Tauros|Body Slam|p2a: Snorlax\n|-damage|p2a: Snorlax|75/100 slp\n|-curestatus|p2a: Snorlax|slp|[msg]\n|\n|upkeep\n|turn|41\n|\n|t:|1785530856\n|switch|p1a: Chansey|Chansey|93/100\n|move|p2a: Snorlax|Body Slam|p1a: Chansey\n|-damage|p1a: Chansey|51/100\n|\n|upkeep\n|turn|42\n|inactive|Deezcastforms has 270 seconds left.\n|\n|t:|1785530863\n|switch|p2a: Chansey|Chansey|91/100 par\n|move|p1a: Chansey|Soft-Boiled|p1a: Chansey\n|-heal|p1a: Chansey|100/100\n|\n|upkeep\n|turn|43\n|\n|t:|1785530867\n|switch|p1a: Jynx|Jynx|100/100 par\n|move|p2a: Chansey|Sing|p1a: Jynx|[miss]\n|-miss|p2a: Chansey\n|\n|upkeep\n|turn|44\n|\n|t:|1785530873\n|move|p1a: Jynx|Psychic|p2a: Chansey\n|-damage|p2a: Chansey|78/100 par\n|cant|p2a: Chansey|par\n|\n|upkeep\n|turn|45\n|\n|t:|1785530880\n|cant|p1a: Jynx|par\n|move|p2a: Chansey|Ice Beam|p1a: Jynx\n|-crit|p1a: Jynx\n|-resisted|p1a: Jynx\n|-damage|p1a: Jynx|78/100 par\n|\n|upkeep\n|turn|46\n|\n|t:|1785530897\n|move|p1a: Jynx|Psychic|p2a: Chansey\n|-damage|p2a: Chansey|65/100 par\n|-unboost|p2a: Chansey|spa|1\n|-unboost|p2a: Chansey|spd|1\n|move|p2a: Chansey|Soft-Boiled|p2a: Chansey\n|-heal|p2a: Chansey|100/100 par\n|\n|upkeep\n|turn|47\n|\n|t:|1785530914\n|cant|p1a: Jynx|par\n|move|p2a: Chansey|Ice Beam|p1a: Jynx\n|-resisted|p1a: Jynx\n|-damage|p1a: Jynx|70/100 par\n|\n|upkeep\n|turn|48\n|\n|t:|1785530919\n|switch|p2a: Starmie|Starmie|100/100 slp\n|move|p1a: Jynx|Psychic|p2a: Starmie\n|-resisted|p2a: Starmie\n|-damage|p2a: Starmie|85/100 slp\n|\n|upkeep\n|turn|49\n|\n|t:|1785530929\n|switch|p2a: Alakazam|Alakazam|100/100\n|switch|p1a: Tauros|Tauros|67/100\n|\n|upkeep\n|turn|50\n|\n|t:|1785530935\n|switch|p1a: Chansey|Chansey|100/100\n|move|p2a: Alakazam|Psychic|p1a: Chansey\n|-crit|p1a: Chansey\n|-damage|p1a: Chansey|67/100\n|-unboost|p1a: Chansey|spa|1\n|-unboost|p1a: Chansey|spd|1\n|\n|upkeep\n|turn|51\n|\n|t:|1785530941\n|switch|p2a: Chansey|Chansey|100/100 par\n|move|p1a: Chansey|Soft-Boiled|p1a: Chansey\n|-heal|p1a: Chansey|100/100\n|\n|upkeep\n|turn|52\n|inactive|Deezcastforms has 270 seconds left.\n|\n|t:|1785530993\n|switch|p1a: Snorlax|Snorlax|82/100\n|move|p2a: Chansey|Sing|p1a: Snorlax\n|-status|p1a: Snorlax|slp|[from] move: Sing\n|\n|upkeep\n|turn|53\n|\n|t:|1785531004\n|switch|p2a: Tauros|Tauros|100/100\n|cant|p1a: Snorlax|slp\n|\n|upkeep\n|turn|54\n|\n|t:|1785531008\n|switch|p1a: Starmie|Starmie|100/100\n|move|p2a: Tauros|Body Slam|p1a: Starmie\n|-crit|p1a: Starmie\n|-damage|p1a: Starmie|33/100\n|\n|upkeep\n|turn|55\n|inactive|Deezcastforms has 270 seconds left.\n|\n|t:|1785531031\n|move|p1a: Starmie|Recover|p1a: Starmie\n|-heal|p1a: Starmie|83/100\n|move|p2a: Tauros|Body Slam|p1a: Starmie\n|-damage|p1a: Starmie|50/100\n|\n|upkeep\n|turn|56\n|inactive|Deezcastforms has 270 seconds left.\n|\n|t:|1785531039\n|switch|p2a: Chansey|Chansey|100/100 par\n|move|p1a: Starmie|Recover|p1a: Starmie\n|-heal|p1a: Starmie|99/100\n|\n|upkeep\n|turn|57\n|\n|t:|1785531046\n|switch|p1a: Snorlax|Snorlax|82/100 slp\n|move|p2a: Chansey|Ice Beam|p1a: Snorlax\n|-damage|p1a: Snorlax|61/100 slp\n|\n|upkeep\n|turn|58\n|\n|t:|1785531052\n|switch|p2a: Tauros|Tauros|100/100\n|cant|p1a: Snorlax|slp\n|\n|upkeep\n|turn|59\n|\n|t:|1785531057\n|switch|p1a: Starmie|Starmie|99/100\n|move|p2a: Tauros|Body Slam|p1a: Starmie\n|-damage|p1a: Starmie|66/100\n|\n|upkeep\n|turn|60\n|\n|t:|1785531075\n|switch|p1a: Tauros|Tauros|67/100\n|switch|p2a: Chansey|Chansey|100/100 par\n|\n|upkeep\n|turn|61\n|inactive|Deezcastforms has 270 seconds left.\n|inactive|squirtlonyourpuffs has 270 seconds left.\n|\n|t:|1785531130\n|move|p1a: Tauros|Body Slam|p2a: Chansey\n|-damage|p2a: Chansey|64/100 par\n|move|p2a: Chansey|Thunder Wave|p1a: Tauros\n|-status|p1a: Tauros|par\n|\n|upkeep\n|turn|62\n|inactive|squirtlonyourpuffs has 240 seconds left.\n|inactive|squirtlonyourpuffs has 210 seconds left.\n|\n|t:|1785531214\n|switch|p2a: Snorlax|Snorlax|75/100\n|cant|p1a: Tauros|par\n|\n|upkeep\n|turn|63\n|inactive|Deezcastforms has 240 seconds left.\n|\n|t:|1785531246\n|switch|p1a: Chansey|Chansey|100/100\n|move|p2a: Snorlax|Body Slam|p1a: Chansey\n|-damage|p1a: Chansey|59/100\n|\n|upkeep\n|turn|64\n|\n|t:|1785531256\n|move|p1a: Chansey|Soft-Boiled|p1a: Chansey\n|-heal|p1a: Chansey|100/100\n|move|p2a: Snorlax|Ice Beam|p1a: Chansey\n|-damage|p1a: Chansey|93/100\n|-status|p1a: Chansey|frz\n|\n|upkeep\n|turn|65\n|inactive|squirtlonyourpuffs has 210 seconds left.\n|inactive|Deezcastforms has 210 seconds left.\n|inactive|Deezcastforms has 180 seconds left.\n|inactive|Deezcastforms has 150 seconds left.\n|inactive|Deezcastforms has 120 seconds left.\n|\n|t:|1785531386\n|switch|p1a: Jynx|Jynx|70/100 par\n|move|p2a: Snorlax|Body Slam|p1a: Jynx\n|-damage|p1a: Jynx|14/100 par\n|\n|upkeep\n|turn|66\n|\n|t:|1785531391\n|move|p2a: Snorlax|Body Slam|p1a: Jynx\n|-damage|p1a: Jynx|0 fnt\n|faint|p1a: Jynx\n|\n|t:|1785531395\n|switch|p1a: Starmie|Starmie|66/100\n|turn|67\n|\n|t:|1785531404\n|move|p1a: Starmie|Blizzard|p2a: Snorlax\n|-damage|p2a: Snorlax|50/100\n|-status|p2a: Snorlax|frz\n|cant|p2a: Snorlax|frz\n|\n|upkeep\n|turn|68\n|inactive|Deezcastforms has 120 seconds left.\n|\n|t:|1785531431\n|switch|p2a: Alakazam|Alakazam|100/100\n|move|p1a: Starmie|Recover|p1a: Starmie\n|-heal|p1a: Starmie|100/100\n|\n|upkeep\n|turn|69\n|inactive|Deezcastforms has 120 seconds left.\n|\n|t:|1785531444\n|move|p2a: Alakazam|Thunder Wave|p1a: Starmie\n|-status|p1a: Starmie|par\n|move|p1a: Starmie|Thunder Wave|p2a: Alakazam\n|-status|p2a: Alakazam|par\n|\n|upkeep\n|turn|70\n|inactive|Deezcastforms has 120 seconds left.\n|inactive|Deezcastforms has 90 seconds left.\n|\n|t:|1785531491\n|move|p2a: Alakazam|Psychic|p1a: Starmie\n|-crit|p1a: Starmie\n|-resisted|p1a: Starmie\n|-damage|p1a: Starmie|59/100 par\n|move|p1a: Starmie|Thunderbolt|p2a: Alakazam\n|-crit|p2a: Alakazam\n|-damage|p2a: Alakazam|64/100 par\n|\n|upkeep\n|turn|71\n|\n|t:|1785531498\n|move|p2a: Alakazam|Recover|p2a: Alakazam\n|-heal|p2a: Alakazam|100/100 par\n|cant|p1a: Starmie|par\n|\n|upkeep\n|turn|72\n|\n|t:|1785531500\n|switch|p2a: Chansey|Chansey|64/100 par\n|cant|p1a: Starmie|par\n|\n|upkeep\n|turn|73\n|\n|t:|1785531506\n|cant|p1a: Starmie|par\n|cant|p2a: Chansey|par\n|\n|upkeep\n|turn|74\n|\n|t:|1785531509\n|move|p1a: Starmie|Recover|p1a: Starmie\n|-heal|p1a: Starmie|100/100 par\n|move|p2a: Chansey|Soft-Boiled|p2a: Chansey\n|-heal|p2a: Chansey|100/100 par\n|\n|upkeep\n|turn|75\n|\n|t:|1785531517\n|switch|p1a: Snorlax|Snorlax|61/100 slp\n|move|p2a: Chansey|Soft-Boiled|p2a: Chansey\n|-fail|p2a: Chansey\n|\n|upkeep\n|turn|76\n|\n|t:|1785531530\n|switch|p1a: Starmie|Starmie|100/100 par\n|switch|p2a: Tauros|Tauros|100/100\n|\n|upkeep\n|turn|77\n|\n|t:|1785531541\n|switch|p2a: Chansey|Chansey|100/100 par\n|switch|p1a: Tauros|Tauros|67/100 par\n|\n|upkeep\n|turn|78\n|\n|t:|1785531549\n|move|p1a: Tauros|Body Slam|p2a: Chansey\n|-damage|p2a: Chansey|65/100 par\n|move|p2a: Chansey|Ice Beam|p1a: Tauros\n|-damage|p1a: Tauros|38/100 par\n|\n|upkeep\n|turn|79\n|\n|t:|1785531564\n|switch|p2a: Snorlax|Snorlax|50/100 frz\n|cant|p1a: Tauros|par\n|\n|upkeep\n|turn|80\n|\n|t:|1785531568\n|cant|p2a: Snorlax|frz\n|cant|p1a: Tauros|par\n|\n|upkeep\n|turn|81\n|\n|t:|1785531572\n|cant|p2a: Snorlax|frz\n|move|p1a: Tauros|Body Slam|p2a: Snorlax\n|-damage|p2a: Snorlax|25/100 frz\n|\n|upkeep\n|turn|82\n|\n|t:|1785531583\n|cant|p2a: Snorlax|frz\n|cant|p1a: Tauros|par\n|\n|upkeep\n|turn|83\n|\n|t:|1785531586\n|cant|p2a: Snorlax|frz\n|cant|p1a: Tauros|par\n|\n|upkeep\n|turn|84\n|\n|t:|1785531588\n|cant|p2a: Snorlax|frz\n|move|p1a: Tauros|Body Slam|p2a: Snorlax\n|-crit|p2a: Snorlax\n|-damage|p2a: Snorlax|0 fnt\n|faint|p2a: Snorlax\n|\n|t:|1785531592\n|switch|p2a: Tauros|Tauros|100/100\n|turn|85\n|\n|t:|1785531597\n|switch|p1a: Chansey|Chansey|93/100 frz\n|move|p2a: Tauros|Body Slam|p1a: Chansey\n|-crit|p1a: Chansey\n|-damage|p1a: Chansey|22/100 frz\n|\n|upkeep\n|turn|86\n|\n|t:|1785531604\n|move|p2a: Tauros|Body Slam|p1a: Chansey\n|-damage|p1a: Chansey|0 fnt\n|faint|p1a: Chansey\n|\n|t:|1785531607\n|switch|p1a: Starmie|Starmie|100/100 par\n|turn|87\n|inactive|Deezcastforms has 180 seconds left.\n|\n|t:|1785531650\n|switch|p2a: Alakazam|Alakazam|100/100 par\n|switch|p1a: Snorlax|Snorlax|61/100 slp\n|\n|upkeep\n|turn|88\n|\n|t:|1785531654\n|cant|p1a: Snorlax|slp\n|cant|p2a: Alakazam|par\n|\n|upkeep\n|turn|89\n|\n|t:|1785531657\n|-curestatus|p1a: Snorlax|slp|[msg]\n|move|p2a: Alakazam|Psychic|p1a: Snorlax\n|-damage|p1a: Snorlax|29/100\n|\n|upkeep\n|turn|90\n|inactive|Deezcastforms has 180 seconds left.\n|\n|t:|1785531696\n|switch|p1a: Starmie|Starmie|100/100 par\n|switch|p2a: Tauros|Tauros|100/100\n|\n|upkeep\n|turn|91\n|\n|t:|1785531709\n|switch|p2a: Alakazam|Alakazam|100/100 par\n|move|p1a: Starmie|Thunder Wave|p2a: Alakazam\n|-fail|p2a: Alakazam|par\n|\n|upkeep\n|turn|92\n|\n|t:|1785531721\n|cant|p2a: Alakazam|par\n|cant|p1a: Starmie|par\n|\n|upkeep\n|turn|93\n|\n|t:|1785531725\n|move|p2a: Alakazam|Seismic Toss|p1a: Starmie\n|-damage|p1a: Starmie|70/100 par\n|cant|p1a: Starmie|par\n|\n|upkeep\n|turn|94\n|\n|t:|1785531728\n|switch|p2a: Chansey|Chansey|65/100 par\n|move|p1a: Starmie|Recover|p1a: Starmie\n|-heal|p1a: Starmie|100/100 par\n|\n|upkeep\n|turn|95\n|inactive|Deezcastforms has 180 seconds left.\n|\n|t:|1785531750\n|move|p1a: Starmie|Thunder Wave|p2a: Chansey\n|-fail|p2a: Chansey|par\n|move|p2a: Chansey|Soft-Boiled|p2a: Chansey\n|-heal|p2a: Chansey|100/100 par\n|\n|upkeep\n|turn|96\n|inactive|Deezcastforms has 180 seconds left.\n|inactive|Deezcastforms has 150 seconds left.\n|\n|t:|1785531791\n|switch|p1a: Snorlax|Snorlax|29/100\n|move|p2a: Chansey|Sing|p1a: Snorlax|[miss]\n|-miss|p2a: Chansey\n|\n|upkeep\n|turn|97\n|inactive|Deezcastforms has 150 seconds left.\n|\n|t:|1785531806\n|switch|p2a: Tauros|Tauros|100/100\n|move|p1a: Snorlax|Body Slam|p2a: Tauros\n|-damage|p2a: Tauros|69/100\n|\n|upkeep\n|turn|98\n|inactive|Deezcastforms has 150 seconds left.\n|\n|t:|1785531830\n|move|p2a: Tauros|Body Slam|p1a: Snorlax\n|-damage|p1a: Snorlax|5/100\n|move|p1a: Snorlax|Rest|p1a: Snorlax\n|-status|p1a: Snorlax|slp|[from] move: Rest\n|-heal|p1a: Snorlax|100/100 slp|[silent]\n|\n|upkeep\n|turn|99\n|\n|t:|1785531839\n|move|p2a: Tauros|Body Slam|p1a: Snorlax\n|-damage|p1a: Snorlax|77/100 slp\n|cant|p1a: Snorlax|slp\n|\n|upkeep\n|turn|100\n|\n|t:|1785531845\n|switch|p1a: Starmie|Starmie|100/100 par\n|move|p2a: Tauros|Body Slam|p1a: Starmie\n|-crit|p1a: Starmie\n|-damage|p1a: Starmie|35/100 par\n|\n|upkeep\n|turn|101\n|inactive|Deezcastforms has 150 seconds left.\n|inactive|Deezcastforms has 120 seconds left.\n|\n|t:|1785531902\n|move|p2a: Tauros|Hyper Beam|p1a: Starmie\n|-damage|p1a: Starmie|0 fnt\n|faint|p1a: Starmie\n|\n|t:|1785531904\n|switch|p1a: Snorlax|Snorlax|77/100 slp\n|turn|102\n|\n|t:|1785531908\n|move|p2a: Tauros|Body Slam|p1a: Snorlax\n|-damage|p1a: Snorlax|50/100 slp\n|-curestatus|p1a: Snorlax|slp|[msg]\n|\n|upkeep\n|turn|103\n|inactive|Deezcastforms has 120 seconds left.\n|\n|t:|1785531916\n|move|p2a: Tauros|Body Slam|p1a: Snorlax\n|-damage|p1a: Snorlax|28/100\n|move|p1a: Snorlax|Reflect|p1a: Snorlax\n|-start|p1a: Snorlax|Reflect\n|\n|upkeep\n|turn|104\n|\n|t:|1785531926\n|move|p2a: Tauros|Blizzard|p1a: Snorlax\n|-damage|p1a: Snorlax|8/100\n|move|p1a: Snorlax|Rest|p1a: Snorlax\n|-status|p1a: Snorlax|slp|[from] move: Rest\n|-heal|p1a: Snorlax|100/100 slp|[silent]\n|\n|upkeep\n|turn|105\n|\n|t:|1785531930\n|switch|p2a: Chansey|Chansey|100/100 par\n|cant|p1a: Snorlax|slp\n|\n|upkeep\n|turn|106\n|\n|t:|1785531934\n|-curestatus|p1a: Snorlax|slp|[msg]\n|move|p2a: Chansey|Thunder Wave|p1a: Snorlax\n|-status|p1a: Snorlax|par\n|\n|upkeep\n|turn|107\n|\n|t:|1785531941\n|cant|p2a: Chansey|par\n|move|p1a: Snorlax|Body Slam|p2a: Chansey\n|-damage|p2a: Chansey|59/100 par\n|\n|upkeep\n|turn|108\n|\n|t:|1785531949\n|cant|p2a: Chansey|par\n|move|p1a: Snorlax|Earthquake|p2a: Chansey\n|-damage|p2a: Chansey|29/100 par\n|\n|upkeep\n|turn|109\n|\n|t:|1785531953\n|cant|p2a: Chansey|par\n|move|p1a: Snorlax|Body Slam|p2a: Chansey\n|-damage|p2a: Chansey|0 fnt\n|faint|p2a: Chansey\n|\n|t:|1785531957\n|switch|p2a: Alakazam|Alakazam|100/100 par\n|turn|110\n|inactive|Deezcastforms has 180 seconds left.\n|\n|t:|1785531976\n|move|p2a: Alakazam|Psychic|p1a: Snorlax\n|-damage|p1a: Snorlax|66/100 par\n|move|p1a: Snorlax|Body Slam|p2a: Alakazam\n|-damage|p2a: Alakazam|51/100 par\n|\n|upkeep\n|turn|111\n|\n|t:|1785531986\n|move|p2a: Alakazam|Psychic|p1a: Snorlax\n|-damage|p1a: Snorlax|32/100 par\n|move|p1a: Snorlax|Body Slam|p2a: Alakazam\n|-damage|p2a: Alakazam|0 fnt\n|faint|p2a: Alakazam\n|\n|t:|1785531988\n|switch|p2a: Tauros|Tauros|69/100\n|turn|112\n|inactive|Deezcastforms has 180 seconds left.\n|\n|t:|1785532000\n|move|p2a: Tauros|Body Slam|p1a: Snorlax\n|-damage|p1a: Snorlax|20/100 par\n|cant|p1a: Snorlax|par\n|\n|upkeep\n|turn|113\n|\n|t:|1785532009\n|move|p2a: Tauros|Hyper Beam|p1a: Snorlax\n|-damage|p1a: Snorlax|0 fnt\n|faint|p1a: Snorlax\n|inactive|Deezcastforms has 180 seconds left.\n|inactive|Deezcastforms has 150 seconds left.\n|\n|t:|1785532060\n|switch|p1a: Tauros|Tauros|38/100 par\n|turn|114\n|\n|t:|1785532068\n|move|p2a: Tauros|Hyper Beam|p1a: Tauros\n|-crit|p1a: Tauros\n|-damage|p1a: Tauros|0 fnt\n|faint|p1a: Tauros\n|\n|win|squirtlonyourpuffs\n|player|p1|\n","uploadtime":1785532068,"views":"40","formatid":"gen1ou","rating":null,"private":0,"password":null}