{"id":"smogtours-gen1ou-948091","format":"[Gen 1] OU","players":["Deezcastforms","Gilgeous"],"log":"|inactive|Battle timer is ON: inactive players will automatically lose when time's up.\n|t:|1781902982\n|gametype|singles\n|player|p1|Deezcastforms|#adpl8|\n|player|p2|Gilgeous|hoopster|\n|gen|1\n|tier|[Gen 1] OU\n|rule|Desync Clause Mod: Desyncs changed to move failure.\n|rule|HP Percentage Mod: HP is shown in percentages\n|rule|Endless Battle Clause: Forcing endless battles is banned\n|rule|Sleep Clause Mod: Limit one foe put to sleep\n|rule|Freeze Clause Mod: Limit one foe frozen\n|rule|Species Clause: Limit one of each Pokémon\n|rule|OHKO Clause: OHKO moves are banned\n|rule|Evasion Moves Clause: Evasion moves are banned\n|\n|t:|1781902982\n|teamsize|p1|6\n|teamsize|p2|6\n|start\n|switch|p1a: Alakazam|Alakazam|100/100\n|switch|p2a: R Kelly|Alakazam|100/100\n|turn|1\n|inactive|Gilgeous also wants the timer to be on.\n|c|☆Gilgeous|hf\n|c|☆Deezcastforms|u2\n|inactive|Deezcastforms has 270 seconds left.\n|inactive|Gilgeous has 270 seconds left.\n|inactive|Deezcastforms has 240 seconds left.\n|inactive|Gilgeous has 240 seconds left.\n|\n|t:|1781903063\n|switch|p1a: Jynx|Jynx|100/100\n|move|p2a: R Kelly|Thunder Wave|p1a: Jynx\n|-status|p1a: Jynx|par\n|\n|upkeep\n|turn|2\n|\n|t:|1781903069\n|move|p2a: R Kelly|Seismic Toss|p1a: Jynx\n|-damage|p1a: Jynx|70/100 par\n|move|p1a: Jynx|Lovely Kiss|p2a: R Kelly\n|-status|p2a: R Kelly|slp|[from] move: Lovely Kiss\n|\n|upkeep\n|turn|3\n|\n|t:|1781903078\n|switch|p2a: Ashviere|Jynx|100/100\n|move|p1a: Jynx|Blizzard|p2a: Ashviere\n|-resisted|p2a: Ashviere\n|-damage|p2a: Ashviere|81/100\n|\n|upkeep\n|turn|4\n|\n|t:|1781903092\n|move|p2a: Ashviere|Body Slam|p1a: Jynx\n|-damage|p1a: Jynx|47/100 par\n|move|p1a: Jynx|Body Slam|p2a: Ashviere\n|-damage|p2a: Ashviere|58/100\n|-status|p2a: Ashviere|par\n|\n|upkeep\n|turn|5\n|\n|t:|1781903103\n|cant|p1a: Jynx|par\n|move|p2a: Ashviere|Body Slam|p1a: Jynx\n|-crit|p1a: Jynx\n|-damage|p1a: Jynx|2/100 par\n|\n|upkeep\n|turn|6\n|\n|t:|1781903113\n|move|p1a: Jynx|Body Slam|p2a: Ashviere\n|-damage|p2a: Ashviere|33/100 par\n|cant|p2a: Ashviere|par\n|\n|upkeep\n|turn|7\n|\n|t:|1781903127\n|move|p1a: Jynx|Body Slam|p2a: Ashviere\n|-damage|p2a: Ashviere|8/100 par\n|cant|p2a: Ashviere|par\n|\n|upkeep\n|turn|8\n|\n|t:|1781903131\n|cant|p1a: Jynx|par\n|move|p2a: Ashviere|Psychic|p1a: Jynx\n|-resisted|p1a: Jynx\n|-damage|p1a: Jynx|0 fnt\n|faint|p1a: Jynx\n|\n|t:|1781903138\n|switch|p1a: Tauros|Tauros|100/100\n|turn|9\n|\n|t:|1781903142\n|move|p1a: Tauros|Body Slam|p2a: Ashviere\n|-crit|p2a: Ashviere\n|-damage|p2a: Ashviere|0 fnt\n|faint|p2a: Ashviere\n|\n|t:|1781903144\n|switch|p2a: Z Strats|Snorlax|100/100\n|turn|10\n|inactive|Deezcastforms has 270 seconds left.\n|\n|t:|1781903175\n|switch|p1a: Snorlax|Snorlax|100/100\n|move|p2a: Z Strats|Body Slam|p1a: Snorlax\n|-damage|p1a: Snorlax|73/100\n|\n|upkeep\n|turn|11\n|\n|t:|1781903181\n|switch|p2a: R Kelly|Alakazam|100/100 slp\n|move|p1a: Snorlax|Body Slam|p2a: R Kelly\n|-damage|p2a: R Kelly|50/100 slp\n|\n|upkeep\n|turn|12\n|c|☆Gilgeous|misclick\n|inactive|Deezcastforms has 270 seconds left.\n|\n|t:|1781903203\n|switch|p2a: Z Strats|Snorlax|100/100\n|move|p1a: Snorlax|Body Slam|p2a: Z Strats\n|-damage|p2a: Z Strats|73/100\n|\n|upkeep\n|turn|13\n|\n|t:|1781903213\n|move|p1a: Snorlax|Self-Destruct|p2a: Z Strats\n|-damage|p2a: Z Strats|0 fnt\n|faint|p2a: Z Strats\n|faint|p1a: Snorlax\n|inactive|Deezcastforms has 270 seconds left.\n|\n|t:|1781903224\n|switch|p1a: Exeggutor|Exeggutor|100/100\n|switch|p2a: Goddess Briyella|Starmie|100/100\n|turn|14\n|inactive|Deezcastforms has 270 seconds left.\n|\n|t:|1781903245\n|move|p2a: Goddess Briyella|Thunder Wave|p1a: Exeggutor\n|-status|p1a: Exeggutor|par\n|move|p1a: Exeggutor|Stun Spore|p2a: Goddess Briyella\n|-status|p2a: Goddess Briyella|par\n|\n|upkeep\n|turn|15\n|\n|t:|1781903271\n|move|p2a: Goddess Briyella|Blizzard|p1a: Exeggutor\n|-supereffective|p1a: Exeggutor\n|-damage|p1a: Exeggutor|58/100 par\n|cant|p1a: Exeggutor|par\n|\n|upkeep\n|turn|16\n|\n|t:|1781903276\n|switch|p1a: Starmie|Starmie|100/100\n|move|p2a: Goddess Briyella|Thunder Wave|p1a: Starmie\n|-status|p1a: Starmie|par\n|\n|upkeep\n|turn|17\n|\n|t:|1781903284\n|move|p1a: Starmie|Surf|p2a: Goddess Briyella\n|-resisted|p2a: Goddess Briyella\n|-damage|p2a: Goddess Briyella|83/100 par\n|cant|p2a: Goddess Briyella|par\n|\n|upkeep\n|turn|18\n|\n|t:|1781903289\n|move|p1a: Starmie|Surf|p2a: Goddess Briyella\n|-resisted|p2a: Goddess Briyella\n|-damage|p2a: Goddess Briyella|66/100 par\n|move|p2a: Goddess Briyella|Recover|p2a: Goddess Briyella\n|-heal|p2a: Goddess Briyella|100/100 par\n|\n|upkeep\n|turn|19\n|\n|t:|1781903299\n|move|p1a: Starmie|Surf|p2a: Goddess Briyella\n|-resisted|p2a: Goddess Briyella\n|-damage|p2a: Goddess Briyella|83/100 par\n|move|p2a: Goddess Briyella|Surf|p1a: Starmie\n|-crit|p1a: Starmie\n|-resisted|p1a: Starmie\n|-damage|p1a: Starmie|66/100 par\n|\n|upkeep\n|turn|20\n|\n|t:|1781903306\n|move|p2a: Goddess Briyella|Surf|p1a: Starmie\n|-resisted|p1a: Starmie\n|-damage|p1a: Starmie|49/100 par\n|move|p1a: Starmie|Recover|p1a: Starmie\n|-heal|p1a: Starmie|99/100 par\n|\n|upkeep\n|turn|21\n|\n|t:|1781903313\n|move|p2a: Goddess Briyella|Thunder Wave|p1a: Starmie\n|-fail|p1a: Starmie|par\n|move|p1a: Starmie|Surf|p2a: Goddess Briyella\n|-crit|p2a: Goddess Briyella\n|-resisted|p2a: Goddess Briyella\n|-damage|p2a: Goddess Briyella|47/100 par\n|\n|upkeep\n|turn|22\n|\n|t:|1781903325\n|move|p1a: Starmie|Surf|p2a: Goddess Briyella\n|-resisted|p2a: Goddess Briyella\n|-damage|p2a: Goddess Briyella|30/100 par\n|move|p2a: Goddess Briyella|Recover|p2a: Goddess Briyella\n|-heal|p2a: Goddess Briyella|79/100 par\n|\n|upkeep\n|turn|23\n|\n|t:|1781903341\n|cant|p2a: Goddess Briyella|par\n|move|p1a: Starmie|Surf|p2a: Goddess Briyella\n|-resisted|p2a: Goddess Briyella\n|-damage|p2a: Goddess Briyella|63/100 par\n|\n|upkeep\n|turn|24\n|\n|t:|1781903343\n|cant|p1a: Starmie|par\n|cant|p2a: Goddess Briyella|par\n|\n|upkeep\n|turn|25\n|\n|t:|1781903346\n|move|p1a: Starmie|Surf|p2a: Goddess Briyella\n|-resisted|p2a: Goddess Briyella\n|-damage|p2a: Goddess Briyella|47/100 par\n|move|p2a: Goddess Briyella|Recover|p2a: Goddess Briyella\n|-heal|p2a: Goddess Briyella|96/100 par\n|\n|upkeep\n|turn|26\n|\n|t:|1781903351\n|move|p1a: Starmie|Surf|p2a: Goddess Briyella\n|-resisted|p2a: Goddess Briyella\n|-damage|p2a: Goddess Briyella|80/100 par\n|move|p2a: Goddess Briyella|Surf|p1a: Starmie\n|-resisted|p1a: Starmie\n|-damage|p1a: Starmie|82/100 par\n|\n|upkeep\n|turn|27\n|\n|t:|1781903356\n|move|p2a: Goddess Briyella|Recover|p2a: Goddess Briyella\n|-heal|p2a: Goddess Briyella|100/100 par\n|move|p1a: Starmie|Surf|p2a: Goddess Briyella\n|-crit|p2a: Goddess Briyella\n|-resisted|p2a: Goddess Briyella\n|-damage|p2a: Goddess Briyella|69/100 par\n|\n|upkeep\n|turn|28\n|\n|t:|1781903360\n|cant|p2a: Goddess Briyella|par\n|move|p1a: Starmie|Surf|p2a: Goddess Briyella\n|-resisted|p2a: Goddess Briyella\n|-damage|p2a: Goddess Briyella|53/100 par\n|\n|upkeep\n|turn|29\n|\n|t:|1781903363\n|switch|p1a: Tauros|Tauros|100/100\n|cant|p2a: Goddess Briyella|par\n|\n|upkeep\n|turn|30\n|\n|t:|1781903370\n|switch|p2a: R Kelly|Alakazam|50/100 slp\n|move|p1a: Tauros|Hyper Beam|p2a: R Kelly\n|-damage|p2a: R Kelly|0 fnt\n|faint|p2a: R Kelly\n|\n|t:|1781903374\n|switch|p2a: Chris Paul Neil|Exeggutor|100/100\n|turn|31\n|\n|t:|1781903390\n|switch|p1a: Exeggutor|Exeggutor|58/100 par\n|move|p2a: Chris Paul Neil|Psychic|p1a: Exeggutor\n|-resisted|p1a: Exeggutor\n|-damage|p1a: Exeggutor|45/100 par\n|-unboost|p1a: Exeggutor|spa|1\n|-unboost|p1a: Exeggutor|spd|1\n|\n|upkeep\n|turn|32\n|\n|t:|1781903401\n|switch|p2a: Goddess Briyella|Starmie|53/100 par\n|cant|p1a: Exeggutor|par\n|\n|upkeep\n|turn|33\n|\n|t:|1781903409\n|switch|p1a: Starmie|Starmie|82/100 par\n|move|p2a: Goddess Briyella|Recover|p2a: Goddess Briyella\n|-heal|p2a: Goddess Briyella|100/100 par\n|\n|upkeep\n|turn|34\n|\n|t:|1781903420\n|move|p2a: Goddess Briyella|Surf|p1a: Starmie\n|-resisted|p1a: Starmie\n|-damage|p1a: Starmie|64/100 par\n|move|p1a: Starmie|Thunder Wave|p2a: Goddess Briyella\n|-fail|p2a: Goddess Briyella|par\n|\n|upkeep\n|turn|35\n|\n|t:|1781903427\n|move|p2a: Goddess Briyella|Surf|p1a: Starmie\n|-resisted|p1a: Starmie\n|-damage|p1a: Starmie|46/100 par\n|cant|p1a: Starmie|par\n|\n|upkeep\n|turn|36\n|\n|t:|1781903434\n|switch|p2a: Chris Paul Neil|Exeggutor|100/100\n|move|p1a: Starmie|Recover|p1a: Starmie\n|-heal|p1a: Starmie|96/100 par\n|\n|upkeep\n|turn|37\n|\n|t:|1781903441\n|switch|p2a: Goddess Briyella|Starmie|100/100 par\n|move|p1a: Starmie|Thunder Wave|p2a: Goddess Briyella\n|-fail|p2a: Goddess Briyella|par\n|\n|upkeep\n|turn|38\n|\n|t:|1781903454\n|cant|p2a: Goddess Briyella|par\n|cant|p1a: Starmie|par\n|\n|upkeep\n|turn|39\n|\n|t:|1781903466\n|move|p1a: Starmie|Thunder Wave|p2a: Goddess Briyella\n|-fail|p2a: Goddess Briyella|par\n|move|p2a: Goddess Briyella|Thunder Wave|p1a: Starmie\n|-fail|p1a: Starmie|par\n|\n|upkeep\n|turn|40\n|\n|t:|1781903470\n|move|p1a: Starmie|Thunder Wave|p2a: Goddess Briyella\n|-fail|p2a: Goddess Briyella|par\n|move|p2a: Goddess Briyella|Thunder Wave|p1a: Starmie\n|-fail|p1a: Starmie|par\n|\n|upkeep\n|turn|41\n|\n|t:|1781903476\n|move|p2a: Goddess Briyella|Thunder Wave|p1a: Starmie\n|-fail|p1a: Starmie|par\n|cant|p1a: Starmie|par\n|\n|upkeep\n|turn|42\n|\n|t:|1781903479\n|switch|p1a: Exeggutor|Exeggutor|45/100 par\n|cant|p2a: Goddess Briyella|par\n|\n|upkeep\n|turn|43\n|\n|t:|1781903483\n|move|p2a: Goddess Briyella|Blizzard|p1a: Exeggutor\n|-supereffective|p1a: Exeggutor\n|-damage|p1a: Exeggutor|2/100 par\n|move|p1a: Exeggutor|Explosion|p2a: Goddess Briyella\n|-crit|p2a: Goddess Briyella\n|-damage|p2a: Goddess Briyella|0 fnt\n|faint|p2a: Goddess Briyella\n|faint|p1a: Exeggutor\n|\n|t:|1781903492\n|switch|p2a: Chris Paul Neil|Exeggutor|100/100\n|switch|p1a: Starmie|Starmie|96/100 par\n|turn|44\n|\n|t:|1781903498\n|move|p2a: Chris Paul Neil|Psychic|p1a: Starmie\n|-resisted|p1a: Starmie\n|-damage|p1a: Starmie|76/100 par\n|move|p1a: Starmie|Blizzard|p2a: Chris Paul Neil\n|-crit|p2a: Chris Paul Neil\n|-supereffective|p2a: Chris Paul Neil\n|-damage|p2a: Chris Paul Neil|17/100\n|\n|upkeep\n|turn|45\n|inactive|Gilgeous has 270 seconds left.\n|\n|t:|1781903541\n|move|p2a: Chris Paul Neil|Explosion|p1a: Starmie\n|-damage|p1a: Starmie|0 fnt\n|faint|p1a: Starmie\n|faint|p2a: Chris Paul Neil\n|\n|t:|1781903543\n|switch|p2a: Michael Jackson|Tauros|100/100\n|switch|p1a: Tauros|Tauros|100/100\n|turn|46\n|\n|t:|1781903546\n|move|p2a: Michael Jackson|Blizzard|p1a: Tauros\n|-damage|p1a: Tauros|75/100\n|move|p1a: Tauros|Body Slam|p2a: Michael Jackson\n|-damage|p2a: Michael Jackson|69/100\n|\n|upkeep\n|turn|47\n|\n|t:|1781903551\n|move|p2a: Michael Jackson|Blizzard|p1a: Tauros\n|-damage|p1a: Tauros|50/100\n|move|p1a: Tauros|Hyper Beam|p2a: Michael Jackson\n|-damage|p2a: Michael Jackson|14/100\n|-mustrecharge|p1a: Tauros\n|\n|upkeep\n|turn|48\n|\n|t:|1781903555\n|cant|p1a: Tauros|recharge\n|move|p2a: Michael Jackson|Hyper Beam|p1a: Tauros|[miss]\n|-miss|p2a: Michael Jackson\n|\n|upkeep\n|turn|49\n|c|☆Deezcastforms|ggs\n|\n|t:|1781903561\n|move|p2a: Michael Jackson|Hyper Beam|p1a: Tauros|[miss]\n|-miss|p2a: Michael Jackson\n|move|p1a: Tauros|Body Slam|p2a: Michael Jackson\n|-damage|p2a: Michael Jackson|0 fnt\n|faint|p2a: Michael Jackson\n|\n|win|Deezcastforms\n|player|p1|\n|c|☆Gilgeous|ggs\n","uploadtime":1781903561,"views":"75","formatid":"gen1ou","rating":null,"private":2,"password":null}