{"id":"smogtours-gen1ou-960613","format":"[Gen 1] OU","players":["TheStupe","violet river"],"log":"|inactive|Battle timer is ON: inactive players will automatically lose when time's up.\n|t:|1785546057\n|gametype|singles\n|player|p1|TheStupe|psychicf-gen4|\n|player|p2|violet river|#advplvi|\n|gen|1\n|tier|[Gen 1] OU\n|rule|Desync Clause Mod: Desyncs resolve to link battle behavior from the acting player's perspective.\n|rule|HP Percentage Mod: HP is shown in percentages\n|rule|Endless Battle Clause: Forcing endless battles is banned\n|rule|Sleep Clause Mod: Limit one foe put to sleep\n|rule|Freeze Clause Mod: Limit one foe frozen\n|rule|Species Clause: Limit one of each Pokémon\n|rule|OHKO Clause: OHKO moves are banned\n|rule|Evasion Moves Clause: Evasion moves are banned\n|\n|t:|1785546057\n|teamsize|p1|6\n|teamsize|p2|6\n|start\n|switch|p1a: Jynx|Jynx|100/100\n|switch|p2a: Gengar|Gengar|100/100\n|turn|1\n|c|☆TheStupe|glhf\n|c|☆violet river|hfhf\n|\n|t:|1785546070\n|switch|p1a: Rhydon|Rhydon|100/100\n|move|p2a: Gengar|Explosion|p1a: Rhydon\n|-resisted|p1a: Rhydon\n|-damage|p1a: Rhydon|78/100\n|faint|p2a: Gengar\n|\n|t:|1785546074\n|switch|p2a: Exeggutor|Exeggutor|100/100\n|turn|2\n|\n|t:|1785546099\n|switch|p1a: Jynx|Jynx|100/100\n|move|p2a: Exeggutor|Sleep Powder|p1a: Jynx|[miss]\n|-miss|p2a: Exeggutor\n|\n|upkeep\n|turn|3\n|c|☆violet river|ok\n|c|☆violet river|gg\n|\n|t:|1785546104\n|move|p1a: Jynx|Lovely Kiss|p2a: Exeggutor|[miss]\n|-miss|p1a: Jynx\n|move|p2a: Exeggutor|Explosion|p1a: Jynx\n|-damage|p1a: Jynx|0 fnt\n|faint|p1a: Jynx\n|faint|p2a: Exeggutor\n|c|☆TheStupe|sorry\n|c|☆violet river|nvm\n|c|☆violet river|can win.\n|c|☆TheStupe|The equalizer\n|inactive|TheStupe has 270 seconds left.\n|\n|t:|1785546132\n|switch|p1a: Chansey|Chansey|100/100\n|switch|p2a: Hypno|Hypno|100/100\n|turn|4\n|inactive|TheStupe has 270 seconds left.\n|inactive|TheStupe has 240 seconds left.\n|\n|t:|1785546168\n|move|p2a: Hypno|Hypnosis|p1a: Chansey|[miss]\n|-miss|p2a: Hypno\n|move|p1a: Chansey|Thunder Wave|p2a: Hypno\n|-status|p2a: Hypno|par\n|\n|upkeep\n|turn|5\n|\n|t:|1785546172\n|move|p1a: Chansey|Ice Beam|p2a: Hypno\n|-damage|p2a: Hypno|81/100 par\n|move|p2a: Hypno|Hypnosis|p1a: Chansey|[miss]\n|-miss|p2a: Hypno\n|\n|upkeep\n|turn|6\n|\n|t:|1785546174\n|move|p1a: Chansey|Ice Beam|p2a: Hypno\n|-damage|p2a: Hypno|62/100 par\n|move|p2a: Hypno|Hypnosis|p1a: Chansey\n|-status|p1a: Chansey|slp|[from] move: Hypnosis\n|\n|upkeep\n|turn|7\n|\n|t:|1785546197\n|switch|p1a: Snorlax|Snorlax|100/100\n|cant|p2a: Hypno|par\n|\n|upkeep\n|turn|8\n|\n|t:|1785546201\n|switch|p2a: Snorlax|Snorlax|100/100\n|move|p1a: Snorlax|Body Slam|p2a: Snorlax\n|-damage|p2a: Snorlax|73/100\n|\n|upkeep\n|turn|9\n|\n|t:|1785546205\n|move|p1a: Snorlax|Body Slam|p2a: Snorlax\n|-damage|p2a: Snorlax|44/100\n|move|p2a: Snorlax|Body Slam|p1a: Snorlax\n|-damage|p1a: Snorlax|76/100\n|\n|upkeep\n|turn|10\n|\n|t:|1785546208\n|move|p1a: Snorlax|Reflect|p1a: Snorlax\n|-start|p1a: Snorlax|Reflect\n|move|p2a: Snorlax|Counter|p1a: Snorlax\n|-fail|p2a: Snorlax\n|\n|upkeep\n|turn|11\n|\n|t:|1785546210\n|move|p1a: Snorlax|Earthquake|p2a: Snorlax\n|-damage|p2a: Snorlax|23/100\n|move|p2a: Snorlax|Counter|p1a: Snorlax\n|-fail|p2a: Snorlax\n|\n|upkeep\n|turn|12\n|\n|t:|1785546213\n|move|p2a: Snorlax|Self-Destruct|p1a: Snorlax\n|-damage|p1a: Snorlax|37/100\n|faint|p2a: Snorlax\n|\n|t:|1785546228\n|switch|p2a: Zapdos|Zapdos|100/100\n|turn|13\n|\n|t:|1785546232\n|switch|p1a: Rhydon|Rhydon|78/100\n|move|p2a: Zapdos|Thunderbolt|p1a: Rhydon\n|-immune|p1a: Rhydon\n|\n|upkeep\n|turn|14\n|\n|t:|1785546236\n|switch|p2a: Tauros|Tauros|100/100\n|move|p1a: Rhydon|Substitute|p1a: Rhydon\n|-start|p1a: Rhydon|Substitute\n|-damage|p1a: Rhydon|53/100\n|\n|upkeep\n|turn|15\n|\n|t:|1785546238\n|move|p2a: Tauros|Earthquake|p1a: Rhydon\n|-crit|p1a: Rhydon\n|-supereffective|p1a: Rhydon\n|-end|p1a: Rhydon|Substitute\n|move|p1a: Rhydon|Earthquake|p2a: Tauros\n|-damage|p2a: Tauros|61/100\n|\n|upkeep\n|turn|16\n|\n|t:|1785546242\n|switch|p1a: Starmie|Starmie|100/100\n|move|p2a: Tauros|Body Slam|p1a: Starmie\n|-damage|p1a: Starmie|64/100\n|\n|upkeep\n|turn|17\n|\n|t:|1785546248\n|switch|p2a: Hypno|Hypno|62/100 par\n|move|p1a: Starmie|Blizzard|p2a: Hypno\n|-damage|p2a: Hypno|40/100 par\n|\n|upkeep\n|turn|18\n|\n|t:|1785546258\n|move|p1a: Starmie|Recover|p1a: Starmie\n|-heal|p1a: Starmie|100/100\n|move|p2a: Hypno|Thunder Wave|p1a: Starmie\n|-status|p1a: Starmie|par\n|\n|upkeep\n|turn|19\n|\n|t:|1785546262\n|move|p1a: Starmie|Blizzard|p2a: Hypno\n|-damage|p2a: Hypno|15/100 par\n|move|p2a: Hypno|Rest|p2a: Hypno\n|-status|p2a: Hypno|slp|[from] move: Rest\n|-heal|p2a: Hypno|100/100 slp|[silent]\n|\n|upkeep\n|turn|20\n|\n|t:|1785546271\n|switch|p1a: Snorlax|Snorlax|37/100\n|switch|p2a: Tauros|Tauros|61/100\n|\n|upkeep\n|turn|21\n|\n|t:|1785546292\n|move|p2a: Tauros|Hyper Beam|p1a: Snorlax\n|-damage|p1a: Snorlax|0 fnt\n|faint|p1a: Snorlax\n|\n|t:|1785546294\n|switch|p1a: Tauros|Tauros|100/100\n|turn|22\n|\n|t:|1785546305\n|switch|p2a: Zapdos|Zapdos|100/100\n|move|p1a: Tauros|Body Slam|p2a: Zapdos\n|-damage|p2a: Zapdos|72/100\n|\n|upkeep\n|turn|23\n|\n|t:|1785546315\n|switch|p1a: Rhydon|Rhydon|53/100\n|move|p2a: Zapdos|Thunder Wave|p1a: Rhydon\n|-immune|p1a: Rhydon\n|\n|upkeep\n|turn|24\n|\n|t:|1785546325\n|switch|p2a: Tauros|Tauros|61/100\n|move|p1a: Rhydon|Earthquake|p2a: Tauros\n|-damage|p2a: Tauros|23/100\n|\n|upkeep\n|turn|25\n|\n|t:|1785546340\n|switch|p2a: Hypno|Hypno|100/100 slp\n|switch|p1a: Starmie|Starmie|100/100 par\n|\n|upkeep\n|turn|26\n|\n|t:|1785546348\n|cant|p2a: Hypno|slp\n|cant|p1a: Starmie|par\n|\n|upkeep\n|turn|27\n|\n|t:|1785546352\n|-curestatus|p2a: Hypno|slp|[msg]\n|move|p1a: Starmie|Thunder Wave|p2a: Hypno\n|-status|p2a: Hypno|par\n|\n|upkeep\n|turn|28\n|\n|t:|1785546354\n|move|p1a: Starmie|Psychic|p2a: Hypno\n|-resisted|p2a: Hypno\n|-damage|p2a: Hypno|88/100 par\n|cant|p2a: Hypno|par\n|\n|upkeep\n|turn|29\n|\n|t:|1785546356\n|move|p1a: Starmie|Psychic|p2a: Hypno\n|-crit|p2a: Hypno\n|-resisted|p2a: Hypno\n|-damage|p2a: Hypno|61/100 par\n|move|p2a: Hypno|Psychic|p1a: Starmie\n|-resisted|p1a: Starmie\n|-damage|p1a: Starmie|83/100 par\n|-unboost|p1a: Starmie|spa|1\n|-unboost|p1a: Starmie|spd|1\n|\n|upkeep\n|turn|30\n|\n|t:|1785546360\n|cant|p2a: Hypno|par\n|move|p1a: Starmie|Psychic|p2a: Hypno\n|-crit|p2a: Hypno\n|-resisted|p2a: Hypno\n|-damage|p2a: Hypno|37/100 par\n|\n|upkeep\n|turn|31\n|\n|t:|1785546364\n|move|p2a: Hypno|Psychic|p1a: Starmie\n|-resisted|p1a: Starmie\n|-damage|p1a: Starmie|55/100 par\n|move|p1a: Starmie|Psychic|p2a: Hypno\n|-resisted|p2a: Hypno\n|-damage|p2a: Hypno|28/100 par\n|\n|upkeep\n|turn|32\n|\n|t:|1785546365\n|move|p2a: Hypno|Psychic|p1a: Starmie\n|-resisted|p1a: Starmie\n|-damage|p1a: Starmie|30/100 par\n|-unboost|p1a: Starmie|spa|1\n|-unboost|p1a: Starmie|spd|1\n|move|p1a: Starmie|Recover|p1a: Starmie\n|-heal|p1a: Starmie|80/100 par\n|\n|upkeep\n|turn|33\n|\n|t:|1785546367\n|cant|p2a: Hypno|par\n|move|p1a: Starmie|Recover|p1a: Starmie\n|-heal|p1a: Starmie|100/100 par\n|\n|upkeep\n|turn|34\n|\n|t:|1785546369\n|cant|p2a: Hypno|par\n|cant|p1a: Starmie|par\n|\n|upkeep\n|turn|35\n|\n|t:|1785546371\n|move|p2a: Hypno|Psychic|p1a: Starmie\n|-resisted|p1a: Starmie\n|-damage|p1a: Starmie|67/100 par\n|move|p1a: Starmie|Psychic|p2a: Hypno\n|-resisted|p2a: Hypno\n|-damage|p2a: Hypno|21/100 par\n|\n|upkeep\n|turn|36\n|\n|t:|1785546372\n|move|p2a: Hypno|Psychic|p1a: Starmie\n|-resisted|p1a: Starmie\n|-damage|p1a: Starmie|33/100 par\n|cant|p1a: Starmie|par\n|\n|upkeep\n|turn|37\n|\n|t:|1785546378\n|move|p2a: Hypno|Rest|p2a: Hypno\n|-status|p2a: Hypno|slp|[from] move: Rest\n|-heal|p2a: Hypno|100/100 slp|[silent]\n|move|p1a: Starmie|Recover|p1a: Starmie\n|-heal|p1a: Starmie|83/100 par\n|\n|upkeep\n|turn|38\n|\n|t:|1785546382\n|switch|p1a: Tauros|Tauros|100/100\n|cant|p2a: Hypno|slp\n|\n|upkeep\n|turn|39\n|\n|t:|1785546384\n|move|p1a: Tauros|Body Slam|p2a: Hypno\n|-damage|p2a: Hypno|65/100 slp\n|-curestatus|p2a: Hypno|slp|[msg]\n|\n|upkeep\n|turn|40\n|\n|t:|1785546398\n|switch|p1a: Starmie|Starmie|83/100 par\n|switch|p2a: Zapdos|Zapdos|72/100\n|\n|upkeep\n|turn|41\n|\n|t:|1785546405\n|switch|p2a: Tauros|Tauros|23/100\n|switch|p1a: Rhydon|Rhydon|53/100\n|\n|upkeep\n|turn|42\n|\n|t:|1785546410\n|switch|p1a: Chansey|Chansey|100/100 slp\n|move|p2a: Tauros|Body Slam|p1a: Chansey\n|-crit|p1a: Chansey\n|-damage|p1a: Chansey|20/100 slp\n|\n|upkeep\n|turn|43\n|\n|t:|1785546420\n|move|p2a: Tauros|Body Slam|p1a: Chansey\n|-damage|p1a: Chansey|0 fnt\n|faint|p1a: Chansey\n|\n|t:|1785546421\n|switch|p1a: Tauros|Tauros|100/100\n|turn|44\n|\n|t:|1785546423\n|switch|p2a: Zapdos|Zapdos|72/100\n|move|p1a: Tauros|Body Slam|p2a: Zapdos\n|-damage|p2a: Zapdos|41/100\n|\n|upkeep\n|turn|45\n|\n|t:|1785546433\n|switch|p1a: Rhydon|Rhydon|53/100\n|switch|p2a: Hypno|Hypno|65/100\n|\n|upkeep\n|turn|46\n|\n|t:|1785546439\n|switch|p1a: Starmie|Starmie|83/100 par\n|move|p2a: Hypno|Psychic|p1a: Starmie\n|-resisted|p1a: Starmie\n|-damage|p1a: Starmie|66/100 par\n|\n|upkeep\n|turn|47\n|\n|t:|1785546443\n|move|p2a: Hypno|Psychic|p1a: Starmie\n|-resisted|p1a: Starmie\n|-damage|p1a: Starmie|49/100 par\n|move|p1a: Starmie|Recover|p1a: Starmie\n|-heal|p1a: Starmie|99/100 par\n|\n|upkeep\n|turn|48\n|\n|t:|1785546447\n|switch|p2a: Zapdos|Zapdos|41/100\n|move|p1a: Starmie|Thunder Wave|p2a: Zapdos\n|-status|p2a: Zapdos|par\n|\n|upkeep\n|turn|49\n|\n|t:|1785546449\n|switch|p1a: Rhydon|Rhydon|53/100\n|switch|p2a: Tauros|Tauros|23/100\n|\n|upkeep\n|turn|50\n|\n|t:|1785546454\n|switch|p1a: Starmie|Starmie|99/100 par\n|move|p2a: Tauros|Body Slam|p1a: Starmie\n|-damage|p1a: Starmie|67/100 par\n|\n|upkeep\n|turn|51\n|\n|t:|1785546459\n|move|p2a: Tauros|Body Slam|p1a: Starmie\n|-damage|p1a: Starmie|32/100 par\n|move|p1a: Starmie|Psychic|p2a: Tauros\n|-damage|p2a: Tauros|0 fnt\n|faint|p2a: Tauros\n|\n|t:|1785546462\n|switch|p2a: Hypno|Hypno|65/100\n|turn|52\n|\n|t:|1785546465\n|move|p2a: Hypno|Psychic|p1a: Starmie\n|-resisted|p1a: Starmie\n|-damage|p1a: Starmie|14/100 par\n|move|p1a: Starmie|Recover|p1a: Starmie\n|-heal|p1a: Starmie|64/100 par\n|\n|upkeep\n|turn|53\n|c|☆violet river|gg\n|c|☆TheStupe|gg\n|\n|t:|1785546471\n|move|p2a: Hypno|Psychic|p1a: Starmie\n|-resisted|p1a: Starmie\n|-damage|p1a: Starmie|45/100 par\n|-unboost|p1a: Starmie|spa|1\n|-unboost|p1a: Starmie|spd|1\n|cant|p1a: Starmie|par\n|\n|upkeep\n|turn|54\n|\n|t:|1785546473\n|move|p2a: Hypno|Psychic|p1a: Starmie\n|-resisted|p1a: Starmie\n|-damage|p1a: Starmie|18/100 par\n|cant|p1a: Starmie|par\n|\n|upkeep\n|turn|55\n|\n|t:|1785546476\n|move|p2a: Hypno|Psychic|p1a: Starmie\n|-resisted|p1a: Starmie\n|-damage|p1a: Starmie|0 fnt\n|faint|p1a: Starmie\n|\n|t:|1785546482\n|switch|p1a: Tauros|Tauros|100/100\n|turn|56\n|\n|t:|1785546484\n|move|p1a: Tauros|Body Slam|p2a: Hypno\n|-damage|p2a: Hypno|29/100\n|move|p2a: Hypno|Hypnosis|p1a: Tauros\n|-status|p1a: Tauros|slp|[from] move: Hypnosis\n|\n|upkeep\n|turn|57\n|\n|t:|1785546488\n|cant|p1a: Tauros|slp\n|move|p2a: Hypno|Psychic|p1a: Tauros\n|-damage|p1a: Tauros|56/100 slp\n|\n|upkeep\n|turn|58\n|\n|t:|1785546491\n|cant|p1a: Tauros|slp\n|move|p2a: Hypno|Psychic|p1a: Tauros\n|-damage|p1a: Tauros|14/100 slp\n|\n|upkeep\n|turn|59\n|\n|t:|1785546492\n|cant|p1a: Tauros|slp\n|move|p2a: Hypno|Psychic|p1a: Tauros\n|-damage|p1a: Tauros|0 fnt\n|faint|p1a: Tauros\n|\n|t:|1785546493\n|switch|p1a: Rhydon|Rhydon|53/100\n|turn|60\n|\n|t:|1785546495\n|move|p2a: Hypno|Hypnosis|p1a: Rhydon|[miss]\n|-miss|p2a: Hypno\n|move|p1a: Rhydon|Earthquake|p2a: Hypno\n|-damage|p2a: Hypno|0 fnt\n|faint|p2a: Hypno\n|\n|t:|1785546496\n|switch|p2a: Zapdos|Zapdos|41/100 par\n|turn|61\n|\n|t:|1785546499\n|move|p1a: Rhydon|Body Slam|p2a: Zapdos\n|-damage|p2a: Zapdos|18/100 par\n|move|p2a: Zapdos|Drill Peck|p1a: Rhydon\n|-resisted|p1a: Rhydon\n|-damage|p1a: Rhydon|44/100\n|\n|upkeep\n|turn|62\n|c|☆violet river|nearly xd\n|\n|t:|1785546502\n|move|p1a: Rhydon|Body Slam|p2a: Zapdos\n|-damage|p2a: Zapdos|0 fnt\n|faint|p2a: Zapdos\n|\n|win|TheStupe\n|c|☆TheStupe|Almost\n","uploadtime":1785546502,"views":"65","formatid":"gen1ou","rating":null,"private":0,"password":null}