{"id":"smogtours-gen1ou-906578","format":"[Gen 1] OU","players":["nicole7735","Ct0wn"],"log":"|inactive|Battle timer is ON: inactive players will automatically lose when time's up.\n|t:|1770507138\n|gametype|singles\n|player|p1|nicole7735|#splxviiscooters|\n|player|p2|Ct0wn|#splxviiclassiest2|\n|gen|1\n|tier|[Gen 1] OU\n|rule|Desync Clause Mod: Desyncs changed to move failure.\n|rule|Sleep Clause Mod: Limit one foe put to sleep\n|rule|Freeze Clause Mod: Limit one foe frozen\n|rule|Species Clause: Limit one of each Pokémon\n|rule|OHKO Clause: OHKO moves are banned\n|rule|Evasion Moves Clause: Evasion moves are banned\n|rule|Endless Battle Clause: Forcing endless battles is banned\n|rule|HP Percentage Mod: HP is shown in percentages\n|\n|t:|1770507138\n|teamsize|p1|6\n|teamsize|p2|6\n|start\n|switch|p1a: Starmie|Starmie|100/100\n|switch|p2a: Gengar|Gengar|100/100\n|turn|1\n|c|☆nicole7735|hf\n|inactive|nicole7735 has 270 seconds left.\n|inactive|Ct0wn has 270 seconds left.\n|c|☆Ct0wn|Hf\n|\n|t:|1770507173\n|switch|p2a: Jynx|Jynx|100/100\n|move|p1a: Starmie|Psychic|p2a: Jynx\n|-resisted|p2a: Jynx\n|-damage|p2a: Jynx|85/100\n|\n|upkeep\n|turn|2\n|\n|t:|1770507177\n|move|p1a: Starmie|Thunder Wave|p2a: Jynx|[miss]\n|-miss|p1a: Starmie\n|-hint|In Gen 1, moves with 100% accuracy can still miss 1/256 of the time.\n|move|p2a: Jynx|Lovely Kiss|p1a: Starmie|[miss]\n|-miss|p2a: Jynx\n|\n|upkeep\n|turn|3\n|\n|t:|1770507181\n|move|p1a: Starmie|Thunder Wave|p2a: Jynx\n|-status|p2a: Jynx|par\n|move|p2a: Jynx|Lovely Kiss|p1a: Starmie\n|-status|p1a: Starmie|slp|[from] move: Lovely Kiss\n|\n|upkeep\n|turn|4\n|\n|t:|1770507185\n|switch|p2a: Tauros|Tauros|100/100\n|cant|p1a: Starmie|slp\n|\n|upkeep\n|turn|5\n|\n|t:|1770507191\n|switch|p1a: Snorlax|Snorlax|100/100\n|move|p2a: Tauros|Body Slam|p1a: Snorlax\n|-damage|p1a: Snorlax|76/100\n|\n|upkeep\n|turn|6\n|\n|t:|1770507197\n|move|p2a: Tauros|Body Slam|p1a: Snorlax\n|-damage|p1a: Snorlax|49/100\n|move|p1a: Snorlax|Body Slam|p2a: Tauros\n|-damage|p2a: Tauros|68/100\n|\n|upkeep\n|turn|7\n|\n|t:|1770507203\n|switch|p2a: Starmie|Starmie|100/100\n|move|p1a: Snorlax|Body Slam|p2a: Starmie\n|-damage|p2a: Starmie|61/100\n|\n|upkeep\n|turn|8\n|\n|t:|1770507212\n|switch|p1a: Chansey|Chansey|100/100\n|move|p2a: Starmie|Thunder Wave|p1a: Chansey\n|-status|p1a: Chansey|par\n|\n|upkeep\n|turn|9\n|\n|t:|1770507216\n|switch|p2a: Jynx|Jynx|85/100 par\n|move|p1a: Chansey|Sing|p2a: Jynx\n|-fail|p2a: Jynx\n|\n|upkeep\n|turn|10\n|\n|t:|1770507218\n|cant|p2a: Jynx|par\n|move|p1a: Chansey|Seismic Toss|p2a: Jynx\n|-damage|p2a: Jynx|55/100 par\n|\n|upkeep\n|turn|11\n|\n|t:|1770507227\n|switch|p2a: Gengar|Gengar|100/100\n|move|p1a: Chansey|Seismic Toss|p2a: Gengar\n|-damage|p2a: Gengar|70/100\n|\n|upkeep\n|turn|12\n|\n|t:|1770507232\n|move|p2a: Gengar|Psychic|p1a: Chansey\n|-damage|p1a: Chansey|88/100 par\n|move|p1a: Chansey|Thunder Wave|p2a: Gengar\n|-status|p2a: Gengar|par\n|\n|upkeep\n|turn|13\n|\n|t:|1770507240\n|move|p2a: Gengar|Psychic|p1a: Chansey\n|-damage|p1a: Chansey|76/100 par\n|move|p1a: Chansey|Seismic Toss|p2a: Gengar\n|-damage|p2a: Gengar|39/100 par\n|\n|upkeep\n|turn|14\n|\n|t:|1770507244\n|switch|p1a: Exeggutor|Exeggutor|100/100\n|move|p2a: Gengar|Psychic|p1a: Exeggutor\n|-crit|p1a: Exeggutor\n|-resisted|p1a: Exeggutor\n|-damage|p1a: Exeggutor|83/100\n|-unboost|p1a: Exeggutor|spa|1\n|-unboost|p1a: Exeggutor|spd|1\n|\n|upkeep\n|turn|15\n|\n|t:|1770507250\n|switch|p2a: Jynx|Jynx|55/100 par\n|move|p1a: Exeggutor|Psychic|p2a: Jynx\n|-resisted|p2a: Jynx\n|-damage|p2a: Jynx|43/100 par\n|\n|upkeep\n|turn|16\n|\n|t:|1770507254\n|switch|p1a: Chansey|Chansey|76/100 par\n|move|p2a: Jynx|Blizzard|p1a: Chansey\n|-damage|p1a: Chansey|57/100 par\n|\n|upkeep\n|turn|17\n|\n|t:|1770507263\n|switch|p2a: Snorlax|Snorlax|100/100\n|cant|p1a: Chansey|par\n|\n|upkeep\n|turn|18\n|\n|t:|1770507290\n|switch|p1a: Exeggutor|Exeggutor|83/100\n|move|p2a: Snorlax|Body Slam|p1a: Exeggutor\n|-damage|p1a: Exeggutor|52/100\n|\n|upkeep\n|turn|19\n|inactive|nicole7735 has 270 seconds left.\n|\n|t:|1770507315\n|switch|p2a: Jynx|Jynx|43/100 par\n|move|p1a: Exeggutor|Psychic|p2a: Jynx\n|-resisted|p2a: Jynx\n|-damage|p2a: Jynx|25/100 par\n|\n|upkeep\n|turn|20\n|inactive|nicole7735 has 270 seconds left.\n|\n|t:|1770507322\n|switch|p1a: Chansey|Chansey|57/100 par\n|move|p2a: Jynx|Blizzard|p1a: Chansey\n|-damage|p1a: Chansey|39/100 par\n|\n|upkeep\n|turn|21\n|\n|t:|1770507327\n|switch|p2a: Gengar|Gengar|39/100 par\n|move|p1a: Chansey|Soft-Boiled|p1a: Chansey\n|-heal|p1a: Chansey|89/100 par\n|\n|upkeep\n|turn|22\n|\n|t:|1770507337\n|switch|p1a: Rhydon|Rhydon|100/100\n|cant|p2a: Gengar|par\n|\n|upkeep\n|turn|23\n|\n|t:|1770507345\n|switch|p2a: Starmie|Starmie|61/100\n|move|p1a: Rhydon|Earthquake|p2a: Starmie\n|-damage|p2a: Starmie|15/100\n|\n|upkeep\n|turn|24\n|\n|t:|1770507353\n|switch|p1a: Chansey|Chansey|89/100 par\n|move|p2a: Starmie|Surf|p1a: Chansey\n|-damage|p1a: Chansey|74/100 par\n|\n|upkeep\n|turn|25\n|\n|t:|1770507377\n|move|p2a: Starmie|Recover|p2a: Starmie\n|-heal|p2a: Starmie|65/100\n|move|p1a: Chansey|Seismic Toss|p2a: Starmie\n|-damage|p2a: Starmie|34/100\n|\n|upkeep\n|turn|26\n|\n|t:|1770507384\n|move|p2a: Starmie|Recover|p2a: Starmie\n|-heal|p2a: Starmie|84/100\n|move|p1a: Chansey|Thunder Wave|p2a: Starmie\n|-status|p2a: Starmie|par\n|\n|upkeep\n|turn|27\n|\n|t:|1770507406\n|move|p2a: Starmie|Surf|p1a: Chansey\n|-damage|p1a: Chansey|59/100 par\n|move|p1a: Chansey|Thunder Wave|p2a: Starmie\n|-fail|p2a: Starmie|par\n|\n|upkeep\n|turn|28\n|\n|t:|1770507412\n|switch|p2a: Snorlax|Snorlax|100/100\n|move|p1a: Chansey|Soft-Boiled|p1a: Chansey\n|-heal|p1a: Chansey|100/100 par\n|\n|upkeep\n|turn|29\n|\n|t:|1770507419\n|move|p2a: Snorlax|Body Slam|p1a: Chansey\n|-damage|p1a: Chansey|62/100 par\n|move|p1a: Chansey|Thunder Wave|p2a: Snorlax\n|-status|p2a: Snorlax|par\n|\n|upkeep\n|turn|30\n|\n|t:|1770507427\n|switch|p1a: Snorlax|Snorlax|49/100\n|move|p2a: Snorlax|Body Slam|p1a: Snorlax\n|-damage|p1a: Snorlax|24/100\n|\n|upkeep\n|turn|31\n|inactive|nicole7735 has 270 seconds left.\n|\n|t:|1770507465\n|switch|p2a: Jynx|Jynx|25/100 par\n|move|p1a: Snorlax|Reflect|p1a: Snorlax\n|-start|p1a: Snorlax|Reflect\n|\n|upkeep\n|turn|32\n|inactive|nicole7735 has 270 seconds left.\n|\n|t:|1770507476\n|move|p1a: Snorlax|Body Slam|p2a: Jynx\n|-damage|p2a: Jynx|0 fnt\n|faint|p2a: Jynx\n|\n|t:|1770507480\n|switch|p2a: Alakazam|Alakazam|100/100\n|turn|33\n|inactive|nicole7735 has 270 seconds left.\n|inactive|nicole7735 has 240 seconds left.\n|\n|t:|1770507529\n|switch|p1a: Starmie|Starmie|100/100 slp\n|move|p2a: Alakazam|Psychic|p1a: Starmie\n|-crit|p1a: Starmie\n|-resisted|p1a: Starmie\n|-damage|p1a: Starmie|61/100 slp\n|-unboost|p1a: Starmie|spa|1\n|-unboost|p1a: Starmie|spd|1\n|\n|upkeep\n|turn|34\n|rated|Smogon Premier League\n|\n|t:|1770507538\n|move|p2a: Alakazam|Psychic|p1a: Starmie\n|-resisted|p1a: Starmie\n|-damage|p1a: Starmie|29/100 slp\n|cant|p1a: Starmie|slp\n|\n|upkeep\n|turn|35\n|\n|t:|1770507554\n|move|p2a: Alakazam|Psychic|p1a: Starmie\n|-crit|p1a: Starmie\n|-resisted|p1a: Starmie\n|-damage|p1a: Starmie|0 fnt\n|faint|p1a: Starmie\n|inactive|nicole7735 has 240 seconds left.\n|\n|t:|1770507580\n|switch|p1a: Chansey|Chansey|62/100 par\n|turn|36\n|\n|t:|1770507594\n|switch|p2a: Snorlax|Snorlax|100/100 par\n|cant|p1a: Chansey|par\n|\n|upkeep\n|turn|37\n|\n|t:|1770507606\n|switch|p1a: Rhydon|Rhydon|100/100\n|cant|p2a: Snorlax|par\n|\n|upkeep\n|turn|38\n|\n|t:|1770507621\n|switch|p2a: Gengar|Gengar|39/100 par\n|move|p1a: Rhydon|Earthquake|p2a: Gengar\n|-supereffective|p2a: Gengar\n|-damage|p2a: Gengar|0 fnt\n|faint|p2a: Gengar\n|\n|t:|1770507624\n|switch|p2a: Tauros|Tauros|68/100\n|turn|39\n|inactive|nicole7735 has 270 seconds left.\n|inactive|nicole7735 has 240 seconds left.\n|inactive|nicole7735 has 210 seconds left.\n|inactive|nicole7735 has 180 seconds left.\n|inactive|nicole7735 has 150 seconds left.\n|\n|t:|1770507771\n|switch|p1a: Exeggutor|Exeggutor|52/100\n|move|p2a: Tauros|Blizzard|p1a: Exeggutor\n|-supereffective|p1a: Exeggutor\n|-damage|p1a: Exeggutor|18/100\n|\n|upkeep\n|turn|40\n|\n|t:|1770507777\n|move|p2a: Tauros|Body Slam|p1a: Exeggutor\n|-damage|p1a: Exeggutor|0 fnt\n|faint|p1a: Exeggutor\n|\n|t:|1770507781\n|switch|p1a: Tauros|Tauros|100/100\n|turn|41\n|\n|t:|1770507806\n|move|p2a: Tauros|Body Slam|p1a: Tauros\n|-damage|p1a: Tauros|72/100\n|move|p1a: Tauros|Body Slam|p2a: Tauros\n|-crit|p2a: Tauros\n|-damage|p2a: Tauros|8/100\n|\n|upkeep\n|turn|42\n|\n|t:|1770507811\n|switch|p2a: Snorlax|Snorlax|100/100 par\n|move|p1a: Tauros|Body Slam|p2a: Snorlax\n|-damage|p2a: Snorlax|74/100 par\n|\n|upkeep\n|turn|43\n|\n|t:|1770507827\n|switch|p1a: Rhydon|Rhydon|100/100\n|move|p2a: Snorlax|Earthquake|p1a: Rhydon\n|-supereffective|p1a: Rhydon\n|-damage|p1a: Rhydon|63/100\n|\n|upkeep\n|turn|44\n|\n|t:|1770507851\n|move|p1a: Rhydon|Earthquake|p2a: Snorlax\n|-damage|p2a: Snorlax|38/100 par\n|cant|p2a: Snorlax|par\n|\n|upkeep\n|turn|45\n|\n|t:|1770507856\n|move|p1a: Rhydon|Earthquake|p2a: Snorlax\n|-damage|p2a: Snorlax|2/100 par\n|move|p2a: Snorlax|Earthquake|p1a: Rhydon\n|-supereffective|p1a: Rhydon\n|-damage|p1a: Rhydon|24/100\n|\n|upkeep\n|turn|46\n|\n|t:|1770507861\n|move|p1a: Rhydon|Earthquake|p2a: Snorlax\n|-damage|p2a: Snorlax|0 fnt\n|faint|p2a: Snorlax\n|\n|t:|1770507875\n|switch|p2a: Alakazam|Alakazam|100/100\n|turn|47\n|inactive|nicole7735 has 180 seconds left.\n|\n|t:|1770507921\n|move|p2a: Alakazam|Psychic|p1a: Rhydon\n|-damage|p1a: Rhydon|0 fnt\n|faint|p1a: Rhydon\n|\n|t:|1770507923\n|switch|p1a: Chansey|Chansey|62/100 par\n|turn|48\n|\n|t:|1770507928\n|switch|p2a: Starmie|Starmie|84/100 par\n|move|p1a: Chansey|Soft-Boiled|p1a: Chansey\n|-heal|p1a: Chansey|100/100 par\n|\n|upkeep\n|turn|49\n|\n|t:|1770507933\n|move|p2a: Starmie|Surf|p1a: Chansey\n|-damage|p1a: Chansey|85/100 par\n|move|p1a: Chansey|Seismic Toss|p2a: Starmie\n|-damage|p2a: Starmie|53/100 par\n|\n|upkeep\n|turn|50\n|\n|t:|1770507935\n|move|p2a: Starmie|Recover|p2a: Starmie\n|-heal|p2a: Starmie|100/100 par\n|cant|p1a: Chansey|par\n|\n|upkeep\n|turn|51\n|\n|t:|1770507939\n|move|p2a: Starmie|Thunder Wave|p1a: Chansey\n|-fail|p1a: Chansey|par\n|move|p1a: Chansey|Seismic Toss|p2a: Starmie\n|-damage|p2a: Starmie|70/100 par\n|\n|upkeep\n|turn|52\n|\n|t:|1770507941\n|move|p2a: Starmie|Recover|p2a: Starmie\n|-heal|p2a: Starmie|100/100 par\n|move|p1a: Chansey|Seismic Toss|p2a: Starmie\n|-damage|p2a: Starmie|70/100 par\n|\n|upkeep\n|turn|53\n|\n|t:|1770507943\n|move|p2a: Starmie|Recover|p2a: Starmie\n|-heal|p2a: Starmie|100/100 par\n|cant|p1a: Chansey|par\n|\n|upkeep\n|turn|54\n|\n|t:|1770507948\n|move|p2a: Starmie|Surf|p1a: Chansey\n|-crit|p1a: Chansey\n|-damage|p1a: Chansey|53/100 par\n|cant|p1a: Chansey|par\n|\n|upkeep\n|turn|55\n|\n|t:|1770507951\n|move|p2a: Starmie|Surf|p1a: Chansey\n|-crit|p1a: Chansey\n|-damage|p1a: Chansey|26/100 par\n|cant|p1a: Chansey|par\n|\n|upkeep\n|turn|56\n|\n|t:|1770507957\n|move|p2a: Starmie|Surf|p1a: Chansey\n|-damage|p1a: Chansey|9/100 par\n|move|p1a: Chansey|Soft-Boiled|p1a: Chansey\n|-heal|p1a: Chansey|59/100 par\n|\n|upkeep\n|turn|57\n|\n|t:|1770507962\n|move|p2a: Starmie|Thunderbolt|p1a: Chansey\n|-damage|p1a: Chansey|50/100 par\n|move|p1a: Chansey|Soft-Boiled|p1a: Chansey\n|-heal|p1a: Chansey|99/100 par\n|\n|upkeep\n|turn|58\n|\n|t:|1770507965\n|move|p2a: Starmie|Thunder Wave|p1a: Chansey\n|-fail|p1a: Chansey|par\n|cant|p1a: Chansey|par\n|\n|upkeep\n|turn|59\n|\n|t:|1770507967\n|move|p2a: Starmie|Thunder Wave|p1a: Chansey\n|-fail|p1a: Chansey|par\n|move|p1a: Chansey|Seismic Toss|p2a: Starmie\n|-damage|p2a: Starmie|70/100 par\n|\n|upkeep\n|turn|60\n|\n|t:|1770507970\n|cant|p2a: Starmie|par\n|move|p1a: Chansey|Seismic Toss|p2a: Starmie\n|-damage|p2a: Starmie|39/100 par\n|\n|upkeep\n|turn|61\n|\n|t:|1770507973\n|move|p2a: Starmie|Recover|p2a: Starmie\n|-heal|p2a: Starmie|88/100 par\n|cant|p1a: Chansey|par\n|\n|upkeep\n|turn|62\n|\n|t:|1770507975\n|move|p2a: Starmie|Thunderbolt|p1a: Chansey\n|-crit|p1a: Chansey\n|-damage|p1a: Chansey|78/100 par\n|move|p1a: Chansey|Seismic Toss|p2a: Starmie\n|-damage|p2a: Starmie|57/100 par\n|\n|upkeep\n|turn|63\n|\n|t:|1770507986\n|move|p2a: Starmie|Recover|p2a: Starmie\n|-heal|p2a: Starmie|100/100 par\n|cant|p1a: Chansey|par\n|\n|upkeep\n|turn|64\n|\n|t:|1770507989\n|move|p2a: Starmie|Surf|p1a: Chansey\n|-damage|p1a: Chansey|64/100 par\n|move|p1a: Chansey|Soft-Boiled|p1a: Chansey\n|-heal|p1a: Chansey|100/100 par\n|\n|upkeep\n|turn|65\n|\n|t:|1770507992\n|move|p2a: Starmie|Thunderbolt|p1a: Chansey\n|-crit|p1a: Chansey\n|-damage|p1a: Chansey|81/100 par\n|move|p1a: Chansey|Seismic Toss|p2a: Starmie\n|-damage|p2a: Starmie|70/100 par\n|\n|upkeep\n|turn|66\n|\n|t:|1770507996\n|cant|p2a: Starmie|par\n|cant|p1a: Chansey|par\n|\n|upkeep\n|turn|67\n|\n|t:|1770507997\n|move|p2a: Starmie|Recover|p2a: Starmie\n|-heal|p2a: Starmie|100/100 par\n|move|p1a: Chansey|Seismic Toss|p2a: Starmie\n|-damage|p2a: Starmie|70/100 par\n|\n|upkeep\n|turn|68\n|\n|t:|1770507999\n|move|p2a: Starmie|Recover|p2a: Starmie\n|-heal|p2a: Starmie|100/100 par\n|move|p1a: Chansey|Seismic Toss|p2a: Starmie\n|-damage|p2a: Starmie|70/100 par\n|\n|upkeep\n|turn|69\n|\n|t:|1770508001\n|move|p2a: Starmie|Recover|p2a: Starmie\n|-heal|p2a: Starmie|100/100 par\n|move|p1a: Chansey|Seismic Toss|p2a: Starmie\n|-damage|p2a: Starmie|70/100 par\n|\n|upkeep\n|turn|70\n|\n|t:|1770508003\n|move|p2a: Starmie|Recover|p2a: Starmie\n|-heal|p2a: Starmie|100/100 par\n|cant|p1a: Chansey|par\n|\n|upkeep\n|turn|71\n|\n|t:|1770508005\n|move|p2a: Starmie|Surf|p1a: Chansey\n|-damage|p1a: Chansey|65/100 par\n|move|p1a: Chansey|Seismic Toss|p2a: Starmie\n|-damage|p2a: Starmie|70/100 par\n|\n|upkeep\n|turn|72\n|\n|t:|1770508008\n|move|p2a: Starmie|Recover|p2a: Starmie\n|-heal|p2a: Starmie|100/100 par\n|move|p1a: Chansey|Soft-Boiled|p1a: Chansey\n|-heal|p1a: Chansey|100/100 par\n|\n|upkeep\n|turn|73\n|\n|t:|1770508012\n|move|p2a: Starmie|Surf|p1a: Chansey\n|-damage|p1a: Chansey|84/100 par\n|move|p1a: Chansey|Seismic Toss|p2a: Starmie\n|-damage|p2a: Starmie|70/100 par\n|\n|upkeep\n|turn|74\n|\n|t:|1770508021\n|move|p2a: Starmie|Recover|p2a: Starmie\n|-heal|p2a: Starmie|100/100 par\n|move|p1a: Chansey|Seismic Toss|p2a: Starmie\n|-damage|p2a: Starmie|70/100 par\n|\n|upkeep\n|turn|75\n|\n|t:|1770508023\n|cant|p2a: Starmie|par\n|move|p1a: Chansey|Seismic Toss|p2a: Starmie\n|-damage|p2a: Starmie|39/100 par\n|\n|upkeep\n|turn|76\n|\n|t:|1770508026\n|cant|p2a: Starmie|par\n|cant|p1a: Chansey|par\n|\n|upkeep\n|turn|77\n|\n|t:|1770508028\n|cant|p2a: Starmie|par\n|move|p1a: Chansey|Seismic Toss|p2a: Starmie\n|-damage|p2a: Starmie|8/100 par\n|\n|upkeep\n|turn|78\n|\n|t:|1770508056\n|move|p2a: Starmie|Recover|p2a: Starmie\n|-heal|p2a: Starmie|57/100 par\n|move|p1a: Chansey|Seismic Toss|p2a: Starmie\n|-damage|p2a: Starmie|27/100 par\n|\n|upkeep\n|turn|79\n|\n|t:|1770508059\n|switch|p1a: Snorlax|Snorlax|24/100\n|move|p2a: Starmie|Recover|p2a: Starmie\n|-heal|p2a: Starmie|76/100 par\n|\n|upkeep\n|turn|80\n|\n|t:|1770508074\n|move|p1a: Snorlax|Body Slam|p2a: Starmie\n|-damage|p2a: Starmie|37/100 par\n|move|p2a: Starmie|Surf|p1a: Snorlax\n|-damage|p1a: Snorlax|0 fnt\n|faint|p1a: Snorlax\n|\n|t:|1770508076\n|switch|p1a: Tauros|Tauros|72/100\n|turn|81\n|inactive|nicole7735 has 270 seconds left.\n|inactive|Ct0wn has 270 seconds left.\n|\n|t:|1770508119\n|move|p1a: Tauros|Hyper Beam|p2a: Starmie\n|-damage|p2a: Starmie|0 fnt\n|faint|p2a: Starmie\n|\n|t:|1770508121\n|switch|p2a: Alakazam|Alakazam|100/100\n|turn|82\n|\n|t:|1770508128\n|switch|p1a: Chansey|Chansey|84/100 par\n|move|p2a: Alakazam|Psychic|p1a: Chansey\n|-crit|p1a: Chansey\n|-damage|p1a: Chansey|50/100 par\n|-unboost|p1a: Chansey|spa|1\n|-unboost|p1a: Chansey|spd|1\n|\n|upkeep\n|turn|83\n|\n|t:|1770508134\n|move|p2a: Alakazam|Psychic|p1a: Chansey\n|-damage|p1a: Chansey|22/100 par\n|move|p1a: Chansey|Thunder Wave|p2a: Alakazam\n|-status|p2a: Alakazam|par\n|\n|upkeep\n|turn|84\n|\n|t:|1770508143\n|move|p2a: Alakazam|Psychic|p1a: Chansey\n|-damage|p1a: Chansey|0 fnt\n|faint|p1a: Chansey\n|\n|t:|1770508145\n|switch|p1a: Tauros|Tauros|72/100\n|turn|85\n|\n|t:|1770508152\n|move|p1a: Tauros|Body Slam|p2a: Alakazam\n|-damage|p2a: Alakazam|54/100 par\n|move|p2a: Alakazam|Thunder Wave|p1a: Tauros\n|-status|p1a: Tauros|par\n|\n|upkeep\n|turn|86\n|\n|t:|1770508155\n|move|p2a: Alakazam|Psychic|p1a: Tauros\n|-damage|p1a: Tauros|27/100 par\n|-unboost|p1a: Tauros|spa|1\n|-unboost|p1a: Tauros|spd|1\n|cant|p1a: Tauros|par\n|\n|upkeep\n|turn|87\n|\n|t:|1770508165\n|move|p2a: Alakazam|Psychic|p1a: Tauros\n|-crit|p1a: Tauros\n|-damage|p1a: Tauros|0 fnt\n|faint|p1a: Tauros\n|\n|win|Ct0wn\n|c|☆nicole7735|gg\n|c|☆Ct0wn|Gg\n|player|p1|\n","uploadtime":1770508165,"views":"1022","formatid":"gen1ou","rating":null,"private":0,"password":null}