{"id":"smogtours-gen1ou-818975","format":"[Gen 1] OU","players":["Sceptross","WarumFelix"],"log":"|inactive|Battle timer is ON: inactive players will automatically lose when time's up.\n|t:|1739112546\n|gametype|singles\n|player|p1|Sceptross|#splxvicryonicles|\n|player|p2|WarumFelix|hilbert|\n|teamsize|p1|6\n|teamsize|p2|6\n|gen|1\n|tier|[Gen 1] OU\n|rule|Desync Clause Mod: Desyncs changed to move failure.\n|rule|Sleep Clause Mod: Limit one foe put to sleep\n|rule|Freeze Clause Mod: Limit one foe frozen\n|rule|Species Clause: Limit one of each Pokémon\n|rule|OHKO Clause: OHKO moves are banned\n|rule|Evasion Moves Clause: Evasion moves are banned\n|rule|Endless Battle Clause: Forcing endless battles is banned\n|rule|HP Percentage Mod: HP is shown in percentages\n|\n|t:|1739112546\n|start\n|switch|p1a: Jynx|Jynx|100/100\n|switch|p2a: Starmie|Starmie|100/100\n|turn|1\n|c|☆WarumFelix|glhf\n|c|☆Sceptross|gl hf\n|inactive|Sceptross has 270 seconds left.\n|\n|t:|1739112587\n|move|p2a: Starmie|Thunder Wave|p1a: Jynx\n|-status|p1a: Jynx|par\n|move|p1a: Jynx|Lovely Kiss|p2a: Starmie\n|-status|p2a: Starmie|slp|[from] move: Lovely Kiss\n|\n|upkeep\n|turn|2\n|\n|t:|1739112608\n|cant|p2a: Starmie|slp\n|move|p1a: Jynx|Blizzard|p2a: Starmie\n|-resisted|p2a: Starmie\n|-damage|p2a: Starmie|79/100 slp\n|\n|upkeep\n|turn|3\n|\n|t:|1739112614\n|cant|p2a: Starmie|slp\n|cant|p1a: Jynx|par\n|\n|upkeep\n|turn|4\n|\n|t:|1739112618\n|switch|p2a: Chansey|Chansey|100/100\n|cant|p1a: Jynx|par\n|\n|upkeep\n|turn|5\n|\n|t:|1739112623\n|move|p2a: Chansey|Thunderbolt|p1a: Jynx\n|-damage|p1a: Jynx|77/100 par\n|move|p1a: Jynx|Blizzard|p2a: Chansey|[miss]\n|-miss|p1a: Jynx\n|\n|upkeep\n|turn|6\n|rated|Smogon Premier League\n|\n|t:|1739112649\n|switch|p1a: Chansey|Chansey|100/100\n|move|p2a: Chansey|Thunderbolt|p1a: Chansey\n|-damage|p1a: Chansey|90/100\n|\n|upkeep\n|turn|7\n|\n|t:|1739112653\n|move|p2a: Chansey|Thunder Wave|p1a: Chansey\n|-status|p1a: Chansey|par\n|move|p1a: Chansey|Thunder Wave|p2a: Chansey\n|-status|p2a: Chansey|par\n|\n|upkeep\n|turn|8\n|\n|t:|1739112660\n|move|p2a: Chansey|Ice Beam|p1a: Chansey\n|-damage|p1a: Chansey|80/100 par\n|move|p1a: Chansey|Thunder Wave|p2a: Chansey\n|-fail|p2a: Chansey|par\n|\n|upkeep\n|turn|9\n|\n|t:|1739112666\n|switch|p2a: Snorlax|Snorlax|100/100\n|cant|p1a: Chansey|par\n|\n|upkeep\n|turn|10\n|\n|t:|1739112681\n|move|p2a: Snorlax|Earthquake|p1a: Chansey\n|-damage|p1a: Chansey|46/100 par\n|move|p1a: Chansey|Thunder Wave|p2a: Snorlax\n|-status|p2a: Snorlax|par\n|\n|upkeep\n|turn|11\n|\n|t:|1739112692\n|move|p1a: Chansey|Soft-Boiled|p1a: Chansey\n|-heal|p1a: Chansey|96/100 par\n|move|p2a: Snorlax|Body Slam|p1a: Chansey\n|-damage|p1a: Chansey|52/100 par\n|\n|upkeep\n|turn|12\n|\n|t:|1739112697\n|switch|p1a: Snorlax|Snorlax|100/100\n|move|p2a: Snorlax|Earthquake|p1a: Snorlax\n|-damage|p1a: Snorlax|79/100\n|\n|upkeep\n|turn|13\n|\n|t:|1739112716\n|switch|p2a: Cloyster|Cloyster|100/100\n|move|p1a: Snorlax|Body Slam|p2a: Cloyster\n|-damage|p2a: Cloyster|76/100\n|-status|p2a: Cloyster|par\n|\n|upkeep\n|turn|14\n|\n|t:|1739112738\n|switch|p1a: Jynx|Jynx|77/100 par\n|move|p2a: Cloyster|Blizzard|p1a: Jynx|[miss]\n|-miss|p2a: Cloyster\n|\n|upkeep\n|turn|15\n|inactive|Sceptross has 270 seconds left.\n|\n|t:|1739112767\n|switch|p1a: Snorlax|Snorlax|79/100\n|switch|p2a: Exeggutor|Exeggutor|100/100\n|\n|upkeep\n|turn|16\n|inactive|Sceptross has 270 seconds left.\n|\n|t:|1739112778\n|move|p2a: Exeggutor|Psychic|p1a: Snorlax\n|-damage|p1a: Snorlax|47/100\n|move|p1a: Snorlax|Body Slam|p2a: Exeggutor\n|-damage|p2a: Exeggutor|72/100\n|\n|upkeep\n|turn|17\n|inactive|Sceptross has 270 seconds left.\n|inactive|WarumFelix has 270 seconds left.\n|\n|t:|1739112810\n|switch|p1a: Jynx|Jynx|77/100 par\n|move|p2a: Exeggutor|Sleep Powder|p1a: Jynx|[miss]\n|-miss|p2a: Exeggutor\n|\n|upkeep\n|turn|18\n|\n|t:|1739112833\n|switch|p1a: Chansey|Chansey|52/100 par\n|move|p2a: Exeggutor|Psychic|p1a: Chansey\n|-damage|p1a: Chansey|34/100 par\n|\n|upkeep\n|turn|19\n|inactive|WarumFelix has 240 seconds left.\n|inactive|Sceptross has 240 seconds left.\n|\n|t:|1739112870\n|switch|p1a: Starmie|Starmie|100/100\n|move|p2a: Exeggutor|Psychic|p1a: Starmie\n|-resisted|p1a: Starmie\n|-damage|p1a: Starmie|81/100\n|-unboost|p1a: Starmie|spa|1\n|-unboost|p1a: Starmie|spd|1\n|\n|upkeep\n|turn|20\n|inactive|Sceptross has 240 seconds left.\n|inactive|WarumFelix has 210 seconds left.\n|inactive|WarumFelix has 180 seconds left.\n|\n|t:|1739112940\n|switch|p1a: Jynx|Jynx|77/100 par\n|switch|p2a: Chansey|Chansey|100/100 par\n|\n|upkeep\n|turn|21\n|inactive|Sceptross has 240 seconds left.\n|\n|t:|1739112958\n|switch|p1a: Chansey|Chansey|34/100 par\n|move|p2a: Chansey|Thunderbolt|p1a: Chansey\n|-damage|p1a: Chansey|23/100 par\n|\n|upkeep\n|turn|22\n|\n|t:|1739112961\n|switch|p2a: Snorlax|Snorlax|100/100 par\n|move|p1a: Chansey|Soft-Boiled|p1a: Chansey\n|-heal|p1a: Chansey|72/100 par\n|\n|upkeep\n|turn|23\n|inactive|WarumFelix has 180 seconds left.\n|inactive|Sceptross has 240 seconds left.\n|\n|t:|1739112998\n|switch|p1a: Snorlax|Snorlax|47/100\n|move|p2a: Snorlax|Body Slam|p1a: Snorlax\n|-damage|p1a: Snorlax|20/100\n|\n|upkeep\n|turn|24\n|inactive|WarumFelix has 180 seconds left.\n|\n|t:|1739113014\n|switch|p2a: Cloyster|Cloyster|76/100 par\n|move|p1a: Snorlax|Rest|p1a: Snorlax\n|-status|p1a: Snorlax|slp|[from] move: Rest\n|-heal|p1a: Snorlax|100/100 slp|[silent]\n|\n|upkeep\n|turn|25\n|inactive|Sceptross has 210 seconds left.\n|\n|t:|1739113036\n|switch|p1a: Jynx|Jynx|77/100 par\n|move|p2a: Cloyster|Blizzard|p1a: Jynx\n|-resisted|p1a: Jynx\n|-damage|p1a: Jynx|59/100 par\n|\n|upkeep\n|turn|26\n|inactive|Sceptross has 210 seconds left.\n|\n|t:|1739113052\n|move|p1a: Jynx|Psychic|p2a: Cloyster\n|-damage|p2a: Cloyster|39/100 par\n|-unboost|p2a: Cloyster|spa|1\n|-unboost|p2a: Cloyster|spd|1\n|move|p2a: Cloyster|Blizzard|p1a: Jynx\n|-resisted|p1a: Jynx\n|-damage|p1a: Jynx|45/100 par\n|\n|upkeep\n|turn|27\n|inactive|WarumFelix has 180 seconds left.\n|inactive|Sceptross has 180 seconds left.\n|inactive|Sceptross has 150 seconds left.\n|\n|t:|1739113113\n|switch|p2a: Chansey|Chansey|100/100 par\n|move|p1a: Jynx|Psychic|p2a: Chansey\n|-damage|p2a: Chansey|87/100 par\n|\n|upkeep\n|turn|28\n|\n|t:|1739113124\n|switch|p1a: Snorlax|Snorlax|100/100 slp\n|move|p2a: Chansey|Thunderbolt|p1a: Snorlax\n|-crit|p1a: Snorlax\n|-damage|p1a: Snorlax|60/100 slp\n|\n|upkeep\n|turn|29\n|\n|t:|1739113128\n|switch|p2a: Tauros|Tauros|100/100\n|cant|p1a: Snorlax|slp\n|\n|upkeep\n|turn|30\n|inactive|Sceptross has 150 seconds left.\n|inactive|Sceptross has 120 seconds left.\n|\n|t:|1739113185\n|switch|p1a: Jynx|Jynx|45/100 par\n|move|p2a: Tauros|Body Slam|p1a: Jynx\n|-damage|p1a: Jynx|0 fnt\n|faint|p1a: Jynx\n|\n|t:|1739113187\n|switch|p1a: Starmie|Starmie|81/100\n|turn|31\n|inactive|Sceptross has 120 seconds left.\n|inactive|WarumFelix has 180 seconds left.\n|\n|t:|1739113207\n|switch|p1a: Snorlax|Snorlax|60/100 slp\n|switch|p2a: Chansey|Chansey|87/100 par\n|\n|upkeep\n|turn|32\n|inactive|WarumFelix has 180 seconds left.\n|\n|t:|1739113222\n|-curestatus|p1a: Snorlax|slp|[msg]\n|move|p2a: Chansey|Thunder Wave|p1a: Snorlax\n|-status|p1a: Snorlax|par\n|\n|upkeep\n|turn|33\n|\n|t:|1739113231\n|switch|p2a: Cloyster|Cloyster|39/100 par\n|move|p1a: Snorlax|Body Slam|p2a: Cloyster\n|-damage|p2a: Cloyster|17/100 par\n|\n|upkeep\n|turn|34\n|\n|t:|1739113247\n|switch|p1a: Rhydon|Rhydon|100/100\n|move|p2a: Cloyster|Explosion|p1a: Rhydon\n|-resisted|p1a: Rhydon\n|-damage|p1a: Rhydon|71/100\n|faint|p2a: Cloyster\n|inactive|WarumFelix has 180 seconds left.\n|\n|t:|1739113278\n|switch|p2a: Exeggutor|Exeggutor|72/100\n|turn|35\n|inactive|WarumFelix has 180 seconds left.\n|inactive|Sceptross has 120 seconds left.\n|inactive|Sceptross has 90 seconds left.\n|inactive|WarumFelix has 150 seconds left.\n|\n|t:|1739113350\n|switch|p1a: Starmie|Starmie|81/100\n|move|p2a: Exeggutor|Psychic|p1a: Starmie\n|-resisted|p1a: Starmie\n|-damage|p1a: Starmie|63/100\n|\n|upkeep\n|turn|36\n|inactive|WarumFelix has 150 seconds left.\n|\n|t:|1739113370\n|move|p1a: Starmie|Blizzard|p2a: Exeggutor\n|-supereffective|p2a: Exeggutor\n|-damage|p2a: Exeggutor|33/100\n|move|p2a: Exeggutor|Sleep Powder|p1a: Starmie\n|-status|p1a: Starmie|slp|[from] move: Sleep Powder\n|\n|upkeep\n|turn|37\n|inactive|WarumFelix has 120 seconds left.\n|\n|t:|1739113412\n|switch|p1a: Chansey|Chansey|72/100 par\n|switch|p2a: Tauros|Tauros|100/100\n|\n|upkeep\n|turn|38\n|inactive|Sceptross has 60 seconds left.\n|inactive|WarumFelix has 90 seconds left.\n|inactive|Sceptross has 30 seconds left.\n|\n|t:|1739113468\n|switch|p2a: Snorlax|Snorlax|100/100 par\n|cant|p1a: Chansey|par\n|\n|upkeep\n|turn|39\n|inactive|Sceptross has 30 seconds left.\n|inactive|Sceptross has 20 seconds left.\n|inactive|Sceptross has 15 seconds left.\n|inactive|Sceptross has 10 seconds left.\n|\n|t:|1739113494\n|switch|p1a: Starmie|Starmie|63/100 slp\n|cant|p2a: Snorlax|par\n|\n|upkeep\n|turn|40\n|inactive|Sceptross has 20 seconds left this turn.\n|inactive|Sceptross has 15 seconds left.\n|\n|t:|1739113511\n|cant|p1a: Starmie|slp\n|move|p2a: Snorlax|Earthquake|p1a: Starmie\n|-damage|p1a: Starmie|36/100 slp\n|\n|upkeep\n|turn|41\n|inactive|Sceptross has 25 seconds left this turn.\n|inactive|Sceptross has 20 seconds left.\n|inactive|Sceptross has 15 seconds left.\n|inactive|Sceptross has 10 seconds left.\n|\n|t:|1739113526\n|switch|p1a: Snorlax|Snorlax|60/100 par\n|move|p2a: Snorlax|Earthquake|p1a: Snorlax\n|-damage|p1a: Snorlax|39/100 par\n|\n|upkeep\n|turn|42\n|inactive|Sceptross has 20 seconds left this turn.\n|inactive|WarumFelix has 60 seconds left.\n|\n|t:|1739113556\n|cant|p1a: Snorlax|par\n|move|p2a: Snorlax|Body Slam|p1a: Snorlax\n|-damage|p1a: Snorlax|11/100 par\n|\n|upkeep\n|turn|43\n|inactive|Sceptross has 30 seconds left this turn.\n|\n|t:|1739113559\n|cant|p2a: Snorlax|par\n|move|p1a: Snorlax|Rest|p1a: Snorlax\n|-status|p1a: Snorlax|slp|[from] move: Rest\n|-heal|p1a: Snorlax|100/100 slp|[silent]\n|\n|upkeep\n|turn|44\n|\n|t:|1739113563\n|cant|p1a: Snorlax|slp\n|move|p2a: Snorlax|Body Slam|p1a: Snorlax\n|-damage|p1a: Snorlax|72/100 slp\n|\n|upkeep\n|turn|45\n|\n|t:|1739113565\n|-curestatus|p1a: Snorlax|slp|[msg]\n|cant|p2a: Snorlax|par\n|\n|upkeep\n|turn|46\n|inactive|Sceptross has 30 seconds left.\n|\n|t:|1739113598\n|cant|p2a: Snorlax|par\n|move|p1a: Snorlax|Reflect|p1a: Snorlax\n|-start|p1a: Snorlax|Reflect\n|\n|upkeep\n|turn|47\n|inactive|Sceptross has 30 seconds left.\n|inactive|WarumFelix has 90 seconds left.\n|\n|t:|1739113639\n|switch|p2a: Starmie|Starmie|79/100 slp\n|move|p1a: Snorlax|Earthquake|p2a: Starmie\n|-damage|p2a: Starmie|52/100 slp\n|\n|upkeep\n|turn|48\n|inactive|Sceptross has 30 seconds left.\n|\n|t:|1739113645\n|cant|p2a: Starmie|slp\n|move|p1a: Snorlax|Body Slam|p2a: Starmie\n|-damage|p2a: Starmie|15/100 slp\n|\n|upkeep\n|turn|49\n|\n|t:|1739113652\n|cant|p2a: Starmie|slp\n|move|p1a: Snorlax|Body Slam|p2a: Starmie\n|-damage|p2a: Starmie|0 fnt\n|faint|p2a: Starmie\n|\n|t:|1739113654\n|switch|p2a: Exeggutor|Exeggutor|33/100\n|turn|50\n|inactive|Sceptross has 30 seconds left.\n|inactive|Sceptross has 20 seconds left.\n|inactive|Sceptross has 15 seconds left.\n|inactive|Sceptross has 10 seconds left.\n|\n|t:|1739113695\n|switch|p1a: Chansey|Chansey|72/100 par\n|move|p2a: Exeggutor|Psychic|p1a: Chansey\n|-damage|p1a: Chansey|55/100 par\n|\n|upkeep\n|turn|51\n|inactive|Sceptross has 20 seconds left this turn.\n|inactive|Sceptross has 15 seconds left.\n|\n|t:|1739113704\n|switch|p2a: Snorlax|Snorlax|100/100 par\n|cant|p1a: Chansey|par\n|\n|upkeep\n|turn|52\n|inactive|Sceptross has 25 seconds left this turn.\n|inactive|Sceptross has 20 seconds left.\n|\n|t:|1739113710\n|move|p1a: Chansey|Soft-Boiled|p1a: Chansey\n|-heal|p1a: Chansey|100/100 par\n|move|p2a: Snorlax|Body Slam|p1a: Chansey\n|-damage|p1a: Chansey|59/100 par\n|\n|upkeep\n|turn|53\n|inactive|Sceptross has 30 seconds left this turn.\n|\n|t:|1739113716\n|switch|p1a: Snorlax|Snorlax|72/100\n|move|p2a: Snorlax|Body Slam|p1a: Snorlax\n|-damage|p1a: Snorlax|44/100\n|\n|upkeep\n|turn|54\n|inactive|Sceptross has 30 seconds left.\n|inactive|Sceptross has 20 seconds left.\n|inactive|WarumFelix has 120 seconds left.\n|inactive|Sceptross has 15 seconds left.\n|\n|t:|1739113742\n|move|p1a: Snorlax|Body Slam|p2a: Snorlax\n|-damage|p2a: Snorlax|74/100 par\n|move|p2a: Snorlax|Body Slam|p1a: Snorlax\n|-damage|p1a: Snorlax|19/100\n|\n|upkeep\n|turn|55\n|inactive|Sceptross has 25 seconds left this turn.\n|\n|t:|1739113746\n|switch|p2a: Exeggutor|Exeggutor|33/100\n|move|p1a: Snorlax|Rest|p1a: Snorlax\n|-status|p1a: Snorlax|slp|[from] move: Rest\n|-heal|p1a: Snorlax|100/100 slp|[silent]\n|\n|upkeep\n|turn|56\n|inactive|Sceptross has 30 seconds left.\n|\n|t:|1739113757\n|switch|p1a: Chansey|Chansey|59/100 par\n|move|p2a: Exeggutor|Psychic|p1a: Chansey\n|-damage|p1a: Chansey|43/100 par\n|-unboost|p1a: Chansey|spa|1\n|-unboost|p1a: Chansey|spd|1\n|\n|upkeep\n|turn|57\n|\n|t:|1739113763\n|move|p2a: Exeggutor|Psychic|p1a: Chansey\n|-damage|p1a: Chansey|17/100 par\n|move|p1a: Chansey|Soft-Boiled|p1a: Chansey\n|-heal|p1a: Chansey|67/100 par\n|\n|upkeep\n|turn|58\n|\n|t:|1739113767\n|switch|p2a: Snorlax|Snorlax|74/100 par\n|move|p1a: Chansey|Soft-Boiled|p1a: Chansey\n|-heal|p1a: Chansey|100/100 par\n|\n|upkeep\n|turn|59\n|\n|t:|1739113775\n|switch|p1a: Snorlax|Snorlax|100/100 slp\n|move|p2a: Snorlax|Body Slam|p1a: Snorlax\n|-damage|p1a: Snorlax|75/100 slp\n|\n|upkeep\n|turn|60\n|\n|t:|1739113777\n|switch|p2a: Tauros|Tauros|100/100\n|cant|p1a: Snorlax|slp\n|\n|upkeep\n|turn|61\n|\n|t:|1739113782\n|move|p2a: Tauros|Body Slam|p1a: Snorlax\n|-crit|p1a: Snorlax\n|-damage|p1a: Snorlax|24/100 slp\n|-curestatus|p1a: Snorlax|slp|[msg]\n|\n|upkeep\n|turn|62\n|inactive|Sceptross has 60 seconds left.\n|\n|t:|1739113803\n|switch|p1a: Rhydon|Rhydon|71/100\n|move|p2a: Tauros|Body Slam|p1a: Rhydon\n|-resisted|p1a: Rhydon\n|-damage|p1a: Rhydon|60/100\n|\n|upkeep\n|turn|63\n|inactive|Sceptross has 60 seconds left.\n|inactive|WarumFelix has 150 seconds left.\n|inactive|WarumFelix has 120 seconds left.\n|\n|t:|1739113866\n|move|p2a: Tauros|Earthquake|p1a: Rhydon\n|-supereffective|p1a: Rhydon\n|-damage|p1a: Rhydon|29/100\n|move|p1a: Rhydon|Earthquake|p2a: Tauros\n|-crit|p2a: Tauros\n|-damage|p2a: Tauros|25/100\n|\n|upkeep\n|turn|64\n|inactive|Sceptross has 60 seconds left.\n|\n|t:|1739113900\n|switch|p1a: Starmie|Starmie|36/100 slp\n|move|p2a: Tauros|Earthquake|p1a: Starmie\n|-damage|p1a: Starmie|11/100 slp\n|\n|upkeep\n|turn|65\n|inactive|WarumFelix has 120 seconds left.\n|\n|t:|1739113927\n|cant|p1a: Starmie|slp\n|move|p2a: Tauros|Body Slam|p1a: Starmie\n|-damage|p1a: Starmie|0 fnt\n|faint|p1a: Starmie\n|\n|t:|1739113932\n|switch|p1a: Tauros|Tauros|100/100\n|turn|66\n|inactive|WarumFelix has 120 seconds left.\n|\n|t:|1739113958\n|move|p1a: Tauros|Body Slam|p2a: Tauros\n|-damage|p2a: Tauros|0 fnt\n|faint|p2a: Tauros\n|\n|t:|1739113968\n|switch|p2a: Chansey|Chansey|87/100 par\n|turn|67\n|inactive|Sceptross has 60 seconds left.\n|\n|t:|1739114010\n|switch|p1a: Chansey|Chansey|100/100 par\n|move|p2a: Chansey|Thunder Wave|p1a: Chansey\n|-fail|p1a: Chansey|par\n|\n|upkeep\n|turn|68\n|\n|t:|1739114028\n|switch|p1a: Snorlax|Snorlax|24/100\n|move|p2a: Chansey|Soft-Boiled|p2a: Chansey\n|-heal|p2a: Chansey|100/100 par\n|\n|upkeep\n|turn|69\n|inactive|WarumFelix has 120 seconds left.\n|inactive|Sceptross has 30 seconds left.\n|\n|t:|1739114053\n|move|p1a: Snorlax|Rest|p1a: Snorlax\n|-status|p1a: Snorlax|slp|[from] move: Rest\n|-heal|p1a: Snorlax|100/100 slp|[silent]\n|cant|p2a: Chansey|par\n|\n|upkeep\n|turn|70\n|inactive|Sceptross has 30 seconds left.\n|inactive|WarumFelix has 120 seconds left.\n|\n|t:|1739114064\n|cant|p1a: Snorlax|slp\n|cant|p2a: Chansey|par\n|\n|upkeep\n|turn|71\n|\n|t:|1739114071\n|-curestatus|p1a: Snorlax|slp|[msg]\n|move|p2a: Chansey|Ice Beam|p1a: Snorlax\n|-damage|p1a: Snorlax|81/100\n|\n|upkeep\n|turn|72\n|\n|t:|1739114081\n|move|p1a: Snorlax|Body Slam|p2a: Chansey\n|-damage|p2a: Chansey|61/100 par\n|move|p2a: Chansey|Ice Beam|p1a: Snorlax\n|-damage|p1a: Snorlax|62/100\n|\n|upkeep\n|turn|73\n|\n|t:|1739114090\n|move|p1a: Snorlax|Body Slam|p2a: Chansey\n|-damage|p2a: Chansey|22/100 par\n|move|p2a: Chansey|Ice Beam|p1a: Snorlax\n|-damage|p1a: Snorlax|43/100\n|-status|p1a: Snorlax|frz\n|\n|upkeep\n|turn|74\n|inactive|Sceptross has 60 seconds left.\n|inactive|WarumFelix has 120 seconds left.\n|inactive|WarumFelix has 90 seconds left.\n|\n|t:|1739114164\n|switch|p1a: Rhydon|Rhydon|29/100\n|cant|p2a: Chansey|par\n|\n|upkeep\n|turn|75\n|inactive|Sceptross has 60 seconds left.\n|inactive|WarumFelix has 60 seconds left.\n|\n|t:|1739114190\n|switch|p2a: Exeggutor|Exeggutor|33/100\n|move|p1a: Rhydon|Body Slam|p2a: Exeggutor\n|-damage|p2a: Exeggutor|11/100\n|\n|upkeep\n|turn|76\n|inactive|Sceptross has 60 seconds left.\n|inactive|WarumFelix has 60 seconds left.\n|inactive|Sceptross has 30 seconds left.\n|inactive|WarumFelix has 30 seconds left.\n|inactive|WarumFelix has 20 seconds left.\n|inactive|WarumFelix has 15 seconds left.\n|\n|t:|1739114243\n|switch|p2a: Snorlax|Snorlax|74/100 par\n|move|p1a: Rhydon|Body Slam|p2a: Snorlax\n|-damage|p2a: Snorlax|56/100 par\n|\n|upkeep\n|turn|77\n|inactive|WarumFelix has 25 seconds left this turn.\n|inactive|Sceptross has 30 seconds left.\n|inactive|WarumFelix has 20 seconds left.\n|inactive|WarumFelix has 15 seconds left.\n|inactive|WarumFelix has 10 seconds left.\n|\n|t:|1739114262\n|switch|p2a: Chansey|Chansey|22/100 par\n|move|p1a: Rhydon|Earthquake|p2a: Chansey\n|-damage|p2a: Chansey|0 fnt\n|faint|p2a: Chansey\n|inactive|WarumFelix has 15 seconds left this turn.\n|\n|t:|1739114264\n|switch|p2a: Exeggutor|Exeggutor|11/100\n|turn|78\n|inactive|WarumFelix has 25 seconds left this turn.\n|inactive|Sceptross has 30 seconds left.\n|\n|t:|1739114281\n|move|p2a: Exeggutor|Psychic|p1a: Rhydon\n|-crit|p1a: Rhydon\n|-damage|p1a: Rhydon|0 fnt\n|faint|p1a: Rhydon\n|inactive|WarumFelix has 30 seconds left this turn.\n|\n|t:|1739114282\n|switch|p1a: Tauros|Tauros|100/100\n|turn|79\n|\n|t:|1739114289\n|move|p1a: Tauros|Body Slam|p2a: Exeggutor\n|-damage|p2a: Exeggutor|0 fnt\n|faint|p2a: Exeggutor\n|\n|t:|1739114290\n|switch|p2a: Snorlax|Snorlax|56/100 par\n|turn|80\n|\n|t:|1739114297\n|move|p1a: Tauros|Body Slam|p2a: Snorlax\n|-damage|p2a: Snorlax|31/100 par\n|move|p2a: Snorlax|Rest|p2a: Snorlax\n|-status|p2a: Snorlax|slp|[from] move: Rest\n|-heal|p2a: Snorlax|100/100 slp|[silent]\n|\n|upkeep\n|turn|81\n|\n|t:|1739114301\n|move|p1a: Tauros|Body Slam|p2a: Snorlax\n|-damage|p2a: Snorlax|75/100 slp\n|cant|p2a: Snorlax|slp\n|\n|upkeep\n|turn|82\n|\n|t:|1739114303\n|move|p1a: Tauros|Body Slam|p2a: Snorlax\n|-damage|p2a: Snorlax|49/100 slp\n|-curestatus|p2a: Snorlax|slp|[msg]\n|\n|upkeep\n|turn|83\n|inactive|WarumFelix has 60 seconds left.\n|\n|t:|1739114330\n|move|p1a: Tauros|Blizzard|p2a: Snorlax\n|-damage|p2a: Snorlax|31/100\n|move|p2a: Snorlax|Rest|p2a: Snorlax\n|-status|p2a: Snorlax|slp|[from] move: Rest\n|-heal|p2a: Snorlax|100/100 slp|[silent]\n|\n|upkeep\n|turn|84\n|\n|t:|1739114334\n|move|p1a: Tauros|Body Slam|p2a: Snorlax\n|-crit|p2a: Snorlax\n|-damage|p2a: Snorlax|51/100 slp\n|cant|p2a: Snorlax|slp\n|\n|upkeep\n|turn|85\n|\n|t:|1739114336\n|move|p1a: Tauros|Body Slam|p2a: Snorlax\n|-damage|p2a: Snorlax|24/100 slp\n|-curestatus|p2a: Snorlax|slp|[msg]\n|\n|upkeep\n|turn|86\n|\n|t:|1739114340\n|move|p1a: Tauros|Hyper Beam|p2a: Snorlax\n|-damage|p2a: Snorlax|0 fnt\n|faint|p2a: Snorlax\n|\n|win|Sceptross\n","uploadtime":1739114340,"views":"1791","formatid":"gen1ou","rating":null,"private":0,"password":null}