{"id":"smogtours-gen1ou-958194","format":"[Gen 1] OU","players":["Kaz","emma"],"log":"|inactive|Battle timer is ON: inactive players will automatically lose when time's up.\n|t:|1784749191\n|gametype|singles\n|player|p1|Kaz|#kaz|\n|player|p2|emma|#rbywc2024|\n|gen|1\n|tier|[Gen 1] OU\n|rule|Desync Clause Mod: Desyncs resolve to link battle behavior from the acting player's perspective.\n|rule|HP Percentage Mod: HP is shown in percentages\n|rule|Endless Battle Clause: Forcing endless battles is banned\n|rule|Sleep Clause Mod: Limit one foe put to sleep\n|rule|Freeze Clause Mod: Limit one foe frozen\n|rule|Species Clause: Limit one of each Pokémon\n|rule|OHKO Clause: OHKO moves are banned\n|rule|Evasion Moves Clause: Evasion moves are banned\n|\n|t:|1784749191\n|teamsize|p1|6\n|teamsize|p2|6\n|start\n|switch|p1a: Gengar|Gengar|100/100\n|switch|p2a: Keqing|Jynx|100/100\n|turn|1\n|c|☆emma|tyvm\n|c|☆emma|hf\n|c|☆Kaz|np\n|c|☆Kaz|hf\n|\n|t:|1784749220\n|move|p1a: Gengar|Hypnosis|p2a: Keqing\n|-status|p2a: Keqing|slp|[from] move: Hypnosis\n|cant|p2a: Keqing|slp\n|\n|upkeep\n|turn|2\n|\n|t:|1784749234\n|move|p1a: Gengar|Night Shade|p2a: Keqing\n|-damage|p2a: Keqing|70/100 slp\n|cant|p2a: Keqing|slp\n|\n|upkeep\n|turn|3\n|\n|t:|1784749244\n|move|p1a: Gengar|Night Shade|p2a: Keqing\n|-damage|p2a: Keqing|40/100 slp\n|cant|p2a: Keqing|slp\n|\n|upkeep\n|turn|4\n|\n|t:|1784749259\n|switch|p2a: Raiden|Alakazam|100/100\n|move|p1a: Gengar|Night Shade|p2a: Raiden\n|-damage|p2a: Raiden|69/100\n|\n|upkeep\n|turn|5\n|\n|t:|1784749277\n|switch|p2a: Nilou|Chansey|100/100\n|switch|p1a: Chansey|Chansey|100/100\n|\n|upkeep\n|turn|6\n|\n|t:|1784749282\n|move|p1a: Chansey|Thunder Wave|p2a: Nilou\n|-status|p2a: Nilou|par\n|move|p2a: Nilou|Sing|p1a: Chansey|[miss]\n|-miss|p2a: Nilou\n|\n|upkeep\n|turn|7\n|inactive|emma has 270 seconds left.\n|\n|t:|1784749314\n|switch|p1a: Gengar|Gengar|100/100\n|cant|p2a: Nilou|par\n|\n|upkeep\n|turn|8\n|inactive|emma has 270 seconds left.\n|\n|t:|1784749335\n|switch|p2a: Raiden|Alakazam|69/100\n|move|p1a: Gengar|Night Shade|p2a: Raiden\n|-damage|p2a: Raiden|37/100\n|\n|upkeep\n|turn|9\n|\n|t:|1784749344\n|switch|p1a: Snorlax|Snorlax|100/100\n|move|p2a: Raiden|Recover|p2a: Raiden\n|-heal|p2a: Raiden|86/100\n|\n|upkeep\n|turn|10\n|inactive|emma has 270 seconds left.\n|\n|t:|1784749374\n|switch|p2a: Wanderer|Snorlax|100/100\n|move|p1a: Snorlax|Body Slam|p2a: Wanderer\n|-damage|p2a: Wanderer|74/100\n|\n|upkeep\n|turn|11\n|\n|t:|1784749382\n|switch|p1a: Cloyster|Cloyster|100/100\n|move|p2a: Wanderer|Body Slam|p1a: Cloyster\n|-damage|p1a: Cloyster|79/100\n|-status|p1a: Cloyster|par\n|\n|upkeep\n|turn|12\n|\n|t:|1784749405\n|switch|p2a: Keqing|Jynx|40/100 slp\n|cant|p1a: Cloyster|par\n|\n|upkeep\n|turn|13\n|\n|t:|1784749418\n|switch|p1a: Tauros|Tauros|100/100\n|cant|p2a: Keqing|slp\n|\n|upkeep\n|turn|14\n|inactive|emma has 240 seconds left.\n|inactive|emma has 210 seconds left.\n|\n|t:|1784749471\n|switch|p2a: Kokomi|Starmie|100/100\n|move|p1a: Tauros|Body Slam|p2a: Kokomi\n|-crit|p2a: Kokomi\n|-damage|p2a: Kokomi|35/100\n|\n|upkeep\n|turn|15\n|inactive|emma has 210 seconds left.\n|\n|t:|1784749483\n|move|p2a: Kokomi|Recover|p2a: Kokomi\n|-heal|p2a: Kokomi|85/100\n|move|p1a: Tauros|Body Slam|p2a: Kokomi\n|-crit|p2a: Kokomi\n|-damage|p2a: Kokomi|18/100\n|-status|p2a: Kokomi|par\n|\n|upkeep\n|turn|16\n|inactive|emma has 210 seconds left.\n|\n|t:|1784749507\n|switch|p2a: Keqing|Jynx|40/100 slp\n|move|p1a: Tauros|Body Slam|p2a: Keqing\n|-damage|p2a: Keqing|0 fnt\n|faint|p2a: Keqing\n|\n|t:|1784749511\n|switch|p2a: Kazuha|Tauros|100/100\n|turn|17\n|\n|t:|1784749532\n|move|p1a: Tauros|Body Slam|p2a: Kazuha\n|-crit|p2a: Kazuha\n|-damage|p2a: Kazuha|40/100\n|move|p2a: Kazuha|Body Slam|p1a: Tauros\n|-crit|p1a: Tauros\n|-damage|p1a: Tauros|40/100\n|\n|upkeep\n|turn|18\n|inactive|emma has 210 seconds left.\n|inactive|Kaz has 270 seconds left.\n|inactive|emma has 180 seconds left.\n|\n|t:|1784749579\n|move|p2a: Kazuha|Body Slam|p1a: Tauros\n|-damage|p1a: Tauros|9/100\n|move|p1a: Tauros|Hyper Beam|p2a: Kazuha\n|-damage|p2a: Kazuha|0 fnt\n|faint|p2a: Kazuha\n|\n|t:|1784749587\n|switch|p2a: Raiden|Alakazam|86/100\n|turn|19\n|\n|t:|1784749597\n|switch|p2a: Nilou|Chansey|100/100 par\n|switch|p1a: Chansey|Chansey|100/100\n|\n|upkeep\n|turn|20\n|\n|t:|1784749609\n|switch|p1a: Cloyster|Cloyster|79/100 par\n|cant|p2a: Nilou|par\n|\n|upkeep\n|turn|21\n|inactive|emma has 180 seconds left.\n|inactive|Kaz has 240 seconds left.\n|\n|t:|1784749648\n|move|p1a: Cloyster|Blizzard|p2a: Nilou\n|-crit|p2a: Nilou\n|-damage|p2a: Nilou|64/100 par\n|move|p2a: Nilou|Sing|p1a: Cloyster|[miss]\n|-miss|p2a: Nilou\n|\n|upkeep\n|turn|22\n|inactive|emma has 180 seconds left.\n|inactive|Kaz has 240 seconds left.\n|\n|t:|1784749659\n|move|p1a: Cloyster|Clamp|p2a: Nilou\n|-crit|p2a: Nilou\n|-damage|p2a: Nilou|54/100 par\n|cant|p2a: Nilou|partiallytrapped\n|\n|upkeep\n|turn|23\n|inactive|emma has 180 seconds left.\n|\n|t:|1784749669\n|switch|p1a: Snorlax|Snorlax|100/100\n|switch|p2a: Wanderer|Snorlax|74/100\n|\n|upkeep\n|turn|24\n|\n|t:|1784749677\n|move|p1a: Snorlax|Body Slam|p2a: Wanderer\n|-damage|p2a: Wanderer|46/100\n|move|p2a: Wanderer|Body Slam|p1a: Snorlax\n|-damage|p1a: Snorlax|76/100\n|\n|upkeep\n|turn|25\n|\n|t:|1784749690\n|switch|p1a: Gengar|Gengar|100/100\n|move|p2a: Wanderer|Body Slam|p1a: Gengar\n|-immune|p1a: Gengar\n|\n|upkeep\n|turn|26\n|inactive|emma has 180 seconds left.\n|\n|t:|1784749715\n|move|p1a: Gengar|Night Shade|p2a: Wanderer\n|-damage|p2a: Wanderer|27/100\n|move|p2a: Wanderer|Body Slam|p1a: Gengar\n|-immune|p1a: Gengar\n|\n|upkeep\n|turn|27\n|inactive|emma has 180 seconds left.\n|\n|t:|1784749726\n|move|p1a: Gengar|Psychic|p2a: Wanderer\n|-damage|p2a: Wanderer|6/100\n|move|p2a: Wanderer|Rest|p2a: Wanderer\n|-status|p2a: Wanderer|slp|[from] move: Rest\n|-heal|p2a: Wanderer|100/100 slp|[silent]\n|\n|upkeep\n|turn|28\n|inactive|emma has 180 seconds left.\n|inactive|Kaz has 240 seconds left.\n|\n|t:|1784749757\n|move|p1a: Gengar|Explosion|p2a: Wanderer\n|-crit|p2a: Wanderer\n|-damage|p2a: Wanderer|0 fnt\n|faint|p2a: Wanderer\n|faint|p1a: Gengar\n|inactive|emma has 180 seconds left.\n|\n|t:|1784749777\n|switch|p1a: Snorlax|Snorlax|76/100\n|switch|p2a: Raiden|Alakazam|86/100\n|turn|29\n|\n|t:|1784749803\n|move|p2a: Raiden|Thunder Wave|p1a: Snorlax\n|-status|p1a: Snorlax|par\n|move|p1a: Snorlax|Self-Destruct|p2a: Raiden\n|-damage|p2a: Raiden|0 fnt\n|faint|p2a: Raiden\n|faint|p1a: Snorlax\n|inactive|Kaz has 210 seconds left.\n|\n|t:|1784749815\n|switch|p2a: Kokomi|Starmie|18/100 par\n|switch|p1a: Tauros|Tauros|9/100\n|turn|30\n|\n|t:|1784749818\n|move|p1a: Tauros|Body Slam|p2a: Kokomi\n|-damage|p2a: Kokomi|0 fnt\n|faint|p2a: Kokomi\n|\n|t:|1784749819\n|switch|p2a: Nilou|Chansey|54/100 par\n|turn|31\n|\n|t:|1784749825\n|move|p1a: Tauros|Hyper Beam|p2a: Nilou\n|-damage|p2a: Nilou|0 fnt\n|faint|p2a: Nilou\n|\n|win|Kaz\n|c|☆emma|ggs\n|c|☆Kaz|2 sing misses into back 2 back crit\n|c|☆Kaz|gg (handshake)\n|c|☆emma|all good\n|c|☆emma|i enjoyed nonetheless\n|c|☆emma|:handshake:\n|player|p2|\n|c|☆Kaz|ty for postponing and gl tarv\n|c|☆Kaz|vs\n|c|☆Kaz|gosh cant type shit\n|player|p1|\n","uploadtime":1784749825,"views":"96","formatid":"gen1ou","rating":null,"private":0,"password":null}