{"id":"smogtours-gen1ou-911529","format":"[Gen 1] OU","players":["LNumbers","Sceptross"],"log":"|inactive|Battle timer is ON: inactive players will automatically lose when time's up.\n|t:|1771773147\n|gametype|singles\n|player|p1|LNumbers|#splxviityrants2|\n|player|p2|Sceptross|#splxviicryonicles|\n|gen|1\n|tier|[Gen 1] OU\n|rule|Desync Clause Mod: Desyncs changed to move failure.\n|rule|Sleep Clause Mod: Limit one foe put to sleep\n|rule|Freeze Clause Mod: Limit one foe frozen\n|rule|Species Clause: Limit one of each Pokémon\n|rule|OHKO Clause: OHKO moves are banned\n|rule|Evasion Moves Clause: Evasion moves are banned\n|rule|Endless Battle Clause: Forcing endless battles is banned\n|rule|HP Percentage Mod: HP is shown in percentages\n|\n|t:|1771773147\n|teamsize|p1|6\n|teamsize|p2|6\n|start\n|switch|p1a: Gengar|Gengar|100/100\n|switch|p2a: Starmie|Starmie|100/100\n|turn|1\n|c|☆Sceptross|gl hf\n|c|☆LNumbers|u2\n|inactive|LNumbers has 270 seconds left.\n|inactive|Sceptross has 270 seconds left.\n|\n|t:|1771773201\n|switch|p1a: Chansey|Chansey|100/100\n|move|p2a: Starmie|Psychic|p1a: Chansey\n|-damage|p1a: Chansey|85/100\n|\n|upkeep\n|turn|2\n|inactive|Sceptross has 270 seconds left.\n|\n|t:|1771773254\n|switch|p2a: Chansey|Chansey|100/100\n|move|p1a: Chansey|Sing|p2a: Chansey\n|-status|p2a: Chansey|slp|[from] move: Sing\n|\n|upkeep\n|turn|3\n|inactive|Sceptross has 240 seconds left.\n|inactive|LNumbers has 270 seconds left.\n|inactive|LNumbers has 240 seconds left.\n|\n|t:|1771773316\n|switch|p2a: Snorlax|Snorlax|100/100\n|move|p1a: Chansey|Thunder Wave|p2a: Snorlax\n|-status|p2a: Snorlax|par\n|\n|upkeep\n|turn|4\n|inactive|LNumbers has 240 seconds left.\n|\n|t:|1771773334\n|switch|p1a: Gengar|Gengar|100/100\n|move|p2a: Snorlax|Body Slam|p1a: Gengar\n|-immune|p1a: Gengar\n|\n|upkeep\n|turn|5\n|inactive|LNumbers has 240 seconds left.\n|inactive|Sceptross has 240 seconds left.\n|\n|t:|1771773353\n|switch|p2a: Chansey|Chansey|100/100 slp\n|move|p1a: Gengar|Night Shade|p2a: Chansey\n|-damage|p2a: Chansey|86/100 slp\n|\n|upkeep\n|turn|6\n|inactive|LNumbers has 240 seconds left.\n|\n|t:|1771773364\n|switch|p1a: Snorlax|Snorlax|100/100\n|switch|p2a: Exeggutor|Exeggutor|100/100\n|\n|upkeep\n|turn|7\n|inactive|LNumbers has 240 seconds left.\n|inactive|LNumbers has 210 seconds left.\n|\n|t:|1771773405\n|switch|p1a: Gengar|Gengar|100/100\n|move|p2a: Exeggutor|Psychic|p1a: Gengar\n|-supereffective|p1a: Gengar\n|-damage|p1a: Gengar|32/100\n|\n|upkeep\n|turn|8\n|inactive|LNumbers has 210 seconds left.\n|inactive|Sceptross has 240 seconds left.\n|inactive|LNumbers has 180 seconds left.\n|inactive|LNumbers has 150 seconds left.\n|\n|t:|1771773488\n|switch|p1a: Chansey|Chansey|85/100\n|move|p2a: Exeggutor|Sleep Powder|p1a: Chansey\n|-status|p1a: Chansey|slp|[from] move: Sleep Powder\n|\n|upkeep\n|turn|9\n|inactive|Sceptross has 210 seconds left.\n|\n|t:|1771773507\n|switch|p1a: Exeggutor|Exeggutor|100/100\n|move|p2a: Exeggutor|Psychic|p1a: Exeggutor\n|-resisted|p1a: Exeggutor\n|-damage|p1a: Exeggutor|87/100\n|-unboost|p1a: Exeggutor|spa|1\n|-unboost|p1a: Exeggutor|spd|1\n|\n|upkeep\n|turn|10\n|inactive|Sceptross has 210 seconds left.\n|inactive|LNumbers has 120 seconds left.\n|inactive|Sceptross has 180 seconds left.\n|rated|Smogon Premier League\n|\n|t:|1771773570\n|switch|p2a: Snorlax|Snorlax|100/100 par\n|move|p1a: Exeggutor|Stun Spore|p2a: Snorlax\n|-fail|p2a: Snorlax|par\n|\n|upkeep\n|turn|11\n|inactive|LNumbers has 120 seconds left.\n|\n|t:|1771773583\n|switch|p1a: Snorlax|Snorlax|100/100\n|move|p2a: Snorlax|Body Slam|p1a: Snorlax\n|-damage|p1a: Snorlax|73/100\n|\n|upkeep\n|turn|12\n|\n|t:|1771773590\n|move|p1a: Snorlax|Body Slam|p2a: Snorlax\n|-damage|p2a: Snorlax|73/100 par\n|move|p2a: Snorlax|Reflect|p2a: Snorlax\n|-start|p2a: Snorlax|Reflect\n|\n|upkeep\n|turn|13\n|inactive|LNumbers has 120 seconds left.\n|\n|t:|1771773617\n|switch|p1a: Gengar|Gengar|32/100\n|move|p2a: Snorlax|Body Slam|p1a: Gengar\n|-immune|p1a: Gengar\n|\n|upkeep\n|turn|14\n|\n|t:|1771773623\n|move|p1a: Gengar|Psychic|p2a: Snorlax\n|-damage|p2a: Snorlax|52/100 par\n|-unboost|p2a: Snorlax|spa|1\n|-unboost|p2a: Snorlax|spd|1\n|cant|p2a: Snorlax|par\n|\n|upkeep\n|turn|15\n|inactive|LNumbers has 120 seconds left.\n|inactive|Sceptross has 150 seconds left.\n|\n|t:|1771773647\n|switch|p1a: Starmie|Starmie|100/100\n|move|p2a: Snorlax|Rest|p2a: Snorlax\n|-status|p2a: Snorlax|slp|[from] move: Rest\n|-heal|p2a: Snorlax|100/100 slp|[silent]\n|\n|upkeep\n|turn|16\n|inactive|Sceptross has 150 seconds left.\n|inactive|LNumbers has 90 seconds left.\n|\n|t:|1771773690\n|switch|p2a: Starmie|Starmie|100/100\n|move|p1a: Starmie|Psychic|p2a: Starmie\n|-resisted|p2a: Starmie\n|-damage|p2a: Starmie|84/100\n|\n|upkeep\n|turn|17\n|inactive|Sceptross has 150 seconds left.\n|\n|t:|1771773699\n|move|p1a: Starmie|Thunder Wave|p2a: Starmie\n|-status|p2a: Starmie|par\n|cant|p2a: Starmie|par\n|\n|upkeep\n|turn|18\n|inactive|LNumbers has 60 seconds left.\n|\n|t:|1771773730\n|switch|p1a: Chansey|Chansey|85/100 slp\n|move|p2a: Starmie|Thunder Wave|p1a: Chansey\n|-fail|p1a: Chansey\n|\n|upkeep\n|turn|19\n|inactive|LNumbers has 60 seconds left.\n|inactive|Sceptross has 150 seconds left.\n|\n|t:|1771773760\n|switch|p1a: Snorlax|Snorlax|73/100\n|move|p2a: Starmie|Psychic|p1a: Snorlax\n|-damage|p1a: Snorlax|47/100\n|-unboost|p1a: Snorlax|spa|1\n|-unboost|p1a: Snorlax|spd|1\n|\n|upkeep\n|turn|20\n|inactive|LNumbers has 60 seconds left.\n|\n|t:|1771773784\n|move|p1a: Snorlax|Body Slam|p2a: Starmie\n|-damage|p2a: Starmie|48/100 par\n|move|p2a: Starmie|Thunder Wave|p1a: Snorlax\n|-status|p1a: Snorlax|par\n|\n|upkeep\n|turn|21\n|\n|t:|1771773790\n|move|p2a: Starmie|Recover|p2a: Starmie\n|-heal|p2a: Starmie|98/100 par\n|cant|p1a: Snorlax|par\n|\n|upkeep\n|turn|22\n|inactive|LNumbers has 60 seconds left.\n|inactive|Sceptross has 150 seconds left.\n|inactive|LNumbers has 30 seconds left.\n|inactive|Sceptross has 120 seconds left.\n|\n|t:|1771773843\n|switch|p2a: Snorlax|Snorlax|100/100 slp\n|switch|p1a: Starmie|Starmie|100/100\n|\n|upkeep\n|turn|23\n|inactive|LNumbers has 30 seconds left.\n|\n|t:|1771773858\n|switch|p2a: Exeggutor|Exeggutor|100/100\n|move|p1a: Starmie|Psychic|p2a: Exeggutor\n|-resisted|p2a: Exeggutor\n|-damage|p2a: Exeggutor|89/100\n|\n|upkeep\n|turn|24\n|inactive|LNumbers has 30 seconds left.\n|\n|t:|1771773870\n|switch|p2a: Starmie|Starmie|98/100 par\n|move|p1a: Starmie|Blizzard|p2a: Starmie\n|-resisted|p2a: Starmie\n|-damage|p2a: Starmie|83/100 par\n|\n|upkeep\n|turn|25\n|inactive|Sceptross has 120 seconds left.\n|inactive|LNumbers has 30 seconds left.\n|\n|t:|1771773884\n|move|p1a: Starmie|Psychic|p2a: Starmie\n|-resisted|p2a: Starmie\n|-damage|p2a: Starmie|67/100 par\n|move|p2a: Starmie|Thunder Wave|p1a: Starmie\n|-status|p1a: Starmie|par\n|\n|upkeep\n|turn|26\n|inactive|Sceptross has 120 seconds left.\n|\n|t:|1771773890\n|move|p2a: Starmie|Recover|p2a: Starmie\n|-heal|p2a: Starmie|100/100 par\n|move|p1a: Starmie|Psychic|p2a: Starmie\n|-resisted|p2a: Starmie\n|-damage|p2a: Starmie|84/100 par\n|\n|upkeep\n|turn|27\n|\n|t:|1771773896\n|cant|p2a: Starmie|par\n|move|p1a: Starmie|Psychic|p2a: Starmie\n|-resisted|p2a: Starmie\n|-damage|p2a: Starmie|68/100 par\n|\n|upkeep\n|turn|28\n|\n|t:|1771773899\n|switch|p1a: Snorlax|Snorlax|47/100 par\n|move|p2a: Starmie|Recover|p2a: Starmie\n|-heal|p2a: Starmie|100/100 par\n|\n|upkeep\n|turn|29\n|inactive|LNumbers has 60 seconds left.\n|\n|t:|1771773912\n|switch|p2a: Snorlax|Snorlax|100/100 slp\n|move|p1a: Snorlax|Rest|p1a: Snorlax\n|-status|p1a: Snorlax|slp|[from] move: Rest\n|-heal|p1a: Snorlax|100/100 slp|[silent]\n|\n|upkeep\n|turn|30\n|\n|t:|1771773917\n|cant|p2a: Snorlax|slp\n|cant|p1a: Snorlax|slp\n|\n|upkeep\n|turn|31\n|\n|t:|1771773920\n|-curestatus|p2a: Snorlax|slp|[msg]\n|-curestatus|p1a: Snorlax|slp|[msg]\n|\n|upkeep\n|turn|32\n|\n|t:|1771773923\n|move|p2a: Snorlax|Body Slam|p1a: Snorlax\n|-damage|p1a: Snorlax|73/100\n|move|p1a: Snorlax|Body Slam|p2a: Snorlax\n|-damage|p2a: Snorlax|74/100\n|\n|upkeep\n|turn|33\n|inactive|LNumbers has 90 seconds left.\n|\n|t:|1771773929\n|move|p2a: Snorlax|Reflect|p2a: Snorlax\n|-start|p2a: Snorlax|Reflect\n|move|p1a: Snorlax|Reflect|p1a: Snorlax\n|-start|p1a: Snorlax|Reflect\n|\n|upkeep\n|turn|34\n|inactive|Sceptross has 180 seconds left.\n|\n|t:|1771773935\n|move|p2a: Snorlax|Body Slam|p1a: Snorlax\n|-damage|p1a: Snorlax|61/100\n|move|p1a: Snorlax|Body Slam|p2a: Snorlax\n|-damage|p2a: Snorlax|61/100\n|\n|upkeep\n|turn|35\n|\n|t:|1771773952\n|move|p2a: Snorlax|Rest|p2a: Snorlax\n|-status|p2a: Snorlax|slp|[from] move: Rest\n|-heal|p2a: Snorlax|100/100 slp|[silent]\n|move|p1a: Snorlax|Rest|p1a: Snorlax\n|-status|p1a: Snorlax|slp|[from] move: Rest\n|-heal|p1a: Snorlax|100/100 slp|[silent]\n|\n|upkeep\n|turn|36\n|\n|t:|1771773957\n|cant|p2a: Snorlax|slp\n|cant|p1a: Snorlax|slp\n|\n|upkeep\n|turn|37\n|\n|t:|1771773960\n|-curestatus|p2a: Snorlax|slp|[msg]\n|-curestatus|p1a: Snorlax|slp|[msg]\n|\n|upkeep\n|turn|38\n|inactive|LNumbers has 120 seconds left.\n|\n|t:|1771773965\n|move|p2a: Snorlax|Body Slam|p1a: Snorlax\n|-damage|p1a: Snorlax|88/100\n|move|p1a: Snorlax|Body Slam|p2a: Snorlax\n|-damage|p2a: Snorlax|87/100\n|\n|upkeep\n|turn|39\n|\n|t:|1771773970\n|move|p2a: Snorlax|Body Slam|p1a: Snorlax\n|-damage|p1a: Snorlax|74/100\n|move|p1a: Snorlax|Body Slam|p2a: Snorlax\n|-damage|p2a: Snorlax|73/100\n|\n|upkeep\n|turn|40\n|\n|t:|1771773976\n|switch|p1a: Gengar|Gengar|32/100\n|move|p2a: Snorlax|Body Slam|p1a: Gengar\n|-immune|p1a: Gengar\n|\n|upkeep\n|turn|41\n|\n|t:|1771773989\n|switch|p2a: Starmie|Starmie|100/100 par\n|move|p1a: Gengar|Psychic|p2a: Starmie\n|-resisted|p2a: Starmie\n|-damage|p2a: Starmie|87/100 par\n|\n|upkeep\n|turn|42\n|\n|t:|1771774001\n|switch|p1a: Starmie|Starmie|100/100 par\n|move|p2a: Starmie|Thunder Wave|p1a: Starmie\n|-fail|p1a: Starmie|par\n|\n|upkeep\n|turn|43\n|inactive|LNumbers has 150 seconds left.\n|\n|t:|1771774011\n|move|p1a: Starmie|Psychic|p2a: Starmie\n|-resisted|p2a: Starmie\n|-damage|p2a: Starmie|69/100 par\n|cant|p2a: Starmie|par\n|\n|upkeep\n|turn|44\n|inactive|LNumbers has 150 seconds left.\n|\n|t:|1771774021\n|switch|p1a: Snorlax|Snorlax|74/100\n|move|p2a: Starmie|Recover|p2a: Starmie\n|-heal|p2a: Starmie|100/100 par\n|\n|upkeep\n|turn|45\n|\n|t:|1771774034\n|move|p1a: Snorlax|Body Slam|p2a: Starmie\n|-damage|p2a: Starmie|62/100 par\n|move|p2a: Starmie|Thunder Wave|p1a: Snorlax\n|-status|p1a: Snorlax|par\n|\n|upkeep\n|turn|46\n|\n|t:|1771774055\n|switch|p2a: Snorlax|Snorlax|73/100\n|move|p1a: Snorlax|Body Slam|p2a: Snorlax\n|-damage|p2a: Snorlax|45/100\n|\n|upkeep\n|turn|47\n|inactive|Sceptross has 240 seconds left.\n|inactive|LNumbers has 150 seconds left.\n|\n|t:|1771774096\n|move|p2a: Snorlax|Body Slam|p1a: Snorlax\n|-damage|p1a: Snorlax|49/100 par\n|move|p1a: Snorlax|Body Slam|p2a: Snorlax\n|-damage|p2a: Snorlax|19/100\n|\n|upkeep\n|turn|48\n|inactive|LNumbers has 150 seconds left.\n|inactive|Sceptross has 210 seconds left.\n|inactive|LNumbers has 120 seconds left.\n|inactive|LNumbers has 90 seconds left.\n|\n|t:|1771774173\n|move|p2a: Snorlax|Rest|p2a: Snorlax\n|-status|p2a: Snorlax|slp|[from] move: Rest\n|-heal|p2a: Snorlax|100/100 slp|[silent]\n|move|p1a: Snorlax|Rest|p1a: Snorlax\n|-status|p1a: Snorlax|slp|[from] move: Rest\n|-heal|p1a: Snorlax|100/100 slp|[silent]\n|\n|upkeep\n|turn|49\n|\n|t:|1771774178\n|cant|p2a: Snorlax|slp\n|cant|p1a: Snorlax|slp\n|\n|upkeep\n|turn|50\n|\n|t:|1771774182\n|-curestatus|p2a: Snorlax|slp|[msg]\n|-curestatus|p1a: Snorlax|slp|[msg]\n|\n|upkeep\n|turn|51\n|\n|t:|1771774188\n|switch|p1a: Gengar|Gengar|32/100\n|move|p2a: Snorlax|Body Slam|p1a: Gengar\n|-immune|p1a: Gengar\n|\n|upkeep\n|turn|52\n|inactive|Sceptross has 210 seconds left.\n|\n|t:|1771774227\n|switch|p2a: Chansey|Chansey|86/100 slp\n|move|p1a: Gengar|Night Shade|p2a: Chansey\n|-damage|p2a: Chansey|72/100 slp\n|\n|upkeep\n|turn|53\n|\n|t:|1771774243\n|switch|p2a: Exeggutor|Exeggutor|89/100\n|move|p1a: Gengar|Night Shade|p2a: Exeggutor\n|-damage|p2a: Exeggutor|64/100\n|\n|upkeep\n|turn|54\n|inactive|LNumbers has 90 seconds left.\n|\n|t:|1771774269\n|switch|p1a: Chansey|Chansey|85/100 slp\n|move|p2a: Exeggutor|Psychic|p1a: Chansey\n|-damage|p1a: Chansey|67/100 slp\n|-unboost|p1a: Chansey|spa|1\n|-unboost|p1a: Chansey|spd|1\n|\n|upkeep\n|turn|55\n|\n|t:|1771774273\n|switch|p1a: Starmie|Starmie|100/100 par\n|move|p2a: Exeggutor|Psychic|p1a: Starmie\n|-resisted|p1a: Starmie\n|-damage|p1a: Starmie|80/100 par\n|\n|upkeep\n|turn|56\n|\n|t:|1771774283\n|switch|p2a: Starmie|Starmie|62/100 par\n|move|p1a: Starmie|Recover|p1a: Starmie\n|-heal|p1a: Starmie|100/100 par\n|\n|upkeep\n|turn|57\n|\n|t:|1771774287\n|switch|p1a: Snorlax|Snorlax|100/100\n|move|p2a: Starmie|Recover|p2a: Starmie\n|-heal|p2a: Starmie|100/100 par\n|\n|upkeep\n|turn|58\n|inactive|LNumbers has 120 seconds left.\n|\n|t:|1771774293\n|move|p1a: Snorlax|Body Slam|p2a: Starmie\n|-damage|p2a: Starmie|61/100 par\n|move|p2a: Starmie|Thunder Wave|p1a: Snorlax\n|-status|p1a: Snorlax|par\n|\n|upkeep\n|turn|59\n|\n|t:|1771774300\n|switch|p2a: Snorlax|Snorlax|100/100\n|cant|p1a: Snorlax|par\n|\n|upkeep\n|turn|60\n|\n|t:|1771774318\n|move|p2a: Snorlax|Body Slam|p1a: Snorlax\n|-damage|p1a: Snorlax|74/100 par\n|move|p1a: Snorlax|Reflect|p1a: Snorlax\n|-start|p1a: Snorlax|Reflect\n|\n|upkeep\n|turn|61\n|\n|t:|1771774329\n|move|p2a: Snorlax|Reflect|p2a: Snorlax\n|-start|p2a: Snorlax|Reflect\n|move|p1a: Snorlax|Body Slam|p2a: Snorlax\n|-damage|p2a: Snorlax|87/100\n|\n|upkeep\n|turn|62\n|inactive|LNumbers has 120 seconds left.\n|\n|t:|1771774354\n|switch|p1a: Gengar|Gengar|32/100\n|move|p2a: Snorlax|Body Slam|p1a: Gengar\n|-immune|p1a: Gengar\n|\n|upkeep\n|turn|63\n|inactive|Sceptross has 240 seconds left.\n|\n|t:|1771774393\n|move|p1a: Gengar|Psychic|p2a: Snorlax\n|-damage|p2a: Snorlax|66/100\n|move|p2a: Snorlax|Reflect|p2a: Snorlax\n|-fail|p2a: Snorlax\n|\n|upkeep\n|turn|64\n|inactive|LNumbers has 120 seconds left.\n|\n|t:|1771774418\n|move|p1a: Gengar|Night Shade|p2a: Snorlax\n|-damage|p2a: Snorlax|47/100\n|move|p2a: Snorlax|Rest|p2a: Snorlax\n|-status|p2a: Snorlax|slp|[from] move: Rest\n|-heal|p2a: Snorlax|100/100 slp|[silent]\n|\n|upkeep\n|turn|65\n|\n|t:|1771774423\n|move|p1a: Gengar|Psychic|p2a: Snorlax\n|-crit|p2a: Snorlax\n|-damage|p2a: Snorlax|60/100 slp\n|cant|p2a: Snorlax|slp\n|\n|upkeep\n|turn|66\n|\n|t:|1771774432\n|move|p1a: Gengar|Psychic|p2a: Snorlax\n|-damage|p2a: Snorlax|39/100 slp\n|-curestatus|p2a: Snorlax|slp|[msg]\n|\n|upkeep\n|turn|67\n|\n|t:|1771774436\n|move|p1a: Gengar|Psychic|p2a: Snorlax\n|-damage|p2a: Snorlax|17/100\n|-unboost|p2a: Snorlax|spa|1\n|-unboost|p2a: Snorlax|spd|1\n|move|p2a: Snorlax|Rest|p2a: Snorlax\n|-status|p2a: Snorlax|slp|[from] move: Rest\n|-heal|p2a: Snorlax|100/100 slp|[silent]\n|\n|upkeep\n|turn|68\n|\n|t:|1771774443\n|switch|p2a: Exeggutor|Exeggutor|64/100\n|move|p1a: Gengar|Night Shade|p2a: Exeggutor\n|-damage|p2a: Exeggutor|38/100\n|\n|upkeep\n|turn|69\n|inactive|LNumbers has 150 seconds left.\n|inactive|LNumbers has 120 seconds left.\n|inactive|LNumbers has 90 seconds left.\n|\n|t:|1771774521\n|switch|p1a: Chansey|Chansey|67/100 slp\n|move|p2a: Exeggutor|Psychic|p1a: Chansey\n|-crit|p1a: Chansey\n|-damage|p1a: Chansey|37/100 slp\n|-unboost|p1a: Chansey|spa|1\n|-unboost|p1a: Chansey|spd|1\n|\n|upkeep\n|turn|70\n|inactive|LNumbers has 90 seconds left.\n|\n|t:|1771774546\n|switch|p1a: Starmie|Starmie|100/100 par\n|move|p2a: Exeggutor|Mega Drain|p1a: Starmie\n|-supereffective|p1a: Starmie\n|-damage|p1a: Starmie|64/100 par\n|-heal|p2a: Exeggutor|53/100|[from] drain|[of] p1a: Starmie\n|\n|upkeep\n|turn|71\n|inactive|Sceptross has 270 seconds left.\n|inactive|LNumbers has 60 seconds left.\n|\n|t:|1771774585\n|switch|p2a: Starmie|Starmie|61/100 par\n|move|p1a: Starmie|Thunder Wave|p2a: Starmie\n|-fail|p2a: Starmie|par\n|\n|upkeep\n|turn|72\n|\n|t:|1771774590\n|move|p2a: Starmie|Recover|p2a: Starmie\n|-heal|p2a: Starmie|100/100 par\n|cant|p1a: Starmie|par\n|\n|upkeep\n|turn|73\n|\n|t:|1771774594\n|move|p1a: Starmie|Recover|p1a: Starmie\n|-heal|p1a: Starmie|100/100 par\n|move|p2a: Starmie|Psychic|p1a: Starmie\n|-resisted|p1a: Starmie\n|-damage|p1a: Starmie|84/100 par\n|\n|upkeep\n|turn|74\n|\n|t:|1771774600\n|cant|p1a: Starmie|par\n|move|p2a: Starmie|Psychic|p1a: Starmie\n|-crit|p1a: Starmie\n|-resisted|p1a: Starmie\n|-damage|p1a: Starmie|54/100 par\n|-unboost|p1a: Starmie|spa|1\n|-unboost|p1a: Starmie|spd|1\n|\n|upkeep\n|turn|75\n|inactive|LNumbers has 90 seconds left.\n|\n|t:|1771774606\n|switch|p2a: Zapdos|Zapdos|100/100\n|cant|p1a: Starmie|par\n|\n|upkeep\n|turn|76\n|inactive|LNumbers has 90 seconds left.\n|inactive|Sceptross has 270 seconds left.\n|inactive|LNumbers has 60 seconds left.\n|inactive|LNumbers has 30 seconds left.\n|inactive|LNumbers has 20 seconds left.\n|inactive|LNumbers has 15 seconds left.\n|inactive|LNumbers has 10 seconds left.\n|\n|t:|1771774701\n|switch|p1a: Chansey|Chansey|37/100 slp\n|move|p2a: Zapdos|Thunderbolt|p1a: Chansey\n|-damage|p1a: Chansey|18/100 slp\n|\n|upkeep\n|turn|77\n|inactive|LNumbers has 20 seconds left this turn.\n|inactive|Sceptross has 240 seconds left.\n|\n|t:|1771774743\n|move|p2a: Zapdos|Agility|p2a: Zapdos\n|-boost|p2a: Zapdos|spe|2\n|cant|p1a: Chansey|slp\n|\n|upkeep\n|turn|78\n|inactive|LNumbers has 30 seconds left this turn.\n|\n|t:|1771774748\n|move|p2a: Zapdos|Drill Peck|p1a: Chansey\n|-damage|p1a: Chansey|0 fnt\n|faint|p1a: Chansey\n|\n|t:|1771774751\n|switch|p1a: Snorlax|Snorlax|74/100 par\n|turn|79\n|inactive|Sceptross has 240 seconds left.\n|\n|t:|1771774783\n|switch|p2a: Snorlax|Snorlax|100/100 slp\n|move|p1a: Snorlax|Body Slam|p2a: Snorlax\n|-damage|p2a: Snorlax|73/100 slp\n|\n|upkeep\n|turn|80\n|\n|t:|1771774791\n|switch|p1a: Gengar|Gengar|32/100\n|cant|p2a: Snorlax|slp\n|\n|upkeep\n|turn|81\n|\n|t:|1771774799\n|move|p1a: Gengar|Psychic|p2a: Snorlax\n|-damage|p2a: Snorlax|53/100 slp\n|-curestatus|p2a: Snorlax|slp|[msg]\n|\n|upkeep\n|turn|82\n|inactive|LNumbers has 60 seconds left.\n|\n|t:|1771774805\n|switch|p2a: Starmie|Starmie|100/100 par\n|move|p1a: Gengar|Night Shade|p2a: Starmie\n|-damage|p2a: Starmie|70/100 par\n|\n|upkeep\n|turn|83\n|\n|t:|1771774814\n|switch|p1a: Starmie|Starmie|54/100 par\n|move|p2a: Starmie|Recover|p2a: Starmie\n|-heal|p2a: Starmie|100/100 par\n|\n|upkeep\n|turn|84\n|inactive|Sceptross has 240 seconds left.\n|\n|t:|1771774845\n|cant|p2a: Starmie|par\n|move|p1a: Starmie|Recover|p1a: Starmie\n|-heal|p1a: Starmie|100/100 par\n|\n|upkeep\n|turn|85\n|\n|t:|1771774852\n|cant|p1a: Starmie|par\n|move|p2a: Starmie|Psychic|p1a: Starmie\n|-resisted|p1a: Starmie\n|-damage|p1a: Starmie|83/100 par\n|-unboost|p1a: Starmie|spa|1\n|-unboost|p1a: Starmie|spd|1\n|\n|upkeep\n|turn|86\n|\n|t:|1771774862\n|cant|p2a: Starmie|par\n|move|p1a: Starmie|Psychic|p2a: Starmie\n|-resisted|p2a: Starmie\n|-damage|p2a: Starmie|90/100 par\n|-unboost|p2a: Starmie|spa|1\n|-unboost|p2a: Starmie|spd|1\n|\n|upkeep\n|turn|87\n|\n|t:|1771774875\n|move|p2a: Starmie|Blizzard|p1a: Starmie|[miss]\n|-miss|p2a: Starmie\n|move|p1a: Starmie|Psychic|p2a: Starmie\n|-crit|p2a: Starmie\n|-resisted|p2a: Starmie\n|-damage|p2a: Starmie|60/100 par\n|\n|upkeep\n|turn|88\n|\n|t:|1771774888\n|switch|p1a: Exeggutor|Exeggutor|87/100\n|cant|p2a: Starmie|par\n|\n|upkeep\n|turn|89\n|\n|t:|1771774900\n|switch|p2a: Exeggutor|Exeggutor|53/100\n|move|p1a: Exeggutor|Stun Spore|p2a: Exeggutor|[miss]\n|-miss|p1a: Exeggutor\n|\n|upkeep\n|turn|90\n|inactive|LNumbers has 60 seconds left.\n|\n|t:|1771774932\n|move|p1a: Exeggutor|Psychic|p2a: Exeggutor\n|-resisted|p2a: Exeggutor\n|-damage|p2a: Exeggutor|39/100\n|move|p2a: Exeggutor|Sleep Powder|p1a: Exeggutor\n|-status|p1a: Exeggutor|slp|[from] move: Sleep Powder\n|\n|upkeep\n|turn|91\n|inactive|LNumbers has 60 seconds left.\n|inactive|Sceptross has 240 seconds left.\n|\n|t:|1771774963\n|switch|p2a: Zapdos|Zapdos|100/100\n|-curestatus|p1a: Exeggutor|slp|[msg]\n|\n|upkeep\n|turn|92\n|inactive|Sceptross has 240 seconds left.\n|inactive|LNumbers has 30 seconds left.\n|inactive|Sceptross has 210 seconds left.\n|inactive|LNumbers has 20 seconds left.\n|\n|t:|1771775010\n|switch|p2a: Starmie|Starmie|60/100 par\n|move|p1a: Exeggutor|Stun Spore|p2a: Starmie\n|-fail|p2a: Starmie|par\n|\n|upkeep\n|turn|93\n|inactive|LNumbers has 30 seconds left this turn.\n|inactive|LNumbers has 20 seconds left.\n|\n|t:|1771775025\n|switch|p1a: Starmie|Starmie|83/100 par\n|switch|p2a: Exeggutor|Exeggutor|39/100\n|\n|upkeep\n|turn|94\n|inactive|LNumbers has 30 seconds left this turn.\n|inactive|Sceptross has 210 seconds left.\n|inactive|LNumbers has 20 seconds left.\n|\n|t:|1771775046\n|move|p2a: Exeggutor|Mega Drain|p1a: Starmie\n|-crit|p1a: Starmie\n|-supereffective|p1a: Starmie\n|-damage|p1a: Starmie|14/100 par\n|-heal|p2a: Exeggutor|68/100|[from] drain|[of] p1a: Starmie\n|cant|p1a: Starmie|par\n|\n|upkeep\n|turn|95\n|inactive|LNumbers has 30 seconds left this turn.\n|c|☆LNumbers|well\n|inactive|LNumbers has 20 seconds left.\n|inactive|LNumbers has 15 seconds left.\n|inactive|LNumbers has 10 seconds left.\n|inactive|LNumbers has 5 seconds left.\n|inactive|Sceptross has 180 seconds left.\n|\n|t:|1771775087\n|move|p2a: Exeggutor|Psychic|p1a: Starmie\n|-crit|p1a: Starmie\n|-resisted|p1a: Starmie\n|-damage|p1a: Starmie|0 fnt\n|faint|p1a: Starmie\n|inactive|LNumbers has 10 seconds left this turn.\n|inactive|LNumbers has 5 seconds left.\n|\n|t:|1771775092\n|switch|p1a: Snorlax|Snorlax|74/100 par\n|turn|96\n|inactive|LNumbers has 15 seconds left this turn.\n|\n|t:|1771775109\n|switch|p2a: Snorlax|Snorlax|53/100\n|move|p1a: Snorlax|Body Slam|p2a: Snorlax\n|-damage|p2a: Snorlax|24/100\n|\n|upkeep\n|turn|97\n|inactive|LNumbers has 25 seconds left this turn.\n|inactive|LNumbers has 20 seconds left.\n|\n|t:|1771775122\n|switch|p1a: Gengar|Gengar|32/100\n|move|p2a: Snorlax|Self-Destruct|p1a: Gengar\n|-immune|p1a: Gengar\n|faint|p2a: Snorlax\n|\n|t:|1771775135\n|switch|p2a: Exeggutor|Exeggutor|68/100\n|turn|98\n|inactive|LNumbers has 30 seconds left.\n|inactive|LNumbers has 20 seconds left.\n|inactive|Sceptross has 150 seconds left.\n|\n|t:|1771775162\n|switch|p1a: Exeggutor|Exeggutor|87/100\n|switch|p2a: Chansey|Chansey|72/100 slp\n|\n|upkeep\n|turn|99\n|inactive|LNumbers has 30 seconds left this turn.\n|inactive|LNumbers has 20 seconds left.\n|inactive|LNumbers has 15 seconds left.\n|inactive|LNumbers has 10 seconds left.\n|inactive|Sceptross has 150 seconds left.\n|\n|t:|1771775188\n|switch|p1a: Snorlax|Snorlax|74/100 par\n|switch|p2a: Exeggutor|Exeggutor|68/100\n|\n|upkeep\n|turn|100\n|inactive|LNumbers has 20 seconds left this turn.\n|inactive|LNumbers has 15 seconds left.\n|\n|t:|1771775197\n|move|p2a: Exeggutor|Psychic|p1a: Snorlax\n|-damage|p1a: Snorlax|43/100 par\n|move|p1a: Snorlax|Body Slam|p2a: Exeggutor\n|-damage|p2a: Exeggutor|38/100\n|\n|upkeep\n|turn|101\n|inactive|LNumbers has 25 seconds left this turn.\n|inactive|LNumbers has 20 seconds left.\n|inactive|LNumbers has 15 seconds left.\n|inactive|LNumbers has 10 seconds left.\n|inactive|LNumbers has 5 seconds left.\n|\n|t:|1771775219\n|move|p2a: Exeggutor|Psychic|p1a: Snorlax\n|-damage|p1a: Snorlax|11/100 par\n|move|p1a: Snorlax|Self-Destruct|p2a: Exeggutor\n|-damage|p2a: Exeggutor|0 fnt\n|faint|p2a: Exeggutor\n|faint|p1a: Snorlax\n|inactive|LNumbers has 10 seconds left this turn.\n|inactive|LNumbers has 5 seconds left.\n|inactive|Sceptross has 150 seconds left.\n|\n|t:|1771775240\n|switch|p2a: Starmie|Starmie|60/100 par\n|switch|p1a: Tauros|Tauros|100/100\n|turn|102\n|inactive|LNumbers has 15 seconds left this turn.\n|inactive|LNumbers has 10 seconds left.\n|inactive|Sceptross has 150 seconds left.\n|inactive|LNumbers has 5 seconds left.\n|inactive|Sceptross has 120 seconds left.\n|\n|t:|1771775300\n|switch|p2a: Chansey|Chansey|72/100 slp\n|move|p1a: Tauros|Body Slam|p2a: Chansey\n|-damage|p2a: Chansey|34/100 slp\n|\n|upkeep\n|turn|103\n|inactive|LNumbers has 15 seconds left this turn.\n|inactive|LNumbers has 10 seconds left.\n|\n|t:|1771775305\n|move|p1a: Tauros|Body Slam|p2a: Chansey\n|-crit|p2a: Chansey\n|-damage|p2a: Chansey|0 fnt\n|faint|p2a: Chansey\n|inactive|Sceptross has 90 seconds left.\n|inactive|Sceptross has 60 seconds left.\n|\n|t:|1771775370\n|switch|p2a: Tauros|Tauros|100/100\n|turn|104\n|inactive|LNumbers has 25 seconds left this turn.\n|inactive|LNumbers has 20 seconds left.\n|inactive|LNumbers has 15 seconds left.\n|\n|t:|1771775381\n|switch|p1a: Gengar|Gengar|32/100\n|move|p2a: Tauros|Body Slam|p1a: Gengar\n|-immune|p1a: Gengar\n|\n|upkeep\n|turn|105\n|inactive|LNumbers has 25 seconds left this turn.\n|inactive|LNumbers has 20 seconds left.\n|inactive|Sceptross has 60 seconds left.\n|\n|t:|1771775396\n|switch|p1a: Exeggutor|Exeggutor|87/100\n|move|p2a: Tauros|Earthquake|p1a: Exeggutor\n|-resisted|p1a: Exeggutor\n|-damage|p1a: Exeggutor|76/100\n|\n|upkeep\n|turn|106\n|inactive|LNumbers has 30 seconds left this turn.\n|inactive|LNumbers has 20 seconds left.\n|inactive|Sceptross has 60 seconds left.\n|\n|t:|1771775428\n|move|p2a: Tauros|Body Slam|p1a: Exeggutor\n|-damage|p1a: Exeggutor|49/100\n|move|p1a: Exeggutor|Psychic|p2a: Tauros\n|-damage|p2a: Tauros|54/100\n|\n|upkeep\n|turn|107\n|inactive|LNumbers has 30 seconds left this turn.\n|inactive|LNumbers has 20 seconds left.\n|inactive|LNumbers has 15 seconds left.\n|inactive|LNumbers has 10 seconds left.\n|inactive|LNumbers has 5 seconds left.\n|\n|t:|1771775454\n|move|p2a: Tauros|Hyper Beam|p1a: Exeggutor\n|-crit|p1a: Exeggutor\n|-damage|p1a: Exeggutor|0 fnt\n|faint|p1a: Exeggutor\n|inactive|LNumbers has 10 seconds left this turn.\n|\n|t:|1771775459\n|switch|p1a: Tauros|Tauros|100/100\n|turn|108\n|inactive|LNumbers has 20 seconds left this turn.\n|inactive|LNumbers has 15 seconds left.\n|inactive|LNumbers has 10 seconds left.\n|inactive|LNumbers has 5 seconds left.\n|inactive|Sceptross has 30 seconds left.\n|\n|t:|1771775495\n|move|p2a: Tauros|Body Slam|p1a: Tauros\n|-crit|p1a: Tauros\n|-damage|p1a: Tauros|39/100\n|move|p1a: Tauros|Hyper Beam|p2a: Tauros\n|-damage|p2a: Tauros|5/100\n|-mustrecharge|p1a: Tauros\n|\n|upkeep\n|turn|109\n|inactive|LNumbers has 15 seconds left this turn.\n|inactive|Sceptross has 30 seconds left.\n|\n|t:|1771775506\n|move|p2a: Tauros|Hyper Beam|p1a: Tauros\n|-damage|p1a: Tauros|0 fnt\n|faint|p1a: Tauros\n|inactive|LNumbers has 20 seconds left this turn.\n|\n|t:|1771775510\n|switch|p1a: Gengar|Gengar|32/100\n|turn|110\n|inactive|LNumbers has 30 seconds left this turn.\n|\n|t:|1771775522\n|move|p1a: Gengar|Night Shade|p2a: Tauros\n|-damage|p2a: Tauros|0 fnt\n|faint|p2a: Tauros\n|inactive|Sceptross has 30 seconds left.\n|inactive|Sceptross has 20 seconds left.\n|inactive|Sceptross has 15 seconds left.\n|\n|t:|1771775548\n|switch|p2a: Starmie|Starmie|60/100 par\n|turn|111\n|inactive|Sceptross has 25 seconds left this turn.\n|\n|t:|1771775552\n|move|p1a: Gengar|Night Shade|p2a: Starmie\n|-damage|p2a: Starmie|29/100 par\n|move|p2a: Starmie|Psychic|p1a: Gengar\n|-crit|p1a: Gengar\n|-supereffective|p1a: Gengar\n|-damage|p1a: Gengar|0 fnt\n|faint|p1a: Gengar\n|\n|win|Sceptross\n|c|☆Sceptross|gg\n|c|☆LNumbers|gg\n|player|p1|\n","uploadtime":1771775552,"views":"881","formatid":"gen1ou","rating":null,"private":0,"password":null}