{"id":"smogtours-gen1ou-964764","format":"[Gen 1] OU","players":["Kaz","BeeOrSomething"],"log":"|inactive|Battle timer is ON: inactive players will automatically lose when time's up.\n|t:|1787079429\n|gametype|singles\n|player|p1|Kaz|#kaz|\n|player|p2|BeeOrSomething|#beeorsomething|\n|gen|1\n|tier|[Gen 1] OU\n|rule|Desync Clause Mod: Desyncs resolve to link battle behavior from the acting player's perspective.\n|rule|HP Percentage Mod: HP is shown in percentages\n|rule|Endless Battle Clause: Forcing endless battles is banned\n|rule|Sleep Clause Mod: Limit one foe put to sleep\n|rule|Freeze Clause Mod: Limit one foe frozen\n|rule|Species Clause: Limit one of each Pokémon\n|rule|OHKO Clause: OHKO moves are banned\n|rule|Evasion Moves Clause: Evasion moves are banned\n|\n|t:|1787079429\n|teamsize|p1|6\n|teamsize|p2|6\n|start\n|switch|p1a: Alakazam|Alakazam|100/100\n|switch|p2a: Shazam|Alakazam|100/100\n|turn|1\n|c|☆BeeOrSomething|glhf\n|c|☆Kaz|hf\n|\n|t:|1787079457\n|move|p2a: Shazam|Thunder Wave|p1a: Alakazam\n|-status|p1a: Alakazam|par\n|move|p1a: Alakazam|Thunder Wave|p2a: Shazam\n|-status|p2a: Shazam|par\n|\n|upkeep\n|turn|2\n|\n|t:|1787079464\n|cant|p1a: Alakazam|par\n|move|p2a: Shazam|Seismic Toss|p1a: Alakazam\n|-damage|p1a: Alakazam|69/100 par\n|\n|upkeep\n|turn|3\n|\n|t:|1787079468\n|cant|p2a: Shazam|par\n|cant|p1a: Alakazam|par\n|\n|upkeep\n|turn|4\n|\n|t:|1787079472\n|cant|p1a: Alakazam|par\n|cant|p2a: Shazam|par\n|\n|upkeep\n|turn|5\n|\n|t:|1787079477\n|move|p1a: Alakazam|Recover|p1a: Alakazam\n|-heal|p1a: Alakazam|100/100 par\n|move|p2a: Shazam|Seismic Toss|p1a: Alakazam\n|-damage|p1a: Alakazam|69/100 par\n|\n|upkeep\n|turn|6\n|\n|t:|1787079480\n|cant|p1a: Alakazam|par\n|move|p2a: Shazam|Seismic Toss|p1a: Alakazam\n|-damage|p1a: Alakazam|37/100 par\n|\n|upkeep\n|turn|7\n|\n|t:|1787079483\n|switch|p2a: Me On Weekends|Snorlax|100/100\n|move|p1a: Alakazam|Recover|p1a: Alakazam\n|-heal|p1a: Alakazam|86/100 par\n|\n|upkeep\n|turn|8\n|\n|t:|1787079488\n|switch|p1a: Snorlax|Snorlax|100/100\n|move|p2a: Me On Weekends|Body Slam|p1a: Snorlax\n|-damage|p1a: Snorlax|75/100\n|\n|upkeep\n|turn|9\n|\n|t:|1787079494\n|switch|p2a: Eggy|Exeggutor|100/100\n|move|p1a: Snorlax|Body Slam|p2a: Eggy\n|-damage|p2a: Eggy|73/100\n|\n|upkeep\n|turn|10\n|\n|t:|1787079509\n|move|p2a: Eggy|Psychic|p1a: Snorlax\n|-damage|p1a: Snorlax|46/100\n|-unboost|p1a: Snorlax|spa|1\n|-unboost|p1a: Snorlax|spd|1\n|move|p1a: Snorlax|Body Slam|p2a: Eggy\n|-damage|p2a: Eggy|41/100\n|-status|p2a: Eggy|par\n|\n|upkeep\n|turn|11\n|\n|t:|1787079535\n|move|p1a: Snorlax|Body Slam|p2a: Eggy|[miss]\n|-miss|p1a: Snorlax\n|-hint|In Gen 1, moves with 100% accuracy can still miss 1/256 of the time.\n|move|p2a: Eggy|Psychic|p1a: Snorlax\n|-crit|p1a: Snorlax\n|-damage|p1a: Snorlax|0 fnt\n|faint|p1a: Snorlax\n|inactive|Kaz has 270 seconds left.\n|\n|t:|1787079550\n|switch|p1a: Starmie|Starmie|100/100\n|turn|12\n|\n|t:|1787079556\n|switch|p2a: Shazam|Alakazam|100/100 par\n|move|p1a: Starmie|Blizzard|p2a: Shazam\n|-damage|p2a: Shazam|78/100 par\n|\n|upkeep\n|turn|13\n|\n|t:|1787079563\n|switch|p1a: Alakazam|Alakazam|86/100 par\n|cant|p2a: Shazam|par\n|\n|upkeep\n|turn|14\n|\n|t:|1787079566\n|move|p2a: Shazam|Seismic Toss|p1a: Alakazam\n|-damage|p1a: Alakazam|54/100 par\n|move|p1a: Alakazam|Seismic Toss|p2a: Shazam\n|-damage|p2a: Shazam|46/100 par\n|\n|upkeep\n|turn|15\n|\n|t:|1787079571\n|switch|p1a: Tauros|Tauros|100/100\n|move|p2a: Shazam|Recover|p2a: Shazam\n|-heal|p2a: Shazam|96/100 par\n|\n|upkeep\n|turn|16\n|\n|t:|1787079579\n|move|p1a: Tauros|Body Slam|p2a: Shazam\n|-damage|p2a: Shazam|45/100 par\n|cant|p2a: Shazam|par\n|\n|upkeep\n|turn|17\n|\n|t:|1787079585\n|switch|p2a: Eggy|Exeggutor|41/100 par\n|move|p1a: Tauros|Body Slam|p2a: Eggy\n|-crit|p2a: Eggy\n|-damage|p2a: Eggy|0 fnt\n|faint|p2a: Eggy\n|\n|t:|1787079589\n|switch|p2a: Patrick|Starmie|100/100\n|turn|18\n|\n|t:|1787079613\n|move|p2a: Patrick|Blizzard|p1a: Tauros\n|-crit|p1a: Tauros\n|-damage|p1a: Tauros|31/100\n|move|p1a: Tauros|Body Slam|p2a: Patrick\n|-damage|p2a: Patrick|65/100\n|\n|upkeep\n|turn|19\n|inactive|Kaz has 270 seconds left.\n|\n|t:|1787079645\n|switch|p1a: Alakazam|Alakazam|54/100 par\n|move|p2a: Patrick|Blizzard|p1a: Alakazam\n|-crit|p1a: Alakazam\n|-damage|p1a: Alakazam|9/100 par\n|\n|upkeep\n|turn|20\n|\n|t:|1787079651\n|switch|p1a: Starmie|Starmie|100/100\n|move|p2a: Patrick|Psychic|p1a: Starmie\n|-resisted|p1a: Starmie\n|-damage|p1a: Starmie|84/100\n|\n|upkeep\n|turn|21\n|inactive|Kaz has 270 seconds left.\n|\n|t:|1787079660\n|move|p1a: Starmie|Thunderbolt|p2a: Patrick\n|-supereffective|p2a: Patrick\n|-damage|p2a: Patrick|22/100\n|move|p2a: Patrick|Thunder Wave|p1a: Starmie\n|-status|p1a: Starmie|par\n|\n|upkeep\n|turn|22\n|\n|t:|1787079668\n|switch|p2a: Shazam|Alakazam|45/100 par\n|move|p1a: Starmie|Thunderbolt|p2a: Shazam\n|-crit|p2a: Shazam\n|-damage|p2a: Shazam|8/100 par\n|\n|upkeep\n|turn|23\n|inactive|Kaz has 270 seconds left.\n|\n|t:|1787079714\n|switch|p1a: Exeggutor|Exeggutor|100/100\n|move|p2a: Shazam|Psychic|p1a: Exeggutor\n|-resisted|p1a: Exeggutor\n|-damage|p1a: Exeggutor|87/100\n|\n|upkeep\n|turn|24\n|\n|t:|1787079722\n|move|p1a: Exeggutor|Double-Edge|p2a: Shazam\n|-damage|p2a: Shazam|0 fnt\n|-damage|p1a: Exeggutor|86/100|[from] Recoil\n|faint|p2a: Shazam\n|\n|t:|1787079724\n|switch|p2a: Patrick|Starmie|22/100\n|turn|25\n|\n|t:|1787079731\n|switch|p1a: Starmie|Starmie|84/100 par\n|move|p2a: Patrick|Blizzard|p1a: Starmie\n|-resisted|p1a: Starmie\n|-damage|p1a: Starmie|70/100 par\n|\n|upkeep\n|turn|26\n|\n|t:|1787079749\n|switch|p2a: Me On Weekends|Snorlax|100/100\n|move|p1a: Starmie|Thunderbolt|p2a: Me On Weekends\n|-damage|p2a: Me On Weekends|81/100\n|\n|upkeep\n|turn|27\n|\n|t:|1787079754\n|switch|p1a: Alakazam|Alakazam|9/100 par\n|move|p2a: Me On Weekends|Body Slam|p1a: Alakazam\n|-damage|p1a: Alakazam|0 fnt\n|faint|p1a: Alakazam\n|\n|t:|1787079756\n|switch|p1a: Exeggutor|Exeggutor|86/100\n|turn|28\n|\n|t:|1787079768\n|switch|p2a: Bell Ringer|Rhydon|100/100\n|move|p1a: Exeggutor|Sleep Powder|p2a: Bell Ringer\n|-status|p2a: Bell Ringer|slp|[from] move: Sleep Powder\n|\n|upkeep\n|turn|29\n|\n|t:|1787079787\n|switch|p2a: Me On Weekends|Snorlax|81/100\n|move|p1a: Exeggutor|Stun Spore|p2a: Me On Weekends|[miss]\n|-miss|p1a: Exeggutor\n|\n|upkeep\n|turn|30\n|\n|t:|1787079799\n|move|p1a: Exeggutor|Psychic|p2a: Me On Weekends\n|-damage|p2a: Me On Weekends|51/100\n|move|p2a: Me On Weekends|Body Slam|p1a: Exeggutor\n|-damage|p1a: Exeggutor|57/100\n|\n|upkeep\n|turn|31\n|\n|t:|1787079811\n|move|p1a: Exeggutor|Psychic|p2a: Me On Weekends\n|-damage|p2a: Me On Weekends|20/100\n|-unboost|p2a: Me On Weekends|spa|1\n|-unboost|p2a: Me On Weekends|spd|1\n|move|p2a: Me On Weekends|Body Slam|p1a: Exeggutor\n|-damage|p1a: Exeggutor|25/100\n|\n|upkeep\n|turn|32\n|\n|t:|1787079822\n|move|p1a: Exeggutor|Psychic|p2a: Me On Weekends\n|-damage|p2a: Me On Weekends|0 fnt\n|faint|p2a: Me On Weekends\n|\n|t:|1787079828\n|switch|p2a: Raging Bull|Tauros|100/100\n|turn|33\n|inactive|Kaz has 270 seconds left.\n|\n|t:|1787079871\n|move|p2a: Raging Bull|Body Slam|p1a: Exeggutor\n|-damage|p1a: Exeggutor|0 fnt\n|faint|p1a: Exeggutor\n|\n|t:|1787079873\n|switch|p1a: Starmie|Starmie|70/100 par\n|turn|34\n|\n|t:|1787079882\n|move|p2a: Raging Bull|Body Slam|p1a: Starmie\n|-crit|p1a: Starmie\n|-damage|p1a: Starmie|0 fnt\n|faint|p1a: Starmie\n|\n|t:|1787079886\n|switch|p1a: Tauros|Tauros|31/100\n|turn|35\n|c|☆Kaz|gg\n|\n|t:|1787079894\n|move|p2a: Raging Bull|Hyper Beam|p1a: Tauros\n|-crit|p1a: Tauros\n|-damage|p1a: Tauros|0 fnt\n|faint|p1a: Tauros\n|-message|Kaz forfeited.\n|\n|win|BeeOrSomething\n|player|p1|\n|c|☆BeeOrSomething|ok\n|c|☆BeeOrSomething|gg\n|player|p2|\n","uploadtime":1787079901,"views":"109","formatid":"gen1ou","rating":null,"private":0,"password":null}