{"id":"smogtours-gen1ou-947079","format":"[Gen 1] OU","players":["TG2513","virae"],"log":"|inactive|Battle timer is ON: inactive players will automatically lose when time's up.\n|t:|1781466353\n|gametype|singles\n|player|p1|TG2513|brycenman|\n|player|p2|virae|#rbyplvmightymagmars|\n|gen|1\n|tier|[Gen 1] OU\n|rule|Desync Clause Mod: Desyncs changed to move failure.\n|rule|HP Percentage Mod: HP is shown in percentages\n|rule|Endless Battle Clause: Forcing endless battles is banned\n|rule|Sleep Clause Mod: Limit one foe put to sleep\n|rule|Freeze Clause Mod: Limit one foe frozen\n|rule|Species Clause: Limit one of each Pokémon\n|rule|OHKO Clause: OHKO moves are banned\n|rule|Evasion Moves Clause: Evasion moves are banned\n|\n|t:|1781466353\n|teamsize|p1|6\n|teamsize|p2|6\n|start\n|switch|p1a: Jynx|Jynx|100/100\n|switch|p2a: Alakazam|Alakazam|100/100\n|turn|1\n|c|☆TG2513|HF\n|c|☆virae|gl hf!\n|\n|t:|1781466370\n|move|p2a: Alakazam|Thunder Wave|p1a: Jynx\n|-status|p1a: Jynx|par\n|cant|p1a: Jynx|par\n|\n|upkeep\n|turn|2\n|\n|t:|1781466374\n|move|p2a: Alakazam|Seismic Toss|p1a: Jynx\n|-damage|p1a: Jynx|70/100 par\n|move|p1a: Jynx|Lovely Kiss|p2a: Alakazam\n|-status|p2a: Alakazam|slp|[from] move: Lovely Kiss\n|\n|upkeep\n|turn|3\n|\n|t:|1781466378\n|switch|p2a: Starmie|Starmie|100/100\n|move|p1a: Jynx|Blizzard|p2a: Starmie\n|-crit|p2a: Starmie\n|-resisted|p2a: Starmie\n|-damage|p2a: Starmie|59/100\n|\n|upkeep\n|turn|4\n|\n|t:|1781466384\n|switch|p1a: Chansey|Chansey|100/100\n|move|p2a: Starmie|Surf|p1a: Chansey\n|-damage|p1a: Chansey|86/100\n|\n|upkeep\n|turn|5\n|\n|t:|1781466394\n|move|p2a: Starmie|Thunder Wave|p1a: Chansey\n|-status|p1a: Chansey|par\n|move|p1a: Chansey|Thunderbolt|p2a: Starmie\n|-supereffective|p2a: Starmie\n|-damage|p2a: Starmie|8/100\n|\n|upkeep\n|turn|6\n|inactive|virae has 270 seconds left.\n|\n|t:|1781466426\n|switch|p2a: Snorlax|Snorlax|100/100\n|move|p1a: Chansey|Thunder Wave|p2a: Snorlax\n|-status|p2a: Snorlax|par\n|\n|upkeep\n|turn|7\n|inactive|TG2513 has 270 seconds left.\n|\n|t:|1781466459\n|switch|p1a: Exeggutor|Exeggutor|100/100\n|cant|p2a: Snorlax|par\n|\n|upkeep\n|turn|8\n|\n|t:|1781466467\n|move|p1a: Exeggutor|Psychic|p2a: Snorlax\n|-damage|p2a: Snorlax|68/100 par\n|-unboost|p2a: Snorlax|spa|1\n|-unboost|p2a: Snorlax|spd|1\n|move|p2a: Snorlax|Body Slam|p1a: Exeggutor\n|-damage|p1a: Exeggutor|72/100\n|\n|upkeep\n|turn|9\n|inactive|virae has 270 seconds left.\n|inactive|virae has 240 seconds left.\n|\n|t:|1781466523\n|move|p1a: Exeggutor|Psychic|p2a: Snorlax\n|-damage|p2a: Snorlax|24/100 par\n|-unboost|p2a: Snorlax|spa|1\n|-unboost|p2a: Snorlax|spd|1\n|move|p2a: Snorlax|Self-Destruct|p1a: Exeggutor\n|-damage|p1a: Exeggutor|0 fnt\n|faint|p1a: Exeggutor\n|faint|p2a: Snorlax\n|inactive|virae has 240 seconds left.\n|\n|t:|1781466533\n|switch|p1a: Chansey|Chansey|86/100 par\n|switch|p2a: Zapdos|Zapdos|100/100\n|turn|10\n|inactive|virae has 240 seconds left.\n|\n|t:|1781466544\n|switch|p1a: Rhydon|Rhydon|100/100\n|move|p2a: Zapdos|Drill Peck|p1a: Rhydon\n|-resisted|p1a: Rhydon\n|-damage|p1a: Rhydon|91/100\n|\n|upkeep\n|turn|11\n|\n|t:|1781466552\n|switch|p2a: Tauros|Tauros|100/100\n|move|p1a: Rhydon|Body Slam|p2a: Tauros\n|-damage|p2a: Tauros|79/100\n|\n|upkeep\n|turn|12\n|\n|t:|1781466563\n|switch|p1a: Snorlax|Snorlax|100/100\n|move|p2a: Tauros|Body Slam|p1a: Snorlax\n|-damage|p1a: Snorlax|74/100\n|\n|upkeep\n|turn|13\n|\n|t:|1781466577\n|move|p2a: Tauros|Body Slam|p1a: Snorlax\n|-damage|p1a: Snorlax|49/100\n|move|p1a: Snorlax|Body Slam|p2a: Tauros\n|-damage|p2a: Tauros|49/100\n|\n|upkeep\n|turn|14\n|\n|t:|1781466584\n|move|p2a: Tauros|Body Slam|p1a: Snorlax\n|-damage|p1a: Snorlax|23/100\n|move|p1a: Snorlax|Hyper Beam|p2a: Tauros\n|-damage|p2a: Tauros|0 fnt\n|faint|p2a: Tauros\n|inactive|virae has 240 seconds left.\n|\n|t:|1781466617\n|switch|p2a: Victreebel|Victreebel|100/100\n|turn|15\n|\n|t:|1781466628\n|switch|p1a: Chansey|Chansey|86/100 par\n|move|p2a: Victreebel|Razor Leaf|p1a: Chansey\n|-crit|p1a: Chansey\n|-damage|p1a: Chansey|69/100 par\n|\n|upkeep\n|turn|16\n|\n|t:|1781466635\n|move|p2a: Victreebel|Wrap|p1a: Chansey\n|-damage|p1a: Chansey|65/100 par\n|cant|p1a: Chansey|partiallytrapped\n|\n|upkeep\n|turn|17\n|\n|t:|1781466638\n|switch|p1a: Tauros|Tauros|100/100\n|move|p2a: Victreebel|Wrap|p1a: Tauros\n|-damage|p1a: Tauros|97/100\n|\n|upkeep\n|turn|18\n|\n|t:|1781466645\n|switch|p1a: Chansey|Chansey|65/100 par\n|switch|p2a: Starmie|Starmie|8/100\n|\n|upkeep\n|turn|19\n|\n|t:|1781466653\n|switch|p2a: Alakazam|Alakazam|100/100 slp\n|move|p1a: Chansey|Thunder Wave|p2a: Alakazam\n|-fail|p2a: Alakazam\n|\n|upkeep\n|turn|20\n|\n|t:|1781466663\n|switch|p2a: Zapdos|Zapdos|100/100\n|move|p1a: Chansey|Soft-Boiled|p1a: Chansey\n|-heal|p1a: Chansey|100/100 par\n|\n|upkeep\n|turn|21\n|\n|t:|1781466669\n|switch|p1a: Rhydon|Rhydon|91/100\n|move|p2a: Zapdos|Drill Peck|p1a: Rhydon\n|-resisted|p1a: Rhydon\n|-damage|p1a: Rhydon|81/100\n|\n|upkeep\n|turn|22\n|\n|t:|1781466677\n|switch|p2a: Victreebel|Victreebel|100/100\n|move|p1a: Rhydon|Body Slam|p2a: Victreebel\n|-crit|p2a: Victreebel\n|-damage|p2a: Victreebel|48/100\n|\n|upkeep\n|turn|23\n|inactive|virae has 270 seconds left.\n|\n|t:|1781466690\n|switch|p1a: Chansey|Chansey|100/100 par\n|move|p2a: Victreebel|Wrap|p1a: Chansey\n|-damage|p1a: Chansey|96/100 par\n|\n|upkeep\n|turn|24\n|\n|t:|1781466694\n|switch|p1a: Tauros|Tauros|97/100\n|move|p2a: Victreebel|Wrap|p1a: Tauros\n|-damage|p1a: Tauros|93/100\n|\n|upkeep\n|turn|25\n|\n|t:|1781466702\n|switch|p1a: Chansey|Chansey|96/100 par\n|move|p2a: Victreebel|Wrap|p1a: Chansey\n|-damage|p1a: Chansey|91/100 par\n|\n|upkeep\n|turn|26\n|\n|t:|1781466706\n|switch|p1a: Tauros|Tauros|93/100\n|move|p2a: Victreebel|Wrap|p1a: Tauros|[miss]\n|-miss|p2a: Victreebel\n|\n|upkeep\n|turn|27\n|\n|t:|1781466721\n|switch|p2a: Alakazam|Alakazam|100/100 slp\n|move|p1a: Tauros|Hyper Beam|p2a: Alakazam\n|-damage|p2a: Alakazam|13/100 slp\n|-mustrecharge|p1a: Tauros\n|\n|upkeep\n|turn|28\n|\n|t:|1781466729\n|switch|p2a: Starmie|Starmie|8/100\n|cant|p1a: Tauros|recharge\n|\n|upkeep\n|turn|29\n|\n|t:|1781466733\n|switch|p1a: Chansey|Chansey|91/100 par\n|move|p2a: Starmie|Recover|p2a: Starmie\n|-heal|p2a: Starmie|58/100\n|\n|upkeep\n|turn|30\n|\n|t:|1781466750\n|switch|p2a: Alakazam|Alakazam|13/100 slp\n|move|p1a: Chansey|Thunder Wave|p2a: Alakazam\n|-fail|p2a: Alakazam\n|\n|upkeep\n|turn|31\n|\n|t:|1781466757\n|switch|p2a: Zapdos|Zapdos|100/100\n|move|p1a: Chansey|Thunderbolt|p2a: Zapdos\n|-damage|p2a: Zapdos|84/100\n|\n|upkeep\n|turn|32\n|\n|t:|1781466762\n|switch|p2a: Victreebel|Victreebel|48/100\n|cant|p1a: Chansey|par\n|\n|upkeep\n|turn|33\n|\n|t:|1781466767\n|move|p2a: Victreebel|Wrap|p1a: Chansey\n|-damage|p1a: Chansey|86/100 par\n|cant|p1a: Chansey|partiallytrapped\n|\n|upkeep\n|turn|34\n|\n|t:|1781466774\n|switch|p1a: Tauros|Tauros|93/100\n|move|p2a: Victreebel|Wrap|p1a: Tauros\n|-crit|p1a: Tauros\n|-damage|p1a: Tauros|86/100\n|\n|upkeep\n|turn|35\n|\n|t:|1781466777\n|switch|p1a: Chansey|Chansey|86/100 par\n|move|p2a: Victreebel|Wrap|p1a: Chansey\n|-damage|p1a: Chansey|81/100 par\n|\n|upkeep\n|turn|36\n|\n|t:|1781466782\n|switch|p1a: Rhydon|Rhydon|81/100\n|move|p2a: Victreebel|Wrap|p1a: Rhydon\n|-resisted|p1a: Rhydon\n|-damage|p1a: Rhydon|80/100\n|\n|upkeep\n|turn|37\n|\n|t:|1781466787\n|switch|p1a: Snorlax|Snorlax|23/100\n|move|p2a: Victreebel|Wrap|p1a: Snorlax\n|-damage|p1a: Snorlax|20/100\n|\n|upkeep\n|turn|38\n|\n|t:|1781466791\n|switch|p1a: Chansey|Chansey|81/100 par\n|move|p2a: Victreebel|Wrap|p1a: Chansey\n|-crit|p1a: Chansey\n|-damage|p1a: Chansey|73/100 par\n|\n|upkeep\n|turn|39\n|\n|t:|1781466794\n|switch|p1a: Tauros|Tauros|86/100\n|move|p2a: Victreebel|Wrap|p1a: Tauros|[miss]\n|-miss|p2a: Victreebel\n|\n|upkeep\n|turn|40\n|\n|t:|1781466803\n|switch|p2a: Zapdos|Zapdos|84/100\n|move|p1a: Tauros|Body Slam|p2a: Zapdos\n|-damage|p2a: Zapdos|55/100\n|\n|upkeep\n|turn|41\n|\n|t:|1781466811\n|switch|p1a: Rhydon|Rhydon|80/100\n|move|p2a: Zapdos|Thunder Wave|p1a: Rhydon\n|-immune|p1a: Rhydon\n|\n|upkeep\n|turn|42\n|\n|t:|1781466817\n|switch|p2a: Starmie|Starmie|58/100\n|move|p1a: Rhydon|Body Slam|p2a: Starmie\n|-damage|p2a: Starmie|33/100\n|-status|p2a: Starmie|par\n|\n|upkeep\n|turn|43\n|\n|t:|1781466825\n|switch|p2a: Alakazam|Alakazam|13/100 slp\n|move|p1a: Rhydon|Earthquake|p2a: Alakazam\n|-damage|p2a: Alakazam|0 fnt\n|faint|p2a: Alakazam\n|\n|t:|1781466827\n|switch|p2a: Victreebel|Victreebel|48/100\n|turn|44\n|\n|t:|1781466831\n|switch|p1a: Chansey|Chansey|73/100 par\n|move|p2a: Victreebel|Wrap|p1a: Chansey\n|-damage|p1a: Chansey|68/100 par\n|\n|upkeep\n|turn|45\n|\n|t:|1781466840\n|switch|p1a: Rhydon|Rhydon|80/100\n|move|p2a: Victreebel|Wrap|p1a: Rhydon|[miss]\n|-miss|p2a: Victreebel\n|\n|upkeep\n|turn|46\n|\n|t:|1781466846\n|switch|p1a: Chansey|Chansey|68/100 par\n|move|p2a: Victreebel|Wrap|p1a: Chansey\n|-damage|p1a: Chansey|63/100 par\n|\n|upkeep\n|turn|47\n|\n|t:|1781466850\n|switch|p1a: Tauros|Tauros|86/100\n|move|p2a: Victreebel|Wrap|p1a: Tauros\n|-damage|p1a: Tauros|82/100\n|\n|upkeep\n|turn|48\n|\n|t:|1781466854\n|switch|p1a: Chansey|Chansey|63/100 par\n|move|p2a: Victreebel|Wrap|p1a: Chansey|[miss]\n|-miss|p2a: Victreebel\n|\n|upkeep\n|turn|49\n|\n|t:|1781466858\n|move|p2a: Victreebel|Wrap|p1a: Chansey\n|-crit|p1a: Chansey\n|-damage|p1a: Chansey|53/100 par\n|cant|p1a: Chansey|partiallytrapped\n|\n|upkeep\n|turn|50\n|\n|t:|1781466864\n|switch|p1a: Rhydon|Rhydon|80/100\n|move|p2a: Victreebel|Wrap|p1a: Rhydon\n|-resisted|p1a: Rhydon\n|-damage|p1a: Rhydon|79/100\n|\n|upkeep\n|turn|51\n|\n|t:|1781466870\n|switch|p1a: Chansey|Chansey|53/100 par\n|move|p2a: Victreebel|Wrap|p1a: Chansey\n|-damage|p1a: Chansey|48/100 par\n|\n|upkeep\n|turn|52\n|\n|t:|1781466876\n|switch|p1a: Rhydon|Rhydon|79/100\n|move|p2a: Victreebel|Wrap|p1a: Rhydon\n|-resisted|p1a: Rhydon\n|-damage|p1a: Rhydon|77/100\n|\n|upkeep\n|turn|53\n|\n|t:|1781466884\n|switch|p1a: Snorlax|Snorlax|20/100\n|move|p2a: Victreebel|Wrap|p1a: Snorlax|[miss]\n|-miss|p2a: Victreebel\n|\n|upkeep\n|turn|54\n|\n|t:|1781466899\n|move|p2a: Victreebel|Razor Leaf|p1a: Snorlax\n|-damage|p1a: Snorlax|3/100\n|move|p1a: Snorlax|Self-Destruct|p2a: Victreebel\n|-damage|p2a: Victreebel|0 fnt\n|faint|p2a: Victreebel\n|faint|p1a: Snorlax\n|c|☆virae|Huh\n|c|☆virae|Oh\n|c|☆virae|lmao\n|c|☆TG2513|wait was that also 1/256?\n|c|☆virae|Yes\n|inactive|virae has 270 seconds left.\n|c|☆TG2513|oh my god\n|c|☆virae|Needed a moment to parse what happened\n|inactive|TG2513 has 270 seconds left.\n|c|☆TG2513|fair enough\n|\n|t:|1781466940\n|switch|p2a: Zapdos|Zapdos|55/100\n|switch|p1a: Rhydon|Rhydon|77/100\n|turn|55\n|c|☆virae|But like it's super over anyways\n|inactive|virae has 270 seconds left.\n|c|☆virae|ggs\n|\n|t:|1781466947\n|move|p2a: Zapdos|Drill Peck|p1a: Rhydon\n|-resisted|p1a: Rhydon\n|-damage|p1a: Rhydon|68/100\n|move|p1a: Rhydon|Rock Slide|p2a: Zapdos\n|-supereffective|p2a: Zapdos\n|-damage|p2a: Zapdos|0 fnt\n|faint|p2a: Zapdos\n|c|☆TG2513|ggs\n|\n|t:|1781466949\n|switch|p2a: Starmie|Starmie|33/100 par\n|turn|56\n|\n|t:|1781466952\n|move|p1a: Rhydon|Earthquake|p2a: Starmie\n|-damage|p2a: Starmie|0 fnt\n|faint|p2a: Starmie\n|\n|win|TG2513\n|player|p1|\n","uploadtime":1781466952,"views":"79","formatid":"gen1ou","rating":null,"private":0,"password":null}