{"id":"smogtours-gen1ou-822886","format":"[Gen 1] OU","players":["spies rby","WarumFelix"],"log":"|inactive|Battle timer is ON: inactive players will automatically lose when time's up.\n|t:|1740935320\n|gametype|singles\n|player|p1|spies rby|unknown|\n|player|p2|WarumFelix|lucas|\n|teamsize|p1|6\n|teamsize|p2|6\n|gen|1\n|tier|[Gen 1] OU\n|rule|Desync Clause Mod: Desyncs changed to move failure.\n|rule|Sleep Clause Mod: Limit one foe put to sleep\n|rule|Freeze Clause Mod: Limit one foe frozen\n|rule|Species Clause: Limit one of each Pokémon\n|rule|OHKO Clause: OHKO moves are banned\n|rule|Evasion Moves Clause: Evasion moves are banned\n|rule|Endless Battle Clause: Forcing endless battles is banned\n|rule|HP Percentage Mod: HP is shown in percentages\n|\n|t:|1740935320\n|start\n|switch|p1a: Jynx|Jynx|100/100\n|switch|p2a: Jynx|Jynx|100/100\n|turn|1\n|c|☆WarumFelix|glhf\n|c|☆spies rby|glhf\n|\n|t:|1740935335\n|move|p1a: Jynx|Lovely Kiss|p2a: Jynx\n|-status|p2a: Jynx|slp|[from] move: Lovely Kiss\n|cant|p2a: Jynx|slp\n|\n|upkeep\n|turn|2\n|\n|t:|1740935351\n|move|p1a: Jynx|Psychic|p2a: Jynx\n|-resisted|p2a: Jynx\n|-damage|p2a: Jynx|83/100 slp\n|-unboost|p2a: Jynx|spa|1\n|-unboost|p2a: Jynx|spd|1\n|-curestatus|p2a: Jynx|slp|[msg]\n|\n|upkeep\n|turn|3\n|\n|t:|1740935356\n|move|p1a: Jynx|Lovely Kiss|p2a: Jynx\n|-status|p2a: Jynx|slp|[from] move: Lovely Kiss\n|cant|p2a: Jynx|slp\n|\n|upkeep\n|turn|4\n|\n|t:|1740935360\n|switch|p2a: Chansey|Chansey|100/100\n|move|p1a: Jynx|Blizzard|p2a: Chansey\n|-crit|p2a: Chansey\n|-damage|p2a: Chansey|66/100\n|\n|upkeep\n|turn|5\n|\n|t:|1740935362\n|move|p1a: Jynx|Blizzard|p2a: Chansey\n|-crit|p2a: Chansey\n|-damage|p2a: Chansey|27/100\n|move|p2a: Chansey|Thunder Wave|p1a: Jynx\n|-status|p1a: Jynx|par\n|\n|upkeep\n|turn|6\n|rated|Smogon Premier League\n|\n|t:|1740935367\n|move|p2a: Chansey|Soft-Boiled|p2a: Chansey\n|-heal|p2a: Chansey|77/100\n|cant|p1a: Jynx|par\n|\n|upkeep\n|turn|7\n|\n|t:|1740935371\n|move|p2a: Chansey|Thunderbolt|p1a: Jynx\n|-damage|p1a: Jynx|75/100 par\n|move|p1a: Jynx|Blizzard|p2a: Chansey\n|-damage|p2a: Chansey|59/100\n|\n|upkeep\n|turn|8\n|\n|t:|1740935378\n|move|p2a: Chansey|Soft-Boiled|p2a: Chansey\n|-heal|p2a: Chansey|100/100\n|move|p1a: Jynx|Blizzard|p2a: Chansey\n|-damage|p2a: Chansey|81/100\n|\n|upkeep\n|turn|9\n|\n|t:|1740935387\n|move|p2a: Chansey|Thunderbolt|p1a: Jynx\n|-damage|p1a: Jynx|51/100 par\n|move|p1a: Jynx|Blizzard|p2a: Chansey\n|-damage|p2a: Chansey|62/100\n|-status|p2a: Chansey|frz\n|\n|upkeep\n|turn|10\n|\n|t:|1740935417\n|switch|p2a: Snorlax|Snorlax|100/100\n|switch|p1a: Starmie|Starmie|100/100\n|\n|upkeep\n|turn|11\n|inactive|WarumFelix has 270 seconds left.\n|\n|t:|1740935445\n|switch|p2a: Chansey|Chansey|62/100 frz\n|move|p1a: Starmie|Thunder Wave|p2a: Chansey\n|-fail|p2a: Chansey\n|\n|upkeep\n|turn|12\n|\n|t:|1740935453\n|switch|p2a: Jynx|Jynx|83/100 slp\n|move|p1a: Starmie|Thunder Wave|p2a: Jynx\n|-fail|p2a: Jynx\n|\n|upkeep\n|turn|13\n|\n|t:|1740935455\n|move|p1a: Starmie|Surf|p2a: Jynx\n|-damage|p2a: Jynx|46/100 slp\n|cant|p2a: Jynx|slp\n|\n|upkeep\n|turn|14\n|\n|t:|1740935458\n|switch|p2a: Exeggutor|Exeggutor|100/100\n|move|p1a: Starmie|Surf|p2a: Exeggutor\n|-resisted|p2a: Exeggutor\n|-damage|p2a: Exeggutor|88/100\n|\n|upkeep\n|turn|15\n|\n|t:|1740935471\n|switch|p1a: Jynx|Jynx|51/100 par\n|move|p2a: Exeggutor|Sleep Powder|p1a: Jynx\n|-fail|p1a: Jynx\n|\n|upkeep\n|turn|16\n|\n|t:|1740935489\n|switch|p2a: Chansey|Chansey|62/100 frz\n|switch|p1a: Starmie|Starmie|100/100\n|\n|upkeep\n|turn|17\n|\n|t:|1740935499\n|switch|p2a: Jynx|Jynx|46/100 slp\n|move|p1a: Starmie|Thunder Wave|p2a: Jynx\n|-fail|p2a: Jynx\n|\n|upkeep\n|turn|18\n|\n|t:|1740935502\n|move|p1a: Starmie|Thunder Wave|p2a: Jynx\n|-fail|p2a: Jynx\n|cant|p2a: Jynx|slp\n|\n|upkeep\n|turn|19\n|\n|t:|1740935504\n|move|p1a: Starmie|Surf|p2a: Jynx\n|-damage|p2a: Jynx|13/100 slp\n|cant|p2a: Jynx|slp\n|\n|upkeep\n|turn|20\n|\n|t:|1740935509\n|switch|p2a: Exeggutor|Exeggutor|88/100\n|move|p1a: Starmie|Surf|p2a: Exeggutor\n|-resisted|p2a: Exeggutor\n|-damage|p2a: Exeggutor|76/100\n|\n|upkeep\n|turn|21\n|\n|t:|1740935520\n|switch|p1a: Jynx|Jynx|51/100 par\n|move|p2a: Exeggutor|Psychic|p1a: Jynx\n|-resisted|p1a: Jynx\n|-damage|p1a: Jynx|32/100 par\n|\n|upkeep\n|turn|22\n|inactive|WarumFelix has 270 seconds left.\n|\n|t:|1740935556\n|switch|p2a: Jynx|Jynx|13/100 slp\n|move|p1a: Jynx|Blizzard|p2a: Jynx\n|-resisted|p2a: Jynx\n|-damage|p2a: Jynx|0 fnt\n|faint|p2a: Jynx\n|\n|t:|1740935557\n|switch|p2a: Tauros|Tauros|100/100\n|turn|23\n|\n|t:|1740935576\n|switch|p1a: Snorlax|Snorlax|100/100\n|move|p2a: Tauros|Body Slam|p1a: Snorlax\n|-damage|p1a: Snorlax|75/100\n|\n|upkeep\n|turn|24\n|inactive|WarumFelix has 270 seconds left.\n|\n|t:|1740935599\n|move|p2a: Tauros|Body Slam|p1a: Snorlax\n|-damage|p1a: Snorlax|50/100\n|move|p1a: Snorlax|Body Slam|p2a: Tauros\n|-crit|p2a: Tauros\n|-damage|p2a: Tauros|35/100\n|\n|upkeep\n|turn|25\n|inactive|WarumFelix has 270 seconds left.\n|\n|t:|1740935611\n|move|p2a: Tauros|Body Slam|p1a: Snorlax\n|-damage|p1a: Snorlax|27/100\n|move|p1a: Snorlax|Hyper Beam|p2a: Tauros\n|-damage|p2a: Tauros|0 fnt\n|faint|p2a: Tauros\n|\n|t:|1740935616\n|switch|p2a: Exeggutor|Exeggutor|76/100\n|turn|26\n|\n|t:|1740935622\n|switch|p1a: Jynx|Jynx|32/100 par\n|move|p2a: Exeggutor|Psychic|p1a: Jynx\n|-resisted|p1a: Jynx\n|-damage|p1a: Jynx|13/100 par\n|\n|upkeep\n|turn|27\n|\n|t:|1740935632\n|move|p2a: Exeggutor|Psychic|p1a: Jynx\n|-resisted|p1a: Jynx\n|-damage|p1a: Jynx|0 fnt\n|faint|p1a: Jynx\n|\n|t:|1740935635\n|switch|p1a: Starmie|Starmie|100/100\n|turn|28\n|\n|t:|1740935639\n|switch|p1a: Snorlax|Snorlax|27/100\n|move|p2a: Exeggutor|Sleep Powder|p1a: Snorlax\n|-status|p1a: Snorlax|slp|[from] move: Sleep Powder\n|\n|upkeep\n|turn|29\n|\n|t:|1740935649\n|switch|p1a: Starmie|Starmie|100/100\n|move|p2a: Exeggutor|Stun Spore|p1a: Starmie\n|-status|p1a: Starmie|par\n|\n|upkeep\n|turn|30\n|inactive|WarumFelix has 270 seconds left.\n|\n|t:|1740935696\n|switch|p2a: Chansey|Chansey|62/100 frz\n|move|p1a: Starmie|Thunder Wave|p2a: Chansey\n|-fail|p2a: Chansey\n|\n|upkeep\n|turn|31\n|\n|t:|1740935710\n|switch|p2a: Zapdos|Zapdos|100/100\n|move|p1a: Starmie|Surf|p2a: Zapdos\n|-damage|p2a: Zapdos|77/100\n|\n|upkeep\n|turn|32\n|\n|t:|1740935726\n|switch|p2a: Exeggutor|Exeggutor|76/100\n|switch|p1a: Snorlax|Snorlax|27/100 slp\n|\n|upkeep\n|turn|33\n|\n|t:|1740935735\n|switch|p2a: Snorlax|Snorlax|100/100\n|switch|p1a: Exeggutor|Exeggutor|100/100\n|\n|upkeep\n|turn|34\n|\n|t:|1740935747\n|switch|p2a: Exeggutor|Exeggutor|76/100\n|move|p1a: Exeggutor|Sleep Powder|p2a: Exeggutor\n|-status|p2a: Exeggutor|slp|[from] move: Sleep Powder\n|\n|upkeep\n|turn|35\n|\n|t:|1740935753\n|switch|p1a: Tauros|Tauros|100/100\n|cant|p2a: Exeggutor|slp\n|\n|upkeep\n|turn|36\n|\n|t:|1740935756\n|switch|p2a: Chansey|Chansey|62/100 frz\n|move|p1a: Tauros|Body Slam|p2a: Chansey\n|-damage|p2a: Chansey|26/100 frz\n|\n|upkeep\n|turn|37\n|inactive|spies rby has 270 seconds left.\n|inactive|spies rby has 240 seconds left.\n|\n|t:|1740935828\n|move|p1a: Tauros|Body Slam|p2a: Chansey\n|-damage|p2a: Chansey|0 fnt\n|faint|p2a: Chansey\n|\n|t:|1740935830\n|switch|p2a: Snorlax|Snorlax|100/100\n|turn|38\n|\n|t:|1740935833\n|move|p1a: Tauros|Body Slam|p2a: Snorlax\n|-crit|p2a: Snorlax\n|-damage|p2a: Snorlax|53/100\n|move|p2a: Snorlax|Body Slam|p1a: Tauros\n|-damage|p1a: Tauros|68/100\n|\n|upkeep\n|turn|39\n|\n|t:|1740935839\n|switch|p1a: Starmie|Starmie|100/100 par\n|move|p2a: Snorlax|Reflect|p2a: Snorlax\n|-start|p2a: Snorlax|Reflect\n|\n|upkeep\n|turn|40\n|\n|t:|1740935843\n|move|p2a: Snorlax|Body Slam|p1a: Starmie\n|-damage|p1a: Starmie|61/100 par\n|move|p1a: Starmie|Thunder Wave|p2a: Snorlax\n|-status|p2a: Snorlax|par\n|\n|upkeep\n|turn|41\n|\n|t:|1740935848\n|move|p1a: Starmie|Surf|p2a: Snorlax\n|-crit|p2a: Snorlax\n|-damage|p2a: Snorlax|0 fnt\n|faint|p2a: Snorlax\n|\n|t:|1740935850\n|switch|p2a: Zapdos|Zapdos|77/100\n|turn|42\n|\n|t:|1740935855\n|move|p2a: Zapdos|Thunderbolt|p1a: Starmie\n|-supereffective|p1a: Starmie\n|-damage|p1a: Starmie|0 fnt\n|faint|p1a: Starmie\n|\n|t:|1740935862\n|switch|p1a: Tauros|Tauros|68/100\n|turn|43\n|\n|t:|1740935873\n|move|p1a: Tauros|Body Slam|p2a: Zapdos\n|-crit|p2a: Zapdos\n|-damage|p2a: Zapdos|17/100\n|move|p2a: Zapdos|Thunder Wave|p1a: Tauros\n|-status|p1a: Tauros|par\n|\n|upkeep\n|turn|44\n|\n|t:|1740935880\n|move|p2a: Zapdos|Thunderbolt|p1a: Tauros\n|-damage|p1a: Tauros|21/100 par\n|move|p1a: Tauros|Body Slam|p2a: Zapdos\n|-damage|p2a: Zapdos|0 fnt\n|faint|p2a: Zapdos\n|\n|t:|1740935881\n|switch|p2a: Exeggutor|Exeggutor|76/100 slp\n|turn|45\n|\n|t:|1740935885\n|cant|p2a: Exeggutor|slp\n|move|p1a: Tauros|Body Slam|p2a: Exeggutor\n|-damage|p2a: Exeggutor|48/100 slp\n|\n|upkeep\n|turn|46\n|\n|t:|1740935887\n|cant|p2a: Exeggutor|slp\n|cant|p1a: Tauros|par\n|\n|upkeep\n|turn|47\n|\n|t:|1740935889\n|cant|p2a: Exeggutor|slp\n|move|p1a: Tauros|Hyper Beam|p2a: Exeggutor\n|-damage|p2a: Exeggutor|0 fnt\n|faint|p2a: Exeggutor\n|\n|win|spies rby\n|c|☆WarumFelix|gg\n|c|☆spies rby|gg\n|player|p2|\n|player|p1|\n","uploadtime":1740935889,"views":"1645","formatid":"gen1ou","rating":null,"private":0,"password":null}