{"id":"smogtours-gen1ou-950634","format":"[Gen 1] OU","players":["Soda Krys","TG2513"],"log":"|inactive|Battle timer is ON: inactive players will automatically lose when time's up.\n|t:|1782577144\n|gametype|singles\n|player|p1|Soda Krys|gwynn|\n|player|p2|TG2513|brycenman|\n|gen|1\n|tier|[Gen 1] OU\n|rule|Desync Clause Mod: Desyncs changed to move failure.\n|rule|HP Percentage Mod: HP is shown in percentages\n|rule|Endless Battle Clause: Forcing endless battles is banned\n|rule|Sleep Clause Mod: Limit one foe put to sleep\n|rule|Freeze Clause Mod: Limit one foe frozen\n|rule|Species Clause: Limit one of each Pokémon\n|rule|OHKO Clause: OHKO moves are banned\n|rule|Evasion Moves Clause: Evasion moves are banned\n|\n|t:|1782577144\n|teamsize|p1|6\n|teamsize|p2|6\n|start\n|switch|p1a: Juno|Jolteon|100/100\n|switch|p2a: Jynx|Jynx|100/100\n|turn|1\n|\n|t:|1782577155\n|switch|p2a: Chansey|Chansey|100/100\n|move|p1a: Juno|Thunder Wave|p2a: Chansey\n|-status|p2a: Chansey|par\n|\n|upkeep\n|turn|2\n|\n|t:|1782577158\n|switch|p2a: Rhydon|Rhydon|100/100\n|move|p1a: Juno|Double Kick|p2a: Rhydon\n|-crit|p2a: Rhydon\n|-supereffective|p2a: Rhydon\n|-damage|p2a: Rhydon|85/100\n|-damage|p2a: Rhydon|69/100\n|-hitcount|p2a: Rhydon|2\n|\n|upkeep\n|turn|3\n|\n|t:|1782577163\n|switch|p1a: Pls Pls Pls|Exeggutor|100/100\n|move|p2a: Rhydon|Body Slam|p1a: Pls Pls Pls\n|-damage|p1a: Pls Pls Pls|78/100\n|\n|upkeep\n|turn|4\n|\n|t:|1782577170\n|switch|p2a: Chansey|Chansey|100/100 par\n|move|p1a: Pls Pls Pls|Psychic|p2a: Chansey\n|-damage|p2a: Chansey|83/100 par\n|\n|upkeep\n|turn|5\n|\n|t:|1782577173\n|switch|p1a: Juno|Jolteon|100/100\n|move|p2a: Chansey|Thunder Wave|p1a: Juno\n|-status|p1a: Juno|par\n|\n|upkeep\n|turn|6\n|\n|t:|1782577179\n|move|p1a: Juno|Double Kick|p2a: Chansey\n|-supereffective|p2a: Chansey\n|-damage|p2a: Chansey|69/100 par\n|-damage|p2a: Chansey|56/100 par\n|-hitcount|p2a: Chansey|2\n|move|p2a: Chansey|Seismic Toss|p1a: Juno\n|-damage|p1a: Juno|70/100 par\n|\n|upkeep\n|turn|7\n|\n|t:|1782577183\n|switch|p1a: Pls Pls Pls|Exeggutor|78/100\n|switch|p2a: Rhydon|Rhydon|69/100\n|\n|upkeep\n|turn|8\n|\n|t:|1782577193\n|switch|p2a: Chansey|Chansey|56/100 par\n|move|p1a: Pls Pls Pls|Psychic|p2a: Chansey\n|-damage|p2a: Chansey|38/100 par\n|-unboost|p2a: Chansey|spa|1\n|-unboost|p2a: Chansey|spd|1\n|\n|upkeep\n|turn|9\n|\n|t:|1782577197\n|switch|p1a: Dumb & Poetic|Persian|100/100\n|move|p2a: Chansey|Soft-Boiled|p2a: Chansey\n|-heal|p2a: Chansey|88/100 par\n|\n|upkeep\n|turn|10\n|\n|t:|1782577199\n|move|p1a: Dumb & Poetic|Slash|p2a: Chansey\n|-crit|p2a: Chansey\n|-damage|p2a: Chansey|40/100 par\n|move|p2a: Chansey|Thunder Wave|p1a: Dumb & Poetic\n|-status|p1a: Dumb & Poetic|par\n|\n|upkeep\n|turn|11\n|\n|t:|1782577208\n|switch|p2a: Rhydon|Rhydon|69/100\n|cant|p1a: Dumb & Poetic|par\n|\n|upkeep\n|turn|12\n|\n|t:|1782577212\n|move|p2a: Rhydon|Body Slam|p1a: Dumb & Poetic\n|-damage|p1a: Dumb & Poetic|65/100 par\n|move|p1a: Dumb & Poetic|Bubble Beam|p2a: Rhydon\n|-supereffective|p2a: Rhydon\n|-damage|p2a: Rhydon|8/100\n|-unboost|p2a: Rhydon|spe|1\n|\n|upkeep\n|turn|13\n|\n|t:|1782577220\n|switch|p1a: Pls Pls Pls|Exeggutor|78/100\n|move|p2a: Rhydon|Earthquake|p1a: Pls Pls Pls\n|-resisted|p1a: Pls Pls Pls\n|-damage|p1a: Pls Pls Pls|58/100\n|\n|upkeep\n|turn|14\n|\n|t:|1782577228\n|move|p1a: Pls Pls Pls|Psychic|p2a: Rhydon\n|-damage|p2a: Rhydon|0 fnt\n|faint|p2a: Rhydon\n|\n|t:|1782577229\n|switch|p2a: Jynx|Jynx|100/100\n|turn|15\n|\n|t:|1782577239\n|switch|p1a: Dumb & Poetic|Persian|65/100 par\n|move|p2a: Jynx|Blizzard|p1a: Dumb & Poetic\n|-damage|p1a: Dumb & Poetic|9/100 par\n|\n|upkeep\n|turn|16\n|\n|t:|1782577243\n|move|p2a: Jynx|Psychic|p1a: Dumb & Poetic\n|-crit|p1a: Dumb & Poetic\n|-damage|p1a: Dumb & Poetic|0 fnt\n|faint|p1a: Dumb & Poetic\n|\n|t:|1782577244\n|switch|p1a: Juno|Jolteon|70/100 par\n|turn|17\n|\n|t:|1782577249\n|move|p2a: Jynx|Blizzard|p1a: Juno\n|-damage|p1a: Juno|30/100 par\n|move|p1a: Juno|Thunder Wave|p2a: Jynx\n|-status|p2a: Jynx|par\n|\n|upkeep\n|turn|18\n|\n|t:|1782577253\n|move|p1a: Juno|Double Kick|p2a: Jynx\n|-damage|p2a: Jynx|91/100 par\n|-damage|p2a: Jynx|81/100 par\n|-hitcount|p2a: Jynx|2\n|move|p2a: Jynx|Blizzard|p1a: Juno\n|-damage|p1a: Juno|0 fnt\n|faint|p1a: Juno\n|\n|t:|1782577255\n|switch|p1a: Espresso|Tauros|100/100\n|turn|19\n|\n|t:|1782577260\n|switch|p2a: Exeggutor|Exeggutor|100/100\n|move|p1a: Espresso|Hyper Beam|p2a: Exeggutor\n|-damage|p2a: Exeggutor|52/100\n|-mustrecharge|p1a: Espresso\n|\n|upkeep\n|turn|20\n|c|☆Soda Krys|misclick oops\n|\n|t:|1782577268\n|cant|p1a: Espresso|recharge\n|move|p2a: Exeggutor|Sleep Powder|p1a: Espresso\n|-status|p1a: Espresso|slp|[from] move: Sleep Powder\n|\n|upkeep\n|turn|21\n|\n|t:|1782577274\n|switch|p1a: Pls Pls Pls|Exeggutor|58/100\n|move|p2a: Exeggutor|Stun Spore|p1a: Pls Pls Pls\n|-status|p1a: Pls Pls Pls|par\n|\n|upkeep\n|turn|22\n|\n|t:|1782577278\n|switch|p2a: Jynx|Jynx|81/100 par\n|switch|p1a: Bed Chem|Snorlax|100/100\n|\n|upkeep\n|turn|23\n|\n|t:|1782577282\n|move|p1a: Bed Chem|Hyper Beam|p2a: Jynx\n|-damage|p2a: Jynx|0 fnt\n|faint|p2a: Jynx\n|\n|t:|1782577289\n|switch|p2a: Cloyster|Cloyster|100/100\n|turn|24\n|\n|t:|1782577293\n|move|p2a: Cloyster|Clamp|p1a: Bed Chem\n|-damage|p1a: Bed Chem|91/100\n|cant|p1a: Bed Chem|partiallytrapped\n|\n|upkeep\n|turn|25\n|\n|t:|1782577296\n|move|p2a: Cloyster|Clamp|p1a: Bed Chem|[from] Clamp\n|-damage|p1a: Bed Chem|81/100\n|\n|upkeep\n|turn|26\n|\n|t:|1782577301\n|move|p2a: Cloyster|Clamp|p1a: Bed Chem|[from] Clamp\n|-damage|p1a: Bed Chem|72/100\n|\n|upkeep\n|turn|27\n|\n|t:|1782577306\n|switch|p1a: Taste|Starmie|100/100\n|move|p2a: Cloyster|Clamp|p1a: Taste\n|-resisted|p1a: Taste\n|-damage|p1a: Taste|94/100\n|\n|upkeep\n|turn|28\n|\n|t:|1782577314\n|switch|p1a: Bed Chem|Snorlax|72/100\n|move|p2a: Cloyster|Clamp|p1a: Bed Chem\n|-damage|p1a: Bed Chem|61/100\n|\n|upkeep\n|turn|29\n|\n|t:|1782577317\n|switch|p2a: Chansey|Chansey|40/100 par\n|switch|p1a: Taste|Starmie|94/100\n|\n|upkeep\n|turn|30\n|\n|t:|1782577321\n|switch|p1a: Bed Chem|Snorlax|61/100\n|move|p2a: Chansey|Soft-Boiled|p2a: Chansey\n|-heal|p2a: Chansey|90/100 par\n|\n|upkeep\n|turn|31\n|\n|t:|1782577322\n|move|p1a: Bed Chem|Body Slam|p2a: Chansey\n|-damage|p2a: Chansey|51/100 par\n|cant|p2a: Chansey|par\n|\n|upkeep\n|turn|32\n|\n|t:|1782577328\n|switch|p2a: Exeggutor|Exeggutor|52/100\n|move|p1a: Bed Chem|Hyper Beam|p2a: Exeggutor\n|-damage|p2a: Exeggutor|3/100\n|-mustrecharge|p1a: Bed Chem\n|\n|upkeep\n|turn|33\n|c|☆Soda Krys|oof\n|\n|t:|1782577335\n|move|p2a: Exeggutor|Psychic|p1a: Bed Chem\n|-damage|p1a: Bed Chem|29/100\n|cant|p1a: Bed Chem|recharge\n|\n|upkeep\n|turn|34\n|c|☆Soda Krys|minroll\n|\n|t:|1782577342\n|switch|p1a: Pls Pls Pls|Exeggutor|58/100 par\n|move|p2a: Exeggutor|Psychic|p1a: Pls Pls Pls\n|-resisted|p1a: Pls Pls Pls\n|-damage|p1a: Pls Pls Pls|44/100 par\n|\n|upkeep\n|turn|35\n|\n|t:|1782577346\n|switch|p1a: Espresso|Tauros|100/100 slp\n|move|p2a: Exeggutor|Psychic|p1a: Espresso\n|-damage|p1a: Espresso|54/100 slp\n|\n|upkeep\n|turn|36\n|\n|t:|1782577353\n|switch|p1a: Taste|Starmie|94/100\n|move|p2a: Exeggutor|Psychic|p1a: Taste\n|-resisted|p1a: Taste\n|-damage|p1a: Taste|77/100\n|\n|upkeep\n|turn|37\n|\n|t:|1782577355\n|move|p1a: Taste|Psychic|p2a: Exeggutor\n|-resisted|p2a: Exeggutor\n|-damage|p2a: Exeggutor|0 fnt\n|faint|p2a: Exeggutor\n|\n|t:|1782577361\n|switch|p2a: Chansey|Chansey|51/100 par\n|turn|38\n|\n|t:|1782577365\n|switch|p1a: Pls Pls Pls|Exeggutor|44/100 par\n|move|p2a: Chansey|Thunder Wave|p1a: Pls Pls Pls\n|-fail|p1a: Pls Pls Pls|par\n|\n|upkeep\n|turn|39\n|\n|t:|1782577367\n|move|p1a: Pls Pls Pls|Explosion|p2a: Chansey\n|-damage|p2a: Chansey|0 fnt\n|faint|p2a: Chansey\n|faint|p1a: Pls Pls Pls\n|\n|t:|1782577380\n|switch|p1a: Taste|Starmie|77/100\n|switch|p2a: Tauros|Tauros|100/100\n|turn|40\n|\n|t:|1782577383\n|move|p1a: Taste|Thunder Wave|p2a: Tauros\n|-status|p2a: Tauros|par\n|move|p2a: Tauros|Body Slam|p1a: Taste\n|-crit|p1a: Taste\n|-damage|p1a: Taste|15/100\n|-status|p1a: Taste|par\n|\n|upkeep\n|turn|41\n|\n|t:|1782577387\n|move|p1a: Taste|Recover|p1a: Taste\n|-heal|p1a: Taste|65/100 par\n|move|p2a: Tauros|Hyper Beam|p1a: Taste\n|-damage|p1a: Taste|1/100 par\n|-mustrecharge|p2a: Tauros\n|\n|upkeep\n|turn|42\n|\n|t:|1782577391\n|move|p1a: Taste|Recover|p1a: Taste\n|-heal|p1a: Taste|51/100 par\n|cant|p2a: Tauros|recharge\n|\n|upkeep\n|turn|43\n|\n|t:|1782577393\n|cant|p1a: Taste|par\n|cant|p2a: Tauros|par\n|\n|upkeep\n|turn|44\n|\n|t:|1782577396\n|move|p1a: Taste|Recover|p1a: Taste\n|-heal|p1a: Taste|100/100 par\n|move|p2a: Tauros|Thunderbolt|p1a: Taste\n|-supereffective|p1a: Taste\n|-damage|p1a: Taste|60/100 par\n|\n|upkeep\n|turn|45\n|\n|t:|1782577398\n|move|p1a: Taste|Recover|p1a: Taste\n|-heal|p1a: Taste|100/100 par\n|cant|p2a: Tauros|par\n|\n|upkeep\n|turn|46\n|\n|t:|1782577400\n|switch|p1a: Espresso|Tauros|54/100 slp\n|cant|p2a: Tauros|par\n|\n|upkeep\n|turn|47\n|\n|t:|1782577402\n|cant|p1a: Espresso|slp\n|cant|p2a: Tauros|par\n|\n|upkeep\n|turn|48\n|\n|t:|1782577404\n|switch|p2a: Cloyster|Cloyster|100/100\n|cant|p1a: Espresso|slp\n|\n|upkeep\n|turn|49\n|\n|t:|1782577407\n|-curestatus|p1a: Espresso|slp|[msg]\n|move|p2a: Cloyster|Blizzard|p1a: Espresso|[miss]\n|-miss|p2a: Cloyster\n|\n|upkeep\n|turn|50\n|\n|t:|1782577409\n|move|p1a: Espresso|Body Slam|p2a: Cloyster\n|-damage|p2a: Cloyster|79/100\n|move|p2a: Cloyster|Blizzard|p1a: Espresso\n|-damage|p1a: Espresso|10/100\n|\n|upkeep\n|turn|51\n|\n|t:|1782577412\n|move|p1a: Espresso|Body Slam|p2a: Cloyster\n|-damage|p2a: Cloyster|57/100\n|move|p2a: Cloyster|Blizzard|p1a: Espresso\n|-damage|p1a: Espresso|0 fnt\n|faint|p1a: Espresso\n|\n|t:|1782577413\n|switch|p1a: Bed Chem|Snorlax|29/100\n|turn|52\n|\n|t:|1782577419\n|switch|p1a: Taste|Starmie|100/100 par\n|move|p2a: Cloyster|Blizzard|p1a: Taste|[miss]\n|-miss|p2a: Cloyster\n|\n|upkeep\n|turn|53\n|\n|t:|1782577423\n|move|p2a: Cloyster|Clamp|p1a: Taste\n|-crit|p1a: Taste\n|-resisted|p1a: Taste\n|-damage|p1a: Taste|90/100 par\n|cant|p1a: Taste|partiallytrapped\n|\n|upkeep\n|turn|54\n|\n|t:|1782577425\n|move|p2a: Cloyster|Clamp|p1a: Taste|[from] Clamp\n|-damage|p1a: Taste|79/100 par\n|\n|upkeep\n|turn|55\n|\n|t:|1782577427\n|move|p2a: Cloyster|Clamp|p1a: Taste|[from] Clamp\n|-damage|p1a: Taste|68/100 par\n|\n|upkeep\n|turn|56\n|\n|t:|1782577431\n|move|p2a: Cloyster|Explosion|p1a: Taste\n|-damage|p1a: Taste|0 fnt\n|faint|p1a: Taste\n|faint|p2a: Cloyster\n|\n|t:|1782577433\n|switch|p2a: Tauros|Tauros|100/100 par\n|switch|p1a: Bed Chem|Snorlax|29/100\n|turn|57\n|\n|t:|1782577435\n|move|p1a: Bed Chem|Self-Destruct|p2a: Tauros\n|-damage|p2a: Tauros|0 fnt\n|faint|p2a: Tauros\n|faint|p1a: Bed Chem\n|\n|tie\n|c|☆Soda Krys|we tie mf\n|c|☆Soda Krys|gg\n","uploadtime":1782577435,"views":"56","formatid":"gen1ou","rating":null,"private":0,"password":null}