{"id":"smogtours-gen1ou-821716","format":"[Gen 1] OU","players":["shiloh","Sceptross"],"log":"|inactive|Battle timer is ON: inactive players will automatically lose when time's up.\n|t:|1740335594\n|gametype|singles\n|player|p1|shiloh|#splxvitigers2|\n|player|p2|Sceptross|#splxvicryonicles|\n|teamsize|p1|6\n|teamsize|p2|6\n|gen|1\n|tier|[Gen 1] OU\n|rule|Desync Clause Mod: Desyncs changed to move failure.\n|rule|Sleep Clause Mod: Limit one foe put to sleep\n|rule|Freeze Clause Mod: Limit one foe frozen\n|rule|Species Clause: Limit one of each Pokémon\n|rule|OHKO Clause: OHKO moves are banned\n|rule|Evasion Moves Clause: Evasion moves are banned\n|rule|Endless Battle Clause: Forcing endless battles is banned\n|rule|HP Percentage Mod: HP is shown in percentages\n|\n|t:|1740335594\n|start\n|switch|p1a: FIRST OF THE SUN|Jynx|100/100\n|switch|p2a: Alakazam|Alakazam|100/100\n|turn|1\n|c|☆Sceptross|gl hf\n|\n|t:|1740335602\n|move|p2a: Alakazam|Thunder Wave|p1a: FIRST OF THE SUN\n|-status|p1a: FIRST OF THE SUN|par\n|move|p1a: FIRST OF THE SUN|Lovely Kiss|p2a: Alakazam|[miss]\n|-miss|p1a: FIRST OF THE SUN\n|\n|upkeep\n|turn|2\n|rated|Smogon Premier League\n|\n|t:|1740335608\n|move|p2a: Alakazam|Seismic Toss|p1a: FIRST OF THE SUN\n|-damage|p1a: FIRST OF THE SUN|70/100 par\n|move|p1a: FIRST OF THE SUN|Lovely Kiss|p2a: Alakazam\n|-status|p2a: Alakazam|slp|[from] move: Lovely Kiss\n|\n|upkeep\n|turn|3\n|inactive|Sceptross has 270 seconds left.\n|\n|t:|1740335654\n|cant|p2a: Alakazam|slp\n|cant|p1a: FIRST OF THE SUN|par\n|\n|upkeep\n|turn|4\n|\n|t:|1740335662\n|switch|p2a: Chansey|Chansey|100/100\n|move|p1a: FIRST OF THE SUN|Ice Beam|p2a: Chansey\n|-damage|p2a: Chansey|86/100\n|\n|upkeep\n|turn|5\n|\n|t:|1740335666\n|move|p2a: Chansey|Thunderbolt|p1a: FIRST OF THE SUN\n|-damage|p1a: FIRST OF THE SUN|46/100 par\n|move|p1a: FIRST OF THE SUN|Ice Beam|p2a: Chansey\n|-damage|p2a: Chansey|70/100\n|\n|upkeep\n|turn|6\n|\n|t:|1740335672\n|move|p2a: Chansey|Soft-Boiled|p2a: Chansey\n|-heal|p2a: Chansey|100/100\n|move|p1a: FIRST OF THE SUN|Rest|p1a: FIRST OF THE SUN\n|-status|p1a: FIRST OF THE SUN|slp|[from] move: Rest\n|-heal|p1a: FIRST OF THE SUN|100/100 slp|[silent]\n|\n|upkeep\n|turn|7\n|\n|t:|1740335676\n|move|p2a: Chansey|Thunderbolt|p1a: FIRST OF THE SUN\n|-damage|p1a: FIRST OF THE SUN|77/100 slp\n|cant|p1a: FIRST OF THE SUN|slp\n|\n|upkeep\n|turn|8\n|\n|t:|1740335686\n|move|p2a: Chansey|Thunderbolt|p1a: FIRST OF THE SUN\n|-damage|p1a: FIRST OF THE SUN|54/100 slp\n|-curestatus|p1a: FIRST OF THE SUN|slp|[msg]\n|\n|upkeep\n|turn|9\n|\n|t:|1740335691\n|switch|p1a: SIXTH OF THE DUSK|Alakazam|100/100\n|move|p2a: Chansey|Thunderbolt|p1a: SIXTH OF THE DUSK\n|-damage|p1a: SIXTH OF THE DUSK|79/100\n|\n|upkeep\n|turn|10\n|rated|Smogon Premier League\n|inactive|Sceptross has 270 seconds left.\n|\n|t:|1740335735\n|move|p1a: SIXTH OF THE DUSK|Thunder Wave|p2a: Chansey\n|-status|p2a: Chansey|par\n|move|p2a: Chansey|Thunder Wave|p1a: SIXTH OF THE DUSK\n|-status|p1a: SIXTH OF THE DUSK|par\n|\n|upkeep\n|turn|11\n|\n|t:|1740335741\n|move|p1a: SIXTH OF THE DUSK|Psychic|p2a: Chansey\n|-crit|p2a: Chansey\n|-damage|p2a: Chansey|63/100 par\n|cant|p2a: Chansey|par\n|\n|upkeep\n|turn|12\n|\n|t:|1740335744\n|cant|p1a: SIXTH OF THE DUSK|par\n|cant|p2a: Chansey|par\n|\n|upkeep\n|turn|13\n|\n|t:|1740335747\n|move|p1a: SIXTH OF THE DUSK|Psychic|p2a: Chansey\n|-damage|p2a: Chansey|44/100 par\n|move|p2a: Chansey|Soft-Boiled|p2a: Chansey\n|-heal|p2a: Chansey|94/100 par\n|\n|upkeep\n|turn|14\n|\n|t:|1740335754\n|move|p1a: SIXTH OF THE DUSK|Psychic|p2a: Chansey\n|-damage|p2a: Chansey|76/100 par\n|move|p2a: Chansey|Soft-Boiled|p2a: Chansey\n|-heal|p2a: Chansey|100/100 par\n|\n|upkeep\n|turn|15\n|\n|t:|1740335757\n|move|p1a: SIXTH OF THE DUSK|Recover|p1a: SIXTH OF THE DUSK\n|-heal|p1a: SIXTH OF THE DUSK|100/100 par\n|move|p2a: Chansey|Ice Beam|p1a: SIXTH OF THE DUSK\n|-damage|p1a: SIXTH OF THE DUSK|82/100 par\n|\n|upkeep\n|turn|16\n|\n|t:|1740335766\n|move|p1a: SIXTH OF THE DUSK|Seismic Toss|p2a: Chansey\n|-damage|p2a: Chansey|86/100 par\n|cant|p2a: Chansey|par\n|\n|upkeep\n|turn|17\n|\n|t:|1740335775\n|cant|p1a: SIXTH OF THE DUSK|par\n|move|p2a: Chansey|Ice Beam|p1a: SIXTH OF THE DUSK\n|-damage|p1a: SIXTH OF THE DUSK|62/100 par\n|\n|upkeep\n|turn|18\n|\n|t:|1740335778\n|switch|p2a: Snorlax|Snorlax|100/100\n|move|p1a: SIXTH OF THE DUSK|Recover|p1a: SIXTH OF THE DUSK\n|-heal|p1a: SIXTH OF THE DUSK|100/100 par\n|\n|upkeep\n|turn|19\n|\n|t:|1740335781\n|switch|p1a: THE PANTHEON|Chansey|100/100\n|move|p2a: Snorlax|Body Slam|p1a: THE PANTHEON\n|-damage|p1a: THE PANTHEON|60/100\n|\n|upkeep\n|turn|20\n|\n|t:|1740335789\n|switch|p2a: Exeggutor|Exeggutor|100/100\n|move|p1a: THE PANTHEON|Soft-Boiled|p1a: THE PANTHEON\n|-heal|p1a: THE PANTHEON|100/100\n|\n|upkeep\n|turn|21\n|\n|t:|1740335801\n|switch|p1a: SIXTH OF THE DUSK|Alakazam|100/100 par\n|move|p2a: Exeggutor|Psychic|p1a: SIXTH OF THE DUSK\n|-resisted|p1a: SIXTH OF THE DUSK\n|-damage|p1a: SIXTH OF THE DUSK|84/100 par\n|\n|upkeep\n|turn|22\n|\n|t:|1740335805\n|switch|p2a: Chansey|Chansey|86/100 par\n|move|p1a: SIXTH OF THE DUSK|Thunder Wave|p2a: Chansey\n|-fail|p2a: Chansey|par\n|\n|upkeep\n|turn|23\n|\n|t:|1740335808\n|switch|p2a: Snorlax|Snorlax|100/100\n|cant|p1a: SIXTH OF THE DUSK|par\n|\n|upkeep\n|turn|24\n|\n|t:|1740335813\n|switch|p1a: THE PANTHEON|Chansey|100/100\n|move|p2a: Snorlax|Body Slam|p1a: THE PANTHEON\n|-damage|p1a: THE PANTHEON|61/100\n|\n|upkeep\n|turn|25\n|\n|t:|1740335817\n|move|p1a: THE PANTHEON|Soft-Boiled|p1a: THE PANTHEON\n|-heal|p1a: THE PANTHEON|100/100\n|move|p2a: Snorlax|Body Slam|p1a: THE PANTHEON\n|-damage|p1a: THE PANTHEON|57/100\n|\n|upkeep\n|turn|26\n|\n|t:|1740335820\n|move|p1a: THE PANTHEON|Soft-Boiled|p1a: THE PANTHEON\n|-heal|p1a: THE PANTHEON|100/100\n|move|p2a: Snorlax|Body Slam|p1a: THE PANTHEON\n|-damage|p1a: THE PANTHEON|57/100\n|\n|upkeep\n|turn|27\n|\n|t:|1740335828\n|move|p1a: THE PANTHEON|Soft-Boiled|p1a: THE PANTHEON\n|-heal|p1a: THE PANTHEON|100/100\n|move|p2a: Snorlax|Body Slam|p1a: THE PANTHEON\n|-damage|p1a: THE PANTHEON|59/100\n|\n|upkeep\n|turn|28\n|\n|t:|1740335833\n|move|p1a: THE PANTHEON|Soft-Boiled|p1a: THE PANTHEON\n|-heal|p1a: THE PANTHEON|100/100\n|move|p2a: Snorlax|Reflect|p2a: Snorlax\n|-start|p2a: Snorlax|Reflect\n|\n|upkeep\n|turn|29\n|\n|t:|1740335839\n|switch|p2a: Chansey|Chansey|86/100 par\n|move|p1a: THE PANTHEON|Thunder Wave|p2a: Chansey\n|-fail|p2a: Chansey|par\n|\n|upkeep\n|turn|30\n|\n|t:|1740335844\n|switch|p1a: PATJI'S EYE|Snorlax|100/100\n|cant|p2a: Chansey|par\n|\n|upkeep\n|turn|31\n|\n|t:|1740335847\n|switch|p2a: Snorlax|Snorlax|100/100\n|move|p1a: PATJI'S EYE|Body Slam|p2a: Snorlax\n|-damage|p2a: Snorlax|74/100\n|\n|upkeep\n|turn|32\n|\n|t:|1740335850\n|switch|p1a: THE PANTHEON|Chansey|100/100\n|move|p2a: Snorlax|Reflect|p2a: Snorlax\n|-start|p2a: Snorlax|Reflect\n|\n|upkeep\n|turn|33\n|\n|t:|1740335858\n|move|p1a: THE PANTHEON|Thunder Wave|p2a: Snorlax\n|-status|p2a: Snorlax|par\n|move|p2a: Snorlax|Body Slam|p1a: THE PANTHEON\n|-damage|p1a: THE PANTHEON|57/100\n|\n|upkeep\n|turn|34\n|\n|t:|1740335862\n|move|p1a: THE PANTHEON|Soft-Boiled|p1a: THE PANTHEON\n|-heal|p1a: THE PANTHEON|100/100\n|move|p2a: Snorlax|Body Slam|p1a: THE PANTHEON\n|-damage|p1a: THE PANTHEON|60/100\n|\n|upkeep\n|turn|35\n|\n|t:|1740335865\n|move|p1a: THE PANTHEON|Soft-Boiled|p1a: THE PANTHEON\n|-heal|p1a: THE PANTHEON|100/100\n|move|p2a: Snorlax|Body Slam|p1a: THE PANTHEON\n|-damage|p1a: THE PANTHEON|60/100\n|\n|upkeep\n|turn|36\n|\n|t:|1740335868\n|move|p1a: THE PANTHEON|Soft-Boiled|p1a: THE PANTHEON\n|-heal|p1a: THE PANTHEON|100/100\n|cant|p2a: Snorlax|par\n|\n|upkeep\n|turn|37\n|\n|t:|1740335875\n|move|p2a: Snorlax|Body Slam|p1a: THE PANTHEON\n|-damage|p1a: THE PANTHEON|62/100\n|move|p1a: THE PANTHEON|Counter|p2a: Snorlax\n|-damage|p2a: Snorlax|0 fnt\n|faint|p2a: Snorlax\n|\n|t:|1740335896\n|switch|p2a: Exeggutor|Exeggutor|100/100\n|turn|38\n|\n|t:|1740335906\n|move|p2a: Exeggutor|Psychic|p1a: THE PANTHEON\n|-damage|p1a: THE PANTHEON|44/100\n|move|p1a: THE PANTHEON|Thunder Wave|p2a: Exeggutor\n|-status|p2a: Exeggutor|par\n|\n|upkeep\n|turn|39\n|\n|t:|1740335915\n|switch|p1a: SIXTH OF THE DUSK|Alakazam|84/100 par\n|switch|p2a: Tauros|Tauros|100/100\n|\n|upkeep\n|turn|40\n|\n|t:|1740335922\n|switch|p1a: PATJI'S EYE|Snorlax|100/100\n|move|p2a: Tauros|Body Slam|p1a: PATJI'S EYE\n|-damage|p1a: PATJI'S EYE|76/100\n|\n|upkeep\n|turn|41\n|\n|t:|1740335929\n|move|p2a: Tauros|Blizzard|p1a: PATJI'S EYE\n|-damage|p1a: PATJI'S EYE|57/100\n|move|p1a: PATJI'S EYE|Body Slam|p2a: Tauros\n|-damage|p2a: Tauros|70/100\n|\n|upkeep\n|turn|42\n|\n|t:|1740335948\n|move|p2a: Tauros|Blizzard|p1a: PATJI'S EYE|[miss]\n|-miss|p2a: Tauros\n|move|p1a: PATJI'S EYE|Body Slam|p2a: Tauros\n|-damage|p2a: Tauros|37/100\n|\n|upkeep\n|turn|43\n|\n|t:|1740335971\n|switch|p2a: Alakazam|Alakazam|100/100 slp\n|move|p1a: PATJI'S EYE|Body Slam|p2a: Alakazam\n|-damage|p2a: Alakazam|47/100 slp\n|\n|upkeep\n|turn|44\n|\n|t:|1740335975\n|-curestatus|p2a: Alakazam|slp|[msg]\n|move|p1a: PATJI'S EYE|Body Slam|p2a: Alakazam\n|-damage|p2a: Alakazam|0 fnt\n|faint|p2a: Alakazam\n|\n|t:|1740335978\n|switch|p2a: Zapdos|Zapdos|100/100\n|turn|45\n|\n|t:|1740335981\n|move|p2a: Zapdos|Thunderbolt|p1a: PATJI'S EYE\n|-crit|p1a: PATJI'S EYE\n|-damage|p1a: PATJI'S EYE|0 fnt\n|faint|p1a: PATJI'S EYE\n|\n|t:|1740336005\n|switch|p1a: FIRST OF THE SUN|Jynx|54/100\n|turn|46\n|\n|t:|1740336014\n|switch|p2a: Chansey|Chansey|86/100 par\n|move|p1a: FIRST OF THE SUN|Ice Beam|p2a: Chansey\n|-damage|p2a: Chansey|70/100 par\n|\n|upkeep\n|turn|47\n|\n|t:|1740336021\n|switch|p1a: THE PANTHEON|Chansey|44/100\n|move|p2a: Chansey|Soft-Boiled|p2a: Chansey\n|-heal|p2a: Chansey|100/100 par\n|\n|upkeep\n|turn|48\n|\n|t:|1740336034\n|move|p1a: THE PANTHEON|Soft-Boiled|p1a: THE PANTHEON\n|-heal|p1a: THE PANTHEON|94/100\n|move|p2a: Chansey|Ice Beam|p1a: THE PANTHEON\n|-damage|p1a: THE PANTHEON|83/100\n|-status|p1a: THE PANTHEON|frz\n|\n|upkeep\n|turn|49\n|\n|t:|1740336050\n|switch|p1a: SIXTH OF THE DUSK|Alakazam|84/100 par\n|switch|p2a: Tauros|Tauros|37/100\n|\n|upkeep\n|turn|50\n|\n|t:|1740336058\n|switch|p1a: THE PANTHEON|Chansey|83/100 frz\n|move|p2a: Tauros|Body Slam|p1a: THE PANTHEON\n|-damage|p1a: THE PANTHEON|47/100 frz\n|\n|upkeep\n|turn|51\n|\n|t:|1740336063\n|move|p2a: Tauros|Body Slam|p1a: THE PANTHEON\n|-damage|p1a: THE PANTHEON|7/100 frz\n|cant|p1a: THE PANTHEON|frz\n|\n|upkeep\n|turn|52\n|\n|t:|1740336066\n|move|p2a: Tauros|Earthquake|p1a: THE PANTHEON\n|-damage|p1a: THE PANTHEON|0 fnt\n|faint|p1a: THE PANTHEON\n|\n|t:|1740336068\n|switch|p1a: STORMBLESSED|Tauros|100/100\n|turn|53\n|inactive|Sceptross has 270 seconds left.\n|inactive|Sceptross has 240 seconds left.\n|inactive|Sceptross has 210 seconds left.\n|\n|t:|1740336166\n|move|p1a: STORMBLESSED|Body Slam|p2a: Tauros\n|-damage|p2a: Tauros|8/100\n|move|p2a: Tauros|Body Slam|p1a: STORMBLESSED\n|-damage|p1a: STORMBLESSED|72/100\n|\n|upkeep\n|turn|54\n|inactive|Sceptross has 210 seconds left.\n|\n|t:|1740336177\n|switch|p2a: Exeggutor|Exeggutor|100/100 par\n|move|p1a: STORMBLESSED|Body Slam|p2a: Exeggutor\n|-crit|p2a: Exeggutor\n|-damage|p2a: Exeggutor|46/100 par\n|\n|upkeep\n|turn|55\n|inactive|Sceptross has 210 seconds left.\n|\n|t:|1740336195\n|move|p1a: STORMBLESSED|Hyper Beam|p2a: Exeggutor\n|-damage|p2a: Exeggutor|0 fnt\n|faint|p2a: Exeggutor\n|\n|t:|1740336200\n|switch|p2a: Zapdos|Zapdos|100/100\n|turn|56\n|inactive|Sceptross has 210 seconds left.\n|\n|t:|1740336213\n|move|p1a: STORMBLESSED|Body Slam|p2a: Zapdos\n|-crit|p2a: Zapdos\n|-damage|p2a: Zapdos|41/100\n|move|p2a: Zapdos|Thunderbolt|p1a: STORMBLESSED\n|-crit|p1a: STORMBLESSED\n|-damage|p1a: STORMBLESSED|0 fnt\n|faint|p1a: STORMBLESSED\n|\n|t:|1740336232\n|switch|p1a: FIRST OF THE SUN|Jynx|54/100\n|turn|57\n|\n|t:|1740336236\n|switch|p2a: Chansey|Chansey|100/100 par\n|move|p1a: FIRST OF THE SUN|Ice Beam|p2a: Chansey\n|-damage|p2a: Chansey|86/100 par\n|\n|upkeep\n|turn|58\n|\n|t:|1740336260\n|move|p1a: FIRST OF THE SUN|Psychic|p2a: Chansey\n|-damage|p2a: Chansey|72/100 par\n|-unboost|p2a: Chansey|spa|1\n|-unboost|p2a: Chansey|spd|1\n|move|p2a: Chansey|Thunderbolt|p1a: FIRST OF THE SUN\n|-damage|p1a: FIRST OF THE SUN|38/100\n|\n|upkeep\n|turn|59\n|\n|t:|1740336264\n|move|p1a: FIRST OF THE SUN|Psychic|p2a: Chansey\n|-damage|p2a: Chansey|50/100 par\n|-unboost|p2a: Chansey|spa|1\n|-unboost|p2a: Chansey|spd|1\n|cant|p2a: Chansey|par\n|\n|upkeep\n|turn|60\n|\n|t:|1740336270\n|move|p1a: FIRST OF THE SUN|Psychic|p2a: Chansey\n|-crit|p2a: Chansey\n|-damage|p2a: Chansey|23/100 par\n|move|p2a: Chansey|Soft-Boiled|p2a: Chansey\n|-heal|p2a: Chansey|73/100 par\n|\n|upkeep\n|turn|61\n|\n|t:|1740336273\n|move|p1a: FIRST OF THE SUN|Psychic|p2a: Chansey\n|-damage|p2a: Chansey|46/100 par\n|-unboost|p2a: Chansey|spa|1\n|-unboost|p2a: Chansey|spd|1\n|move|p2a: Chansey|Soft-Boiled|p2a: Chansey\n|-heal|p2a: Chansey|96/100 par\n|\n|upkeep\n|turn|62\n|\n|t:|1740336291\n|move|p1a: FIRST OF THE SUN|Ice Beam|p2a: Chansey\n|-damage|p2a: Chansey|57/100 par\n|cant|p2a: Chansey|par\n|\n|upkeep\n|turn|63\n|\n|t:|1740336302\n|move|p1a: FIRST OF THE SUN|Psychic|p2a: Chansey\n|-damage|p2a: Chansey|22/100 par\n|cant|p2a: Chansey|par\n|\n|upkeep\n|turn|64\n|inactive|Sceptross has 240 seconds left.\n|\n|t:|1740336336\n|switch|p2a: Zapdos|Zapdos|41/100\n|move|p1a: FIRST OF THE SUN|Ice Beam|p2a: Zapdos\n|-supereffective|p2a: Zapdos\n|-damage|p2a: Zapdos|0 fnt\n|faint|p2a: Zapdos\n|\n|t:|1740336339\n|switch|p2a: Tauros|Tauros|8/100\n|turn|65\n|\n|t:|1740336345\n|move|p2a: Tauros|Body Slam|p1a: FIRST OF THE SUN\n|-crit|p1a: FIRST OF THE SUN\n|-damage|p1a: FIRST OF THE SUN|0 fnt\n|faint|p1a: FIRST OF THE SUN\n|\n|t:|1740336346\n|switch|p1a: THE ONES ABOVE|Starmie|100/100\n|turn|66\n|\n|t:|1740336354\n|move|p1a: THE ONES ABOVE|Surf|p2a: Tauros\n|-damage|p2a: Tauros|0 fnt\n|faint|p2a: Tauros\n|\n|t:|1740336356\n|switch|p2a: Chansey|Chansey|22/100 par\n|turn|67\n|\n|t:|1740336359\n|move|p1a: THE ONES ABOVE|Surf|p2a: Chansey\n|-crit|p2a: Chansey\n|-damage|p2a: Chansey|0 fnt\n|faint|p2a: Chansey\n|\n|win|shiloh\n","uploadtime":1740336359,"views":"1793","formatid":"gen1ou","rating":null,"private":0,"password":null}