{"id":"smogtours-gen1ou-961359","format":"[Gen 1] OU","players":["BeeOrSomething","Tarvold"],"log":"|inactive|Battle timer is ON: inactive players will automatically lose when time's up.\n|t:|1785704456\n|gametype|singles\n|player|p1|BeeOrSomething|#beeorsomething|\n|player|p2|Tarvold|swimmerf-gen4dp|\n|gen|1\n|tier|[Gen 1] OU\n|rule|Desync Clause Mod: Desyncs resolve to link battle behavior from the acting player's perspective.\n|rule|HP Percentage Mod: HP is shown in percentages\n|rule|Endless Battle Clause: Forcing endless battles is banned\n|rule|Sleep Clause Mod: Limit one foe put to sleep\n|rule|Freeze Clause Mod: Limit one foe frozen\n|rule|Species Clause: Limit one of each Pokémon\n|rule|OHKO Clause: OHKO moves are banned\n|rule|Evasion Moves Clause: Evasion moves are banned\n|\n|t:|1785704456\n|teamsize|p1|6\n|teamsize|p2|6\n|start\n|switch|p1a: Mozilla|Zapdos|100/100\n|switch|p2a: Tauros|Tauros|100/100\n|turn|1\n|c|☆BeeOrSomething|glhf\n|\n|t:|1785704461\n|switch|p2a: Chansey|Chansey|100/100\n|move|p1a: Mozilla|Thunderbolt|p2a: Chansey\n|-crit|p2a: Chansey\n|-damage|p2a: Chansey|64/100\n|\n|upkeep\n|turn|2\n|\n|t:|1785704480\n|move|p1a: Mozilla|Drill Peck|p2a: Chansey\n|-damage|p2a: Chansey|29/100\n|move|p2a: Chansey|Thunder Wave|p1a: Mozilla\n|-status|p1a: Mozilla|par\n|\n|upkeep\n|turn|3\n|inactive|Tarvold has 270 seconds left.\n|\n|t:|1785704517\n|move|p2a: Chansey|Soft-Boiled|p2a: Chansey\n|-heal|p2a: Chansey|79/100\n|move|p1a: Mozilla|Drill Peck|p2a: Chansey\n|-crit|p2a: Chansey\n|-damage|p2a: Chansey|17/100\n|\n|upkeep\n|turn|4\n|\n|t:|1785704523\n|switch|p1a: Eggy|Exeggutor|100/100\n|move|p2a: Chansey|Soft-Boiled|p2a: Chansey\n|-heal|p2a: Chansey|67/100\n|\n|upkeep\n|turn|5\n|inactive|Tarvold has 270 seconds left.\n|\n|t:|1785704534\n|switch|p2a: Tauros|Tauros|100/100\n|move|p1a: Eggy|Sleep Powder|p2a: Tauros\n|-status|p2a: Tauros|slp|[from] move: Sleep Powder\n|\n|upkeep\n|turn|6\n|inactive|Tarvold has 270 seconds left.\n|\n|t:|1785704552\n|switch|p2a: Lapras|Lapras|100/100\n|move|p1a: Eggy|Psychic|p2a: Lapras\n|-damage|p2a: Lapras|74/100\n|-unboost|p2a: Lapras|spa|1\n|-unboost|p2a: Lapras|spd|1\n|\n|upkeep\n|turn|7\n|\n|t:|1785704559\n|move|p2a: Lapras|Blizzard|p1a: Eggy\n|-supereffective|p1a: Eggy\n|-damage|p1a: Eggy|63/100\n|-status|p1a: Eggy|frz\n|cant|p1a: Eggy|frz\n|\n|upkeep\n|turn|8\n|inactive|Tarvold has 270 seconds left.\n|\n|t:|1785704574\n|move|p2a: Lapras|Sing|p1a: Eggy|[miss]\n|-miss|p2a: Lapras\n|cant|p1a: Eggy|frz\n|\n|upkeep\n|turn|9\n|\n|t:|1785704579\n|switch|p2a: Chansey|Chansey|67/100\n|cant|p1a: Eggy|frz\n|\n|upkeep\n|turn|10\n|\n|t:|1785704583\n|switch|p1a: Mozilla|Zapdos|100/100 par\n|move|p2a: Chansey|Soft-Boiled|p2a: Chansey\n|-heal|p2a: Chansey|100/100\n|\n|upkeep\n|turn|11\n|\n|t:|1785704589\n|switch|p2a: Rhydon|Rhydon|100/100\n|move|p1a: Mozilla|Thunder Wave|p2a: Rhydon\n|-immune|p2a: Rhydon\n|\n|upkeep\n|turn|12\n|\n|t:|1785704597\n|switch|p2a: Chansey|Chansey|100/100\n|move|p1a: Mozilla|Drill Peck|p2a: Chansey\n|-damage|p2a: Chansey|66/100\n|\n|upkeep\n|turn|13\n|\n|t:|1785704604\n|switch|p2a: Rhydon|Rhydon|100/100\n|switch|p1a: Shazam|Alakazam|100/100\n|\n|upkeep\n|turn|14\n|\n|t:|1785704613\n|switch|p2a: Chansey|Chansey|66/100\n|move|p1a: Shazam|Psychic|p2a: Chansey\n|-damage|p2a: Chansey|46/100\n|\n|upkeep\n|turn|15\n|\n|t:|1785704621\n|move|p1a: Shazam|Thunder Wave|p2a: Chansey\n|-status|p2a: Chansey|par\n|move|p2a: Chansey|Soft-Boiled|p2a: Chansey\n|-heal|p2a: Chansey|96/100 par\n|\n|upkeep\n|turn|16\n|\n|t:|1785704629\n|switch|p1a: Mozilla|Zapdos|100/100 par\n|move|p2a: Chansey|Ice Beam|p1a: Mozilla\n|-supereffective|p1a: Mozilla\n|-damage|p1a: Mozilla|65/100 par\n|\n|upkeep\n|turn|17\n|\n|t:|1785704635\n|switch|p1a: Me On Weekends|Snorlax|100/100\n|switch|p2a: Rhydon|Rhydon|100/100\n|\n|upkeep\n|turn|18\n|\n|t:|1785704648\n|move|p2a: Rhydon|Substitute|p2a: Rhydon\n|-start|p2a: Rhydon|Substitute\n|-damage|p2a: Rhydon|76/100\n|move|p1a: Me On Weekends|Earthquake|p2a: Rhydon\n|-supereffective|p2a: Rhydon\n|-end|p2a: Rhydon|Substitute\n|\n|upkeep\n|turn|19\n|\n|t:|1785704654\n|switch|p2a: Snorlax|Snorlax|100/100\n|move|p1a: Me On Weekends|Earthquake|p2a: Snorlax\n|-damage|p2a: Snorlax|79/100\n|\n|upkeep\n|turn|20\n|\n|t:|1785704659\n|move|p2a: Snorlax|Reflect|p2a: Snorlax\n|-start|p2a: Snorlax|Reflect\n|move|p1a: Me On Weekends|Body Slam|p2a: Snorlax\n|-damage|p2a: Snorlax|66/100\n|\n|upkeep\n|turn|21\n|\n|t:|1785704664\n|switch|p1a: Inevitable|Gengar|100/100\n|move|p2a: Snorlax|Earthquake|p1a: Inevitable\n|-supereffective|p1a: Inevitable\n|-damage|p1a: Inevitable|31/100\n|\n|upkeep\n|turn|22\n|\n|t:|1785704683\n|switch|p1a: Mozilla|Zapdos|65/100 par\n|move|p2a: Snorlax|Earthquake|p1a: Mozilla\n|-immune|p1a: Mozilla\n|\n|upkeep\n|turn|23\n|\n|t:|1785704688\n|switch|p2a: Rhydon|Rhydon|76/100\n|switch|p1a: Inevitable|Gengar|31/100\n|\n|upkeep\n|turn|24\n|\n|t:|1785704704\n|switch|p2a: Chansey|Chansey|96/100 par\n|move|p1a: Inevitable|Psychic|p2a: Chansey\n|-damage|p2a: Chansey|84/100 par\n|\n|upkeep\n|turn|25\n|\n|t:|1785704719\n|switch|p1a: Me On Weekends|Snorlax|100/100\n|move|p2a: Chansey|Ice Beam|p1a: Me On Weekends\n|-damage|p1a: Me On Weekends|81/100\n|\n|upkeep\n|turn|26\n|\n|t:|1785704732\n|move|p1a: Me On Weekends|Earthquake|p2a: Chansey\n|-damage|p2a: Chansey|54/100 par\n|move|p2a: Chansey|Thunder Wave|p1a: Me On Weekends\n|-status|p1a: Me On Weekends|par\n|\n|upkeep\n|turn|27\n|inactive|Tarvold has 270 seconds left.\n|\n|t:|1785704765\n|cant|p2a: Chansey|par\n|move|p1a: Me On Weekends|Earthquake|p2a: Chansey\n|-damage|p2a: Chansey|19/100 par\n|\n|upkeep\n|turn|28\n|\n|t:|1785704769\n|cant|p2a: Chansey|par\n|cant|p1a: Me On Weekends|par\n|\n|upkeep\n|turn|29\n|\n|t:|1785704773\n|move|p2a: Chansey|Soft-Boiled|p2a: Chansey\n|-heal|p2a: Chansey|69/100 par\n|move|p1a: Me On Weekends|Hyper Beam|p2a: Chansey|[miss]\n|-miss|p1a: Me On Weekends\n|\n|upkeep\n|turn|30\n|inactive|Tarvold has 270 seconds left.\n|\n|t:|1785704808\n|switch|p2a: Tauros|Tauros|100/100 slp\n|move|p1a: Me On Weekends|Body Slam|p2a: Tauros\n|-damage|p2a: Tauros|67/100 slp\n|\n|upkeep\n|turn|31\n|inactive|Tarvold has 270 seconds left.\n|\n|t:|1785704815\n|switch|p2a: Rhydon|Rhydon|76/100\n|move|p1a: Me On Weekends|Body Slam|p2a: Rhydon\n|-resisted|p2a: Rhydon\n|-damage|p2a: Rhydon|64/100\n|-status|p2a: Rhydon|par\n|\n|upkeep\n|turn|32\n|inactive|Tarvold has 270 seconds left.\n|\n|t:|1785704826\n|switch|p2a: Lapras|Lapras|74/100\n|cant|p1a: Me On Weekends|par\n|\n|upkeep\n|turn|33\n|\n|t:|1785704846\n|switch|p1a: Eggy|Exeggutor|63/100 frz\n|move|p2a: Lapras|Blizzard|p1a: Eggy\n|-supereffective|p1a: Eggy\n|-damage|p1a: Eggy|2/100 frz\n|\n|upkeep\n|turn|34\n|\n|t:|1785704854\n|move|p2a: Lapras|Sing|p1a: Eggy\n|-fail|p1a: Eggy\n|cant|p1a: Eggy|frz\n|\n|upkeep\n|turn|35\n|\n|t:|1785704869\n|move|p2a: Lapras|Body Slam|p1a: Eggy\n|-crit|p1a: Eggy\n|-damage|p1a: Eggy|0 fnt\n|faint|p1a: Eggy\n|\n|t:|1785704877\n|switch|p1a: Inevitable|Gengar|31/100\n|turn|36\n|inactive|Tarvold has 270 seconds left.\n|inactive|BeeOrSomething has 270 seconds left.\n|inactive|Tarvold has 240 seconds left.\n|\n|t:|1785704939\n|switch|p2a: Chansey|Chansey|69/100 par\n|move|p1a: Inevitable|Thunderbolt|p2a: Chansey\n|-damage|p2a: Chansey|57/100 par\n|\n|upkeep\n|turn|37\n|inactive|BeeOrSomething has 240 seconds left.\n|\n|t:|1785704966\n|move|p1a: Inevitable|Explosion|p2a: Chansey\n|-damage|p2a: Chansey|0 fnt\n|faint|p2a: Chansey\n|faint|p1a: Inevitable\n|\n|t:|1785704982\n|switch|p1a: Shazam|Alakazam|100/100\n|switch|p2a: Starmie|Starmie|100/100\n|turn|38\n|\n|t:|1785704985\n|move|p1a: Shazam|Thunder Wave|p2a: Starmie\n|-status|p2a: Starmie|par\n|move|p2a: Starmie|Thunder Wave|p1a: Shazam\n|-status|p1a: Shazam|par\n|\n|upkeep\n|turn|39\n|\n|t:|1785704992\n|move|p1a: Shazam|Seismic Toss|p2a: Starmie\n|-damage|p2a: Starmie|70/100 par\n|cant|p2a: Starmie|par\n|\n|upkeep\n|turn|40\n|\n|t:|1785704996\n|move|p1a: Shazam|Psychic|p2a: Starmie\n|-resisted|p2a: Starmie\n|-damage|p2a: Starmie|48/100 par\n|cant|p2a: Starmie|par\n|\n|upkeep\n|turn|41\n|\n|t:|1785705001\n|move|p1a: Shazam|Psychic|p2a: Starmie\n|-crit|p2a: Starmie\n|-resisted|p2a: Starmie\n|-damage|p2a: Starmie|11/100 par\n|move|p2a: Starmie|Recover|p2a: Starmie\n|-heal|p2a: Starmie|61/100 par\n|\n|upkeep\n|turn|42\n|\n|t:|1785705007\n|move|p1a: Shazam|Seismic Toss|p2a: Starmie\n|-damage|p2a: Starmie|30/100 par\n|move|p2a: Starmie|Recover|p2a: Starmie\n|-heal|p2a: Starmie|80/100 par\n|\n|upkeep\n|turn|43\n|\n|t:|1785705014\n|move|p1a: Shazam|Psychic|p2a: Starmie\n|-crit|p2a: Starmie\n|-resisted|p2a: Starmie\n|-damage|p2a: Starmie|38/100 par\n|-unboost|p2a: Starmie|spa|1\n|-unboost|p2a: Starmie|spd|1\n|cant|p2a: Starmie|par\n|\n|upkeep\n|turn|44\n|inactive|BeeOrSomething has 270 seconds left.\n|\n|t:|1785705021\n|move|p1a: Shazam|Psychic|p2a: Starmie\n|-resisted|p2a: Starmie\n|-damage|p2a: Starmie|9/100 par\n|-unboost|p2a: Starmie|spa|1\n|-unboost|p2a: Starmie|spd|1\n|move|p2a: Starmie|Recover|p2a: Starmie\n|-heal|p2a: Starmie|58/100 par\n|\n|upkeep\n|turn|45\n|\n|t:|1785705029\n|move|p1a: Shazam|Psychic|p2a: Starmie\n|-resisted|p2a: Starmie\n|-damage|p2a: Starmie|20/100 par\n|-unboost|p2a: Starmie|spa|1\n|-unboost|p2a: Starmie|spd|1\n|move|p2a: Starmie|Recover|p2a: Starmie\n|-heal|p2a: Starmie|70/100 par\n|\n|upkeep\n|turn|46\n|\n|t:|1785705038\n|switch|p2a: Tauros|Tauros|67/100 slp\n|move|p1a: Shazam|Psychic|p2a: Tauros\n|-damage|p2a: Tauros|22/100 slp\n|\n|upkeep\n|turn|47\n|\n|t:|1785705047\n|cant|p2a: Tauros|slp\n|cant|p1a: Shazam|par\n|\n|upkeep\n|turn|48\n|\n|t:|1785705064\n|cant|p2a: Tauros|slp\n|move|p1a: Shazam|Seismic Toss|p2a: Tauros\n|-damage|p2a: Tauros|0 fnt\n|faint|p2a: Tauros\n|\n|t:|1785705069\n|switch|p2a: Snorlax|Snorlax|66/100\n|turn|49\n|\n|t:|1785705076\n|switch|p1a: Mozilla|Zapdos|65/100 par\n|move|p2a: Snorlax|Body Slam|p1a: Mozilla\n|-damage|p1a: Mozilla|33/100 par\n|\n|upkeep\n|turn|50\n|\n|t:|1785705089\n|move|p2a: Snorlax|Body Slam|p1a: Mozilla\n|-damage|p1a: Mozilla|0 fnt\n|faint|p1a: Mozilla\n|\n|t:|1785705094\n|switch|p1a: Raging Bull|Tauros|100/100\n|turn|51\n|\n|t:|1785705109\n|move|p1a: Raging Bull|Body Slam|p2a: Snorlax\n|-damage|p2a: Snorlax|41/100\n|move|p2a: Snorlax|Body Slam|p1a: Raging Bull\n|-damage|p1a: Raging Bull|68/100\n|\n|upkeep\n|turn|52\n|\n|t:|1785705122\n|switch|p2a: Rhydon|Rhydon|64/100 par\n|move|p1a: Raging Bull|Body Slam|p2a: Rhydon\n|-resisted|p2a: Rhydon\n|-damage|p2a: Rhydon|53/100 par\n|\n|upkeep\n|turn|53\n|\n|t:|1785705149\n|move|p1a: Raging Bull|Earthquake|p2a: Rhydon\n|-crit|p2a: Rhydon\n|-supereffective|p2a: Rhydon\n|-damage|p2a: Rhydon|0 fnt\n|faint|p2a: Rhydon\n|\n|t:|1785705154\n|switch|p2a: Lapras|Lapras|74/100\n|turn|54\n|inactive|BeeOrSomething has 270 seconds left.\n|\n|t:|1785705179\n|switch|p1a: Me On Weekends|Snorlax|81/100 par\n|move|p2a: Lapras|Blizzard|p1a: Me On Weekends\n|-damage|p1a: Me On Weekends|48/100 par\n|\n|upkeep\n|turn|55\n|inactive|BeeOrSomething has 270 seconds left.\n|\n|t:|1785705198\n|switch|p2a: Snorlax|Snorlax|41/100\n|move|p1a: Me On Weekends|Hyper Beam|p2a: Snorlax\n|-damage|p2a: Snorlax|0 fnt\n|faint|p2a: Snorlax\n|\n|t:|1785705205\n|switch|p2a: Starmie|Starmie|70/100 par\n|turn|56\n|inactive|BeeOrSomething has 270 seconds left.\n|\n|t:|1785705213\n|cant|p2a: Starmie|par\n|move|p1a: Me On Weekends|Self-Destruct|p2a: Starmie\n|-damage|p2a: Starmie|0 fnt\n|faint|p2a: Starmie\n|faint|p1a: Me On Weekends\n|inactive|BeeOrSomething has 270 seconds left.\n|\n|t:|1785705223\n|switch|p2a: Lapras|Lapras|74/100\n|switch|p1a: Shazam|Alakazam|100/100 par\n|turn|57\n|\n|t:|1785705227\n|move|p2a: Lapras|Blizzard|p1a: Shazam\n|-damage|p1a: Shazam|62/100 par\n|move|p1a: Shazam|Thunder Wave|p2a: Lapras\n|-status|p2a: Lapras|par\n|\n|upkeep\n|turn|58\n|\n|t:|1785705232\n|cant|p1a: Shazam|par\n|move|p2a: Lapras|Blizzard|p1a: Shazam|[miss]\n|-miss|p2a: Lapras\n|\n|upkeep\n|turn|59\n|\n|t:|1785705238\n|move|p1a: Shazam|Psychic|p2a: Lapras\n|-damage|p2a: Lapras|46/100 par\n|move|p2a: Lapras|Body Slam|p1a: Shazam\n|-damage|p1a: Shazam|30/100 par\n|\n|upkeep\n|turn|60\n|\n|t:|1785705244\n|move|p1a: Shazam|Psychic|p2a: Lapras\n|-damage|p2a: Lapras|16/100 par\n|move|p2a: Lapras|Body Slam|p1a: Shazam\n|-damage|p1a: Shazam|0 fnt\n|faint|p1a: Shazam\n|\n|t:|1785705245\n|switch|p1a: Raging Bull|Tauros|68/100\n|turn|61\n|\n|t:|1785705251\n|move|p1a: Raging Bull|Body Slam|p2a: Lapras\n|-damage|p2a: Lapras|0 fnt\n|faint|p2a: Lapras\n|\n|win|BeeOrSomething\n|c|☆BeeOrSomething|ggs\n|c|☆Tarvold|ggs\n|player|p1|\n","uploadtime":1785705251,"views":"72","formatid":"gen1ou","rating":null,"private":0,"password":null}