{"id":"smogtours-gen1ou-944930","format":"[Gen 1] OU","players":["big will 2024","A Real Jester"],"log":"|inactive|Battle timer is ON: inactive players will automatically lose when time's up.\n|t:|1780949261\n|gametype|singles\n|player|p1|big will 2024|morty-gen2|\n|player|p2|A Real Jester|red-gen1rb|\n|gen|1\n|tier|[Gen 1] OU\n|rule|Desync Clause Mod: Desyncs changed to move failure.\n|rule|HP Percentage Mod: HP is shown in percentages\n|rule|Endless Battle Clause: Forcing endless battles is banned\n|rule|Sleep Clause Mod: Limit one foe put to sleep\n|rule|Freeze Clause Mod: Limit one foe frozen\n|rule|Species Clause: Limit one of each Pokémon\n|rule|OHKO Clause: OHKO moves are banned\n|rule|Evasion Moves Clause: Evasion moves are banned\n|\n|t:|1780949261\n|teamsize|p1|6\n|teamsize|p2|6\n|start\n|switch|p1a: PublicLobby|Jolteon|100/100\n|switch|p2a: C for Colteor|Chansey|100/100\n|turn|1\n|inactive|big will 2024 also wants the timer to be on.\n|c|☆big will 2024|sigh\n|c|☆big will 2024|lets have a good series\n|c|☆A Real Jester|yeah\n|inactive|big will 2024 has 270 seconds left.\n|c|☆A Real Jester|best of luck, hf \n|inactive|A Real Jester has 270 seconds left.\n|c|☆big will 2024|you too brother\n|c|☆big will 2024|whatever happens its an honor\n|c|☆A Real Jester|likewise\n|inactive|big will 2024 has 240 seconds left.\n|\n|t:|1780949338\n|move|p1a: PublicLobby|Double Kick|p2a: C for Colteor\n|-supereffective|p2a: C for Colteor\n|-damage|p2a: C for Colteor|85/100\n|-damage|p2a: C for Colteor|70/100\n|-hitcount|p2a: C for Colteor|2\n|move|p2a: C for Colteor|Thunder Wave|p1a: PublicLobby\n|-status|p1a: PublicLobby|par\n|\n|upkeep\n|turn|2\n|inactive|big will 2024 has 270 seconds left.\n|inactive|A Real Jester has 270 seconds left.\n|inactive|A Real Jester has 240 seconds left.\n|\n|t:|1780949412\n|switch|p1a: problematicagegap|Chansey|100/100\n|move|p2a: C for Colteor|Seismic Toss|p1a: problematicagegap\n|-damage|p1a: problematicagegap|86/100\n|\n|upkeep\n|turn|3\n|inactive|big will 2024 has 240 seconds left.\n|\n|t:|1780949435\n|move|p1a: problematicagegap|Sing|p2a: C for Colteor\n|-status|p2a: C for Colteor|slp|[from] move: Sing\n|cant|p2a: C for Colteor|slp\n|\n|upkeep\n|turn|4\n|inactive|big will 2024 has 240 seconds left.\n|inactive|A Real Jester has 240 seconds left.\n|\n|t:|1780949479\n|switch|p1a: PublicLobby|Jolteon|100/100 par\n|switch|p2a: Viable?|Exeggutor|100/100\n|\n|upkeep\n|turn|5\n|c|☆big will 2024|C into viable the exeggutor \n|c|☆big will 2024|i understood that reference\n|inactive|A Real Jester has 210 seconds left.\n|inactive|big will 2024 has 210 seconds left.\n|c|☆A Real Jester|i'm going to pretend I don't understand your nicknames for my own sak\n|c|☆A Real Jester|e\n|c|☆big will 2024|LMAOOOO\n|inactive|A Real Jester has 180 seconds left.\n|\n|t:|1780949539\n|move|p2a: Viable?|Psychic|p1a: PublicLobby\n|-damage|p1a: PublicLobby|67/100 par\n|-unboost|p1a: PublicLobby|spa|1\n|-unboost|p1a: PublicLobby|spd|1\n|cant|p1a: PublicLobby|par\n|\n|upkeep\n|turn|6\n|\n|t:|1780949559\n|switch|p1a: problematicagegap|Chansey|86/100\n|move|p2a: Viable?|Psychic|p1a: problematicagegap\n|-damage|p1a: problematicagegap|70/100\n|\n|upkeep\n|turn|7\n|\n|t:|1780949566\n|switch|p1a: PublicLobby|Jolteon|67/100 par\n|move|p2a: Viable?|Sleep Powder|p1a: PublicLobby\n|-fail|p1a: PublicLobby\n|\n|upkeep\n|turn|8\n|\n|t:|1780949578\n|move|p2a: Viable?|Psychic|p1a: PublicLobby\n|-damage|p1a: PublicLobby|34/100 par\n|move|p1a: PublicLobby|Pin Missile|p2a: Viable?\n|-supereffective|p2a: Viable?\n|-damage|p2a: Viable?|90/100\n|-damage|p2a: Viable?|80/100\n|-hitcount|p2a: Viable?|2\n|\n|upkeep\n|turn|9\n|inactive|A Real Jester has 210 seconds left.\n|\n|t:|1780949596\n|switch|p1a: problematicagegap|Chansey|70/100\n|move|p2a: Viable?|Psychic|p1a: problematicagegap\n|-damage|p1a: problematicagegap|53/100\n|\n|upkeep\n|turn|10\n|\n|t:|1780949598\n|move|p2a: Viable?|Sleep Powder|p1a: problematicagegap|[miss]\n|-miss|p2a: Viable?\n|move|p1a: problematicagegap|Soft-Boiled|p1a: problematicagegap\n|-heal|p1a: problematicagegap|100/100\n|\n|upkeep\n|turn|11\n|\n|t:|1780949601\n|move|p2a: Viable?|Sleep Powder|p1a: problematicagegap|[miss]\n|-miss|p2a: Viable?\n|move|p1a: problematicagegap|Thunder Wave|p2a: Viable?\n|-status|p2a: Viable?|par\n|\n|upkeep\n|turn|12\n|\n|t:|1780949605\n|move|p1a: problematicagegap|Seismic Toss|p2a: Viable?\n|-damage|p2a: Viable?|54/100 par\n|move|p2a: Viable?|Sleep Powder|p1a: problematicagegap|[miss]\n|-miss|p2a: Viable?\n|\n|upkeep\n|turn|13\n|\n|t:|1780949613\n|move|p1a: problematicagegap|Seismic Toss|p2a: Viable?\n|-damage|p2a: Viable?|29/100 par\n|cant|p2a: Viable?|par\n|\n|upkeep\n|turn|14\n|\n|t:|1780949618\n|move|p1a: problematicagegap|Seismic Toss|p2a: Viable?\n|-damage|p2a: Viable?|3/100 par\n|move|p2a: Viable?|Rest|p2a: Viable?\n|-status|p2a: Viable?|slp|[from] move: Rest\n|-heal|p2a: Viable?|100/100 slp|[silent]\n|\n|upkeep\n|turn|15\n|inactive|big will 2024 has 240 seconds left.\n|\n|t:|1780949626\n|move|p1a: problematicagegap|Seismic Toss|p2a: Viable?\n|-damage|p2a: Viable?|75/100 slp\n|cant|p2a: Viable?|slp\n|\n|upkeep\n|turn|16\n|\n|t:|1780949630\n|move|p1a: problematicagegap|Seismic Toss|p2a: Viable?\n|-damage|p2a: Viable?|50/100 slp\n|-curestatus|p2a: Viable?|slp|[msg]\n|\n|upkeep\n|turn|17\n|\n|t:|1780949632\n|move|p1a: problematicagegap|Thunder Wave|p2a: Viable?\n|-status|p2a: Viable?|par\n|move|p2a: Viable?|Sleep Powder|p1a: problematicagegap\n|-status|p1a: problematicagegap|slp|[from] move: Sleep Powder\n|\n|upkeep\n|turn|18\n|\n|t:|1780949641\n|switch|p1a: PublicLobby|Jolteon|34/100 par\n|move|p2a: Viable?|Stun Spore|p1a: PublicLobby|[miss]\n|-miss|p2a: Viable?\n|\n|upkeep\n|turn|19\n|\n|t:|1780949645\n|switch|p1a: The Pact|Starmie|100/100\n|switch|p2a: Smelvin's Game|Rhydon|100/100\n|\n|upkeep\n|turn|20\n|c|☆big will 2024|WOW\n|c|☆big will 2024|crazy \n|inactive|big will 2024 has 270 seconds left.\n|\n|t:|1780949665\n|switch|p2a: C for Colteor|Chansey|70/100 slp\n|move|p1a: The Pact|Psychic|p2a: C for Colteor\n|-damage|p2a: C for Colteor|56/100 slp\n|-unboost|p2a: C for Colteor|spa|1\n|-unboost|p2a: C for Colteor|spd|1\n|\n|upkeep\n|turn|21\n|\n|t:|1780949678\n|switch|p2a: Little St. Anne|Starmie|100/100\n|move|p1a: The Pact|Psychic|p2a: Little St. Anne\n|-crit|p2a: Little St. Anne\n|-resisted|p2a: Little St. Anne\n|-damage|p2a: Little St. Anne|70/100\n|\n|upkeep\n|turn|22\n|\n|t:|1780949690\n|switch|p1a: problematicagegap|Chansey|100/100 slp\n|move|p2a: Little St. Anne|Thunder Wave|p1a: problematicagegap\n|-fail|p1a: problematicagegap\n|\n|upkeep\n|turn|23\n|\n|t:|1780949697\n|move|p2a: Little St. Anne|Recover|p2a: Little St. Anne\n|-heal|p2a: Little St. Anne|100/100\n|cant|p1a: problematicagegap|slp\n|\n|upkeep\n|turn|24\n|\n|t:|1780949712\n|switch|p2a: east foulinen|Snorlax|100/100\n|switch|p1a: unwoundfan3|Exeggutor|100/100\n|\n|upkeep\n|turn|25\n|inactive|A Real Jester has 270 seconds left.\n|\n|t:|1780949745\n|switch|p2a: Viable?|Exeggutor|50/100 par\n|move|p1a: unwoundfan3|Psychic|p2a: Viable?\n|-resisted|p2a: Viable?\n|-damage|p2a: Viable?|36/100 par\n|-unboost|p2a: Viable?|spa|1\n|-unboost|p2a: Viable?|spd|1\n|\n|upkeep\n|turn|26\n|\n|t:|1780949750\n|switch|p1a: The Pact|Starmie|100/100\n|move|p2a: Viable?|Rest|p2a: Viable?\n|-status|p2a: Viable?|slp|[from] move: Rest\n|-heal|p2a: Viable?|100/100 slp|[silent]\n|\n|upkeep\n|turn|27\n|\n|t:|1780949762\n|switch|p2a: C for Colteor|Chansey|56/100 slp\n|move|p1a: The Pact|Psychic|p2a: C for Colteor\n|-damage|p2a: C for Colteor|42/100 slp\n|\n|upkeep\n|turn|28\n|\n|t:|1780949770\n|move|p1a: The Pact|Psychic|p2a: C for Colteor\n|-damage|p2a: C for Colteor|27/100 slp\n|cant|p2a: C for Colteor|slp\n|\n|upkeep\n|turn|29\n|\n|t:|1780949774\n|switch|p2a: Little St. Anne|Starmie|100/100\n|move|p1a: The Pact|Psychic|p2a: Little St. Anne\n|-resisted|p2a: Little St. Anne\n|-damage|p2a: Little St. Anne|84/100\n|\n|upkeep\n|turn|30\n|\n|t:|1780949782\n|switch|p2a: Smelvin's Game|Rhydon|100/100\n|switch|p1a: unwoundfan3|Exeggutor|100/100\n|\n|upkeep\n|turn|31\n|\n|t:|1780949788\n|switch|p1a: The Pact|Starmie|100/100\n|switch|p2a: Viable?|Exeggutor|100/100 slp\n|\n|upkeep\n|turn|32\n|\n|t:|1780949791\n|switch|p2a: Little St. Anne|Starmie|84/100\n|move|p1a: The Pact|Thunder Wave|p2a: Little St. Anne\n|-status|p2a: Little St. Anne|par\n|\n|upkeep\n|turn|33\n|\n|t:|1780949810\n|switch|p1a: problematicagegap|Chansey|100/100 slp\n|cant|p2a: Little St. Anne|par\n|\n|upkeep\n|turn|34\n|\n|t:|1780949830\n|cant|p1a: problematicagegap|slp\n|move|p2a: Little St. Anne|Thunder Wave|p1a: problematicagegap\n|-fail|p1a: problematicagegap\n|\n|upkeep\n|turn|35\n|\n|t:|1780949836\n|switch|p2a: east foulinen|Snorlax|100/100\n|cant|p1a: problematicagegap|slp\n|\n|upkeep\n|turn|36\n|\n|t:|1780949847\n|switch|p1a: unwoundfan3|Exeggutor|100/100\n|move|p2a: east foulinen|Body Slam|p1a: unwoundfan3\n|-damage|p1a: unwoundfan3|71/100\n|\n|upkeep\n|turn|37\n|\n|t:|1780949852\n|switch|p2a: Viable?|Exeggutor|100/100 slp\n|move|p1a: unwoundfan3|Psychic|p2a: Viable?\n|-resisted|p2a: Viable?\n|-damage|p2a: Viable?|88/100 slp\n|\n|upkeep\n|turn|38\n|\n|t:|1780949860\n|switch|p1a: The Pact|Starmie|100/100\n|cant|p2a: Viable?|slp\n|\n|upkeep\n|turn|39\n|\n|t:|1780949861\n|switch|p2a: Little St. Anne|Starmie|84/100 par\n|move|p1a: The Pact|Blizzard|p2a: Little St. Anne\n|-resisted|p2a: Little St. Anne\n|-damage|p2a: Little St. Anne|69/100 par\n|\n|upkeep\n|turn|40\n|\n|t:|1780949868\n|switch|p1a: LUCKIESTMANALIVE|Snorlax|100/100\n|move|p2a: Little St. Anne|Recover|p2a: Little St. Anne\n|-heal|p2a: Little St. Anne|100/100 par\n|\n|upkeep\n|turn|41\n|c|☆A Real Jester|me or you? \n|inactive|A Real Jester has 270 seconds left.\n|c|☆big will 2024|you know what im referencing man\n|inactive|A Real Jester has 240 seconds left.\n|c|☆A Real Jester|let a brother play to his outs\n|\n|t:|1780949938\n|switch|p2a: east foulinen|Snorlax|100/100\n|move|p1a: LUCKIESTMANALIVE|Body Slam|p2a: east foulinen\n|-crit|p2a: east foulinen\n|-damage|p2a: east foulinen|46/100\n|\n|upkeep\n|turn|42\n|c|☆big will 2024|maybe it IS me\n|inactive|big will 2024 has 270 seconds left.\n|inactive|A Real Jester has 240 seconds left.\n|\n|t:|1780949974\n|move|p2a: east foulinen|Reflect|p2a: east foulinen\n|-start|p2a: east foulinen|Reflect\n|move|p1a: LUCKIESTMANALIVE|Body Slam|p2a: east foulinen\n|-damage|p2a: east foulinen|34/100\n|\n|upkeep\n|turn|43\n|\n|t:|1780949977\n|switch|p1a: unwoundfan3|Exeggutor|71/100\n|move|p2a: east foulinen|Rest|p2a: east foulinen\n|-status|p2a: east foulinen|slp|[from] move: Rest\n|-heal|p2a: east foulinen|100/100 slp|[silent]\n|\n|upkeep\n|turn|44\n|\n|t:|1780949982\n|switch|p1a: The Pact|Starmie|100/100\n|switch|p2a: Viable?|Exeggutor|88/100 slp\n|\n|upkeep\n|turn|45\n|\n|t:|1780949986\n|move|p1a: The Pact|Psychic|p2a: Viable?\n|-crit|p2a: Viable?\n|-resisted|p2a: Viable?\n|-damage|p2a: Viable?|65/100 slp\n|-curestatus|p2a: Viable?|slp|[msg]\n|\n|upkeep\n|turn|46\n|inactive|A Real Jester has 270 seconds left.\n|\n|t:|1780950010\n|switch|p1a: problematicagegap|Chansey|100/100 slp\n|switch|p2a: Little St. Anne|Starmie|100/100 par\n|\n|upkeep\n|turn|47\n|inactive|A Real Jester has 270 seconds left.\n|\n|t:|1780950022\n|switch|p2a: Viable?|Exeggutor|65/100\n|-curestatus|p1a: problematicagegap|slp|[msg]\n|\n|upkeep\n|turn|48\n|\n|t:|1780950031\n|move|p2a: Viable?|Sleep Powder|p1a: problematicagegap\n|-status|p1a: problematicagegap|slp|[from] move: Sleep Powder\n|cant|p1a: problematicagegap|slp\n|\n|upkeep\n|turn|49\n|inactive|A Real Jester has 270 seconds left.\n|\n|t:|1780950056\n|move|p2a: Viable?|Psychic|p1a: problematicagegap\n|-damage|p1a: problematicagegap|85/100 slp\n|cant|p1a: problematicagegap|slp\n|\n|upkeep\n|turn|50\n|\n|t:|1780950059\n|move|p2a: Viable?|Psychic|p1a: problematicagegap\n|-damage|p1a: problematicagegap|67/100 slp\n|cant|p1a: problematicagegap|slp\n|\n|upkeep\n|turn|51\n|\n|t:|1780950064\n|move|p2a: Viable?|Psychic|p1a: problematicagegap\n|-damage|p1a: problematicagegap|49/100 slp\n|cant|p1a: problematicagegap|slp\n|\n|upkeep\n|turn|52\n|\n|t:|1780950067\n|switch|p1a: unwoundfan3|Exeggutor|71/100\n|move|p2a: Viable?|Psychic|p1a: unwoundfan3\n|-resisted|p1a: unwoundfan3\n|-damage|p1a: unwoundfan3|59/100\n|\n|upkeep\n|turn|53\n|\n|t:|1780950076\n|move|p2a: Viable?|Stun Spore|p1a: unwoundfan3\n|-status|p1a: unwoundfan3|par\n|move|p1a: unwoundfan3|Psychic|p2a: Viable?\n|-resisted|p2a: Viable?\n|-damage|p2a: Viable?|52/100\n|\n|upkeep\n|turn|54\n|\n|t:|1780950088\n|move|p2a: Viable?|Rest|p2a: Viable?\n|-status|p2a: Viable?|slp|[from] move: Rest\n|-heal|p2a: Viable?|100/100 slp|[silent]\n|move|p1a: unwoundfan3|Psychic|p2a: Viable?\n|-resisted|p2a: Viable?\n|-damage|p2a: Viable?|88/100 slp\n|\n|upkeep\n|turn|55\n|\n|t:|1780950117\n|switch|p1a: The Pact|Starmie|100/100\n|cant|p2a: Viable?|slp\n|\n|upkeep\n|turn|56\n|\n|t:|1780950124\n|switch|p2a: Little St. Anne|Starmie|100/100 par\n|move|p1a: The Pact|Blizzard|p2a: Little St. Anne\n|-resisted|p2a: Little St. Anne\n|-damage|p2a: Little St. Anne|86/100 par\n|\n|upkeep\n|turn|57\n|\n|t:|1780950130\n|switch|p1a: LUCKIESTMANALIVE|Snorlax|100/100\n|switch|p2a: east foulinen|Snorlax|100/100 slp\n|\n|upkeep\n|turn|58\n|\n|t:|1780950136\n|switch|p1a: Charlie Brown|Tauros|100/100\n|cant|p2a: east foulinen|slp\n|\n|upkeep\n|turn|59\n|\n|t:|1780950141\n|move|p1a: Charlie Brown|Body Slam|p2a: east foulinen\n|-damage|p2a: east foulinen|76/100 slp\n|-curestatus|p2a: east foulinen|slp|[msg]\n|\n|upkeep\n|turn|60\n|\n|t:|1780950147\n|switch|p1a: LUCKIESTMANALIVE|Snorlax|100/100\n|move|p2a: east foulinen|Body Slam|p1a: LUCKIESTMANALIVE\n|-damage|p1a: LUCKIESTMANALIVE|74/100\n|\n|upkeep\n|turn|61\n|\n|t:|1780950151\n|move|p1a: LUCKIESTMANALIVE|Reflect|p1a: LUCKIESTMANALIVE\n|-start|p1a: LUCKIESTMANALIVE|Reflect\n|move|p2a: east foulinen|Reflect|p2a: east foulinen\n|-start|p2a: east foulinen|Reflect\n|\n|upkeep\n|turn|62\n|\n|t:|1780950154\n|move|p1a: LUCKIESTMANALIVE|Body Slam|p2a: east foulinen\n|-damage|p2a: east foulinen|63/100\n|move|p2a: east foulinen|Body Slam|p1a: LUCKIESTMANALIVE\n|-crit|p1a: LUCKIESTMANALIVE\n|-damage|p1a: LUCKIESTMANALIVE|23/100\n|\n|upkeep\n|turn|63\n|\n|t:|1780950169\n|switch|p2a: Viable?|Exeggutor|88/100 slp\n|move|p1a: LUCKIESTMANALIVE|Body Slam|p2a: Viable?\n|-damage|p2a: Viable?|56/100 slp\n|\n|upkeep\n|turn|64\n|\n|t:|1780950173\n|-curestatus|p2a: Viable?|slp|[msg]\n|move|p1a: LUCKIESTMANALIVE|Body Slam|p2a: Viable?\n|-damage|p2a: Viable?|25/100\n|\n|upkeep\n|turn|65\n|\n|t:|1780950191\n|switch|p1a: The Pact|Starmie|100/100\n|move|p2a: Viable?|Psychic|p1a: The Pact\n|-crit|p1a: The Pact\n|-resisted|p1a: The Pact\n|-damage|p1a: The Pact|61/100\n|\n|upkeep\n|turn|66\n|\n|t:|1780950196\n|switch|p1a: LUCKIESTMANALIVE|Snorlax|23/100\n|switch|p2a: Little St. Anne|Starmie|86/100 par\n|\n|upkeep\n|turn|67\n|\n|t:|1780950201\n|switch|p2a: Smelvin's Game|Rhydon|100/100\n|move|p1a: LUCKIESTMANALIVE|Rest|p1a: LUCKIESTMANALIVE\n|-status|p1a: LUCKIESTMANALIVE|slp|[from] move: Rest\n|-heal|p1a: LUCKIESTMANALIVE|100/100 slp|[silent]\n|\n|upkeep\n|turn|68\n|\n|t:|1780950208\n|switch|p2a: Viable?|Exeggutor|25/100\n|switch|p1a: unwoundfan3|Exeggutor|59/100 par\n|\n|upkeep\n|turn|69\n|\n|t:|1780950214\n|switch|p1a: The Pact|Starmie|61/100\n|move|p2a: Viable?|Psychic|p1a: The Pact\n|-crit|p1a: The Pact\n|-resisted|p1a: The Pact\n|-damage|p1a: The Pact|21/100\n|-unboost|p1a: The Pact|spa|1\n|-unboost|p1a: The Pact|spd|1\n|\n|upkeep\n|turn|70\n|\n|t:|1780950217\n|move|p1a: The Pact|Recover|p1a: The Pact\n|-heal|p1a: The Pact|70/100\n|move|p2a: Viable?|Stun Spore|p1a: The Pact\n|-status|p1a: The Pact|par\n|\n|upkeep\n|turn|71\n|\n|t:|1780950224\n|move|p2a: Viable?|Rest|p2a: Viable?\n|-status|p2a: Viable?|slp|[from] move: Rest\n|-heal|p2a: Viable?|100/100 slp|[silent]\n|move|p1a: The Pact|Blizzard|p2a: Viable?\n|-supereffective|p2a: Viable?\n|-damage|p2a: Viable?|74/100 slp\n|\n|upkeep\n|turn|72\n|\n|t:|1780950230\n|switch|p1a: LUCKIESTMANALIVE|Snorlax|100/100 slp\n|cant|p2a: Viable?|slp\n|\n|upkeep\n|turn|73\n|\n|t:|1780950231\n|-curestatus|p2a: Viable?|slp|[msg]\n|cant|p1a: LUCKIESTMANALIVE|slp\n|\n|upkeep\n|turn|74\n|\n|t:|1780950233\n|move|p2a: Viable?|Psychic|p1a: LUCKIESTMANALIVE\n|-damage|p1a: LUCKIESTMANALIVE|70/100 slp\n|-unboost|p1a: LUCKIESTMANALIVE|spa|1\n|-unboost|p1a: LUCKIESTMANALIVE|spd|1\n|-curestatus|p1a: LUCKIESTMANALIVE|slp|[msg]\n|\n|upkeep\n|turn|75\n|\n|t:|1780950241\n|move|p2a: Viable?|Psychic|p1a: LUCKIESTMANALIVE\n|-damage|p1a: LUCKIESTMANALIVE|26/100\n|-unboost|p1a: LUCKIESTMANALIVE|spa|1\n|-unboost|p1a: LUCKIESTMANALIVE|spd|1\n|move|p1a: LUCKIESTMANALIVE|Self-Destruct|p2a: Viable?\n|-damage|p2a: Viable?|0 fnt\n|faint|p2a: Viable?\n|faint|p1a: LUCKIESTMANALIVE\n|\n|t:|1780950255\n|switch|p2a: east foulinen|Snorlax|63/100\n|switch|p1a: unwoundfan3|Exeggutor|59/100 par\n|turn|76\n|\n|t:|1780950266\n|move|p2a: east foulinen|Body Slam|p1a: unwoundfan3\n|-damage|p1a: unwoundfan3|27/100 par\n|move|p1a: unwoundfan3|Explosion|p2a: east foulinen\n|-damage|p2a: east foulinen|0 fnt\n|faint|p2a: east foulinen\n|faint|p1a: unwoundfan3\n|\n|t:|1780950274\n|switch|p2a: Little St. Anne|Starmie|86/100 par\n|switch|p1a: Charlie Brown|Tauros|100/100\n|turn|77\n|\n|t:|1780950280\n|switch|p1a: PublicLobby|Jolteon|34/100 par\n|switch|p2a: Smelvin's Game|Rhydon|100/100\n|\n|upkeep\n|turn|78\n|\n|t:|1780950286\n|switch|p1a: problematicagegap|Chansey|49/100 slp\n|move|p2a: Smelvin's Game|Substitute|p2a: Smelvin's Game\n|-start|p2a: Smelvin's Game|Substitute\n|-damage|p2a: Smelvin's Game|76/100\n|\n|upkeep\n|turn|79\n|\n|t:|1780950288\n|cant|p1a: problematicagegap|slp\n|move|p2a: Smelvin's Game|Earthquake|p1a: problematicagegap\n|-damage|p1a: problematicagegap|0 fnt\n|faint|p1a: problematicagegap\n|c|☆big will 2024|nice bro\n|\n|t:|1780950296\n|switch|p1a: Charlie Brown|Tauros|100/100\n|turn|80\n|c|☆A Real Jester|ty \n|\n|t:|1780950301\n|move|p1a: Charlie Brown|Earthquake|p2a: Smelvin's Game\n|-supereffective|p2a: Smelvin's Game\n|-end|p2a: Smelvin's Game|Substitute\n|move|p2a: Smelvin's Game|Earthquake|p1a: Charlie Brown\n|-damage|p1a: Charlie Brown|57/100\n|\n|upkeep\n|turn|81\n|\n|t:|1780950307\n|switch|p2a: C for Colteor|Chansey|27/100 slp\n|move|p1a: Charlie Brown|Blizzard|p2a: C for Colteor\n|-damage|p2a: C for Colteor|16/100 slp\n|\n|upkeep\n|turn|82\n|\n|t:|1780950311\n|move|p1a: Charlie Brown|Body Slam|p2a: C for Colteor\n|-damage|p2a: C for Colteor|0 fnt\n|faint|p2a: C for Colteor\n|\n|t:|1780950313\n|switch|p2a: Raging Director|Tauros|100/100\n|turn|83\n|\n|t:|1780950319\n|switch|p1a: PublicLobby|Jolteon|34/100 par\n|move|p2a: Raging Director|Body Slam|p1a: PublicLobby\n|-crit|p1a: PublicLobby\n|-damage|p1a: PublicLobby|0 fnt\n|faint|p1a: PublicLobby\n|\n|t:|1780950321\n|switch|p1a: The Pact|Starmie|70/100 par\n|turn|84\n|\n|t:|1780950328\n|switch|p2a: Smelvin's Game|Rhydon|76/100\n|switch|p1a: Charlie Brown|Tauros|57/100\n|\n|upkeep\n|turn|85\n|\n|t:|1780950335\n|move|p1a: Charlie Brown|Body Slam|p2a: Smelvin's Game\n|-resisted|p2a: Smelvin's Game\n|-damage|p2a: Smelvin's Game|65/100\n|move|p2a: Smelvin's Game|Earthquake|p1a: Charlie Brown\n|-damage|p1a: Charlie Brown|16/100\n|\n|upkeep\n|turn|86\n|\n|t:|1780950340\n|move|p1a: Charlie Brown|Body Slam|p2a: Smelvin's Game\n|-crit|p2a: Smelvin's Game\n|-resisted|p2a: Smelvin's Game\n|-damage|p2a: Smelvin's Game|43/100\n|move|p2a: Smelvin's Game|Earthquake|p1a: Charlie Brown\n|-damage|p1a: Charlie Brown|0 fnt\n|faint|p1a: Charlie Brown\n|\n|t:|1780950342\n|switch|p1a: The Pact|Starmie|70/100 par\n|turn|87\n|\n|t:|1780950348\n|move|p2a: Smelvin's Game|Earthquake|p1a: The Pact\n|-damage|p1a: The Pact|21/100 par\n|move|p1a: The Pact|Blizzard|p2a: Smelvin's Game|[miss]\n|-miss|p1a: The Pact\n|\n|upkeep\n|turn|88\n|c|☆big will 2024|gg \n|-message|big will 2024 forfeited.\n|\n|win|A Real Jester\n|c|☆A Real Jester|gg\n","uploadtime":1780950352,"views":"103","formatid":"gen1ou","rating":null,"private":0,"password":null}