{"id":"smogtours-gen1ou-948586","format":"[Gen 1] OU","players":["zugubu royale","Mister Tim"],"log":"|inactive|Battle timer is ON: inactive players will automatically lose when time's up.\n|t:|1781983674\n|gametype|singles\n|player|p1|zugubu royale|2|\n|player|p2|Mister Tim|266|\n|gen|1\n|tier|[Gen 1] OU\n|rule|Desync Clause Mod: Desyncs changed to move failure.\n|rule|HP Percentage Mod: HP is shown in percentages\n|rule|Endless Battle Clause: Forcing endless battles is banned\n|rule|Sleep Clause Mod: Limit one foe put to sleep\n|rule|Freeze Clause Mod: Limit one foe frozen\n|rule|Species Clause: Limit one of each Pokémon\n|rule|OHKO Clause: OHKO moves are banned\n|rule|Evasion Moves Clause: Evasion moves are banned\n|\n|t:|1781983674\n|teamsize|p1|6\n|teamsize|p2|6\n|start\n|switch|p1a: Jynx|Jynx|100/100\n|switch|p2a: Jolteon|Jolteon|100/100\n|turn|1\n|c|☆zugubu royale|/log zugubu royale made the replay of this battle unlisted.\n|inactive|Mister Tim has 270 seconds left.\n|inactive|zugubu royale has 270 seconds left.\n|\n|t:|1781983726\n|move|p2a: Jolteon|Thunder Wave|p1a: Jynx\n|-status|p1a: Jynx|par\n|move|p1a: Jynx|Blizzard|p2a: Jolteon\n|-damage|p2a: Jolteon|61/100\n|\n|upkeep\n|turn|2\n|\n|t:|1781983739\n|move|p2a: Jolteon|Thunderbolt|p1a: Jynx\n|-damage|p1a: Jynx|61/100 par\n|cant|p1a: Jynx|par\n|\n|upkeep\n|turn|3\n|\n|t:|1781983755\n|switch|p1a: Rhydon|Rhydon|100/100\n|move|p2a: Jolteon|Thunderbolt|p1a: Rhydon\n|-immune|p1a: Rhydon\n|\n|upkeep\n|turn|4\n|\n|t:|1781983761\n|switch|p2a: Exeggutor|Exeggutor|100/100\n|move|p1a: Rhydon|Body Slam|p2a: Exeggutor\n|-damage|p2a: Exeggutor|77/100\n|\n|upkeep\n|turn|5\n|\n|t:|1781983766\n|switch|p1a: Jynx|Jynx|61/100 par\n|move|p2a: Exeggutor|Psychic|p1a: Jynx\n|-resisted|p1a: Jynx\n|-damage|p1a: Jynx|43/100 par\n|\n|upkeep\n|turn|6\n|\n|t:|1781983775\n|move|p2a: Exeggutor|Hyper Beam|p1a: Jynx\n|-damage|p1a: Jynx|0 fnt\n|faint|p1a: Jynx\n|\n|t:|1781983780\n|switch|p1a: Cloyster|Cloyster|100/100\n|turn|7\n|\n|t:|1781983786\n|switch|p2a: Red Velvet|Jynx|100/100\n|move|p1a: Cloyster|Blizzard|p2a: Red Velvet\n|-resisted|p2a: Red Velvet\n|-damage|p2a: Red Velvet|82/100\n|\n|upkeep\n|turn|8\n|inactive|zugubu royale has 270 seconds left.\n|\n|t:|1781983834\n|move|p2a: Red Velvet|Lovely Kiss|p1a: Cloyster|[miss]\n|-miss|p2a: Red Velvet\n|move|p1a: Cloyster|Blizzard|p2a: Red Velvet\n|-crit|p2a: Red Velvet\n|-resisted|p2a: Red Velvet\n|-damage|p2a: Red Velvet|45/100\n|\n|upkeep\n|turn|9\n|\n|t:|1781983845\n|move|p2a: Red Velvet|Lovely Kiss|p1a: Cloyster\n|-status|p1a: Cloyster|slp|[from] move: Lovely Kiss\n|cant|p1a: Cloyster|slp\n|\n|upkeep\n|turn|10\n|\n|t:|1781983855\n|switch|p1a: Chansey|Chansey|100/100\n|move|p2a: Red Velvet|Blizzard|p1a: Chansey\n|-damage|p1a: Chansey|82/100\n|\n|upkeep\n|turn|11\n|inactive|zugubu royale has 270 seconds left.\n|\n|t:|1781983875\n|move|p2a: Red Velvet|Blizzard|p1a: Chansey\n|-crit|p1a: Chansey\n|-damage|p1a: Chansey|43/100\n|move|p1a: Chansey|Thunder Wave|p2a: Red Velvet\n|-status|p2a: Red Velvet|par\n|\n|upkeep\n|turn|12\n|\n|t:|1781983879\n|move|p1a: Chansey|Soft-Boiled|p1a: Chansey\n|-heal|p1a: Chansey|93/100\n|move|p2a: Red Velvet|Blizzard|p1a: Chansey\n|-damage|p1a: Chansey|75/100\n|\n|upkeep\n|turn|13\n|inactive|zugubu royale has 270 seconds left.\n|\n|t:|1781983886\n|move|p1a: Chansey|Thunderbolt|p2a: Red Velvet\n|-crit|p2a: Red Velvet\n|-damage|p2a: Red Velvet|0 fnt\n|faint|p2a: Red Velvet\n|\n|t:|1781983891\n|switch|p2a: Alakazam|Alakazam|100/100\n|turn|14\n|\n|t:|1781983904\n|switch|p1a: Exeggutor|Exeggutor|100/100\n|move|p2a: Alakazam|Thunder Wave|p1a: Exeggutor\n|-status|p1a: Exeggutor|par\n|\n|upkeep\n|turn|15\n|\n|t:|1781983913\n|switch|p2a: Jolteon|Jolteon|61/100\n|move|p1a: Exeggutor|Sleep Powder|p2a: Jolteon\n|-status|p2a: Jolteon|slp|[from] move: Sleep Powder\n|\n|upkeep\n|turn|16\n|\n|t:|1781983921\n|switch|p2a: Exeggutor|Exeggutor|77/100\n|cant|p1a: Exeggutor|par\n|\n|upkeep\n|turn|17\n|\n|t:|1781983926\n|move|p2a: Exeggutor|Psychic|p1a: Exeggutor\n|-resisted|p1a: Exeggutor\n|-damage|p1a: Exeggutor|87/100 par\n|-unboost|p1a: Exeggutor|spa|1\n|-unboost|p1a: Exeggutor|spd|1\n|move|p1a: Exeggutor|Stun Spore|p2a: Exeggutor\n|-status|p2a: Exeggutor|par\n|\n|upkeep\n|turn|18\n|\n|t:|1781983936\n|switch|p1a: Chansey|Chansey|75/100\n|move|p2a: Exeggutor|Psychic|p1a: Chansey\n|-damage|p1a: Chansey|57/100\n|\n|upkeep\n|turn|19\n|\n|t:|1781983942\n|move|p1a: Chansey|Soft-Boiled|p1a: Chansey\n|-heal|p1a: Chansey|100/100\n|cant|p2a: Exeggutor|par\n|\n|upkeep\n|turn|20\n|\n|t:|1781983946\n|switch|p1a: Exeggutor|Exeggutor|87/100 par\n|move|p2a: Exeggutor|Psychic|p1a: Exeggutor\n|-resisted|p1a: Exeggutor\n|-damage|p1a: Exeggutor|74/100 par\n|-unboost|p1a: Exeggutor|spa|1\n|-unboost|p1a: Exeggutor|spd|1\n|\n|upkeep\n|turn|21\n|\n|t:|1781983956\n|switch|p1a: Chansey|Chansey|100/100\n|move|p2a: Exeggutor|Psychic|p1a: Chansey\n|-damage|p1a: Chansey|83/100\n|\n|upkeep\n|turn|22\n|\n|t:|1781983971\n|switch|p1a: Exeggutor|Exeggutor|74/100 par\n|move|p2a: Exeggutor|Explosion|p1a: Exeggutor\n|-damage|p1a: Exeggutor|0 fnt\n|faint|p1a: Exeggutor\n|faint|p2a: Exeggutor\n|\n|t:|1781983983\n|switch|p2a: Alakazam|Alakazam|100/100\n|switch|p1a: Chansey|Chansey|83/100\n|turn|23\n|\n|t:|1781983985\n|move|p2a: Alakazam|Thunder Wave|p1a: Chansey\n|-status|p1a: Chansey|par\n|cant|p1a: Chansey|par\n|\n|upkeep\n|turn|24\n|\n|t:|1781983991\n|switch|p2a: Jolteon|Jolteon|61/100 slp\n|move|p1a: Chansey|Soft-Boiled|p1a: Chansey\n|-heal|p1a: Chansey|100/100 par\n|\n|upkeep\n|turn|25\n|\n|t:|1781983997\n|switch|p2a: Snorlax|Snorlax|100/100\n|switch|p1a: Tauros|Tauros|100/100\n|\n|upkeep\n|turn|26\n|\n|t:|1781984008\n|move|p1a: Tauros|Body Slam|p2a: Snorlax\n|-damage|p2a: Snorlax|75/100\n|move|p2a: Snorlax|Body Slam|p1a: Tauros\n|-damage|p1a: Tauros|70/100\n|\n|upkeep\n|turn|27\n|\n|t:|1781984015\n|move|p1a: Tauros|Body Slam|p2a: Snorlax\n|-damage|p2a: Snorlax|51/100\n|move|p2a: Snorlax|Body Slam|p1a: Tauros\n|-damage|p1a: Tauros|40/100\n|\n|upkeep\n|turn|28\n|\n|t:|1781984036\n|switch|p1a: Rhydon|Rhydon|100/100\n|move|p2a: Snorlax|Earthquake|p1a: Rhydon\n|-supereffective|p1a: Rhydon\n|-damage|p1a: Rhydon|63/100\n|\n|upkeep\n|turn|29\n|\n|t:|1781984046\n|move|p1a: Rhydon|Earthquake|p2a: Snorlax\n|-damage|p2a: Snorlax|18/100\n|move|p2a: Snorlax|Earthquake|p1a: Rhydon\n|-supereffective|p1a: Rhydon\n|-damage|p1a: Rhydon|27/100\n|\n|upkeep\n|turn|30\n|\n|t:|1781984050\n|move|p1a: Rhydon|Earthquake|p2a: Snorlax\n|-crit|p2a: Snorlax\n|-damage|p2a: Snorlax|0 fnt\n|faint|p2a: Snorlax\n|\n|t:|1781984052\n|switch|p2a: Tauros|Tauros|100/100\n|turn|31\n|\n|t:|1781984070\n|switch|p1a: Cloyster|Cloyster|100/100 slp\n|move|p2a: Tauros|Blizzard|p1a: Cloyster\n|-resisted|p1a: Cloyster\n|-damage|p1a: Cloyster|93/100 slp\n|\n|upkeep\n|turn|32\n|\n|t:|1781984074\n|move|p2a: Tauros|Thunderbolt|p1a: Cloyster\n|-crit|p1a: Cloyster\n|-supereffective|p1a: Cloyster\n|-damage|p1a: Cloyster|8/100 slp\n|cant|p1a: Cloyster|slp\n|\n|upkeep\n|turn|33\n|\n|t:|1781984079\n|move|p2a: Tauros|Body Slam|p1a: Cloyster\n|-damage|p1a: Cloyster|0 fnt\n|faint|p1a: Cloyster\n|\n|t:|1781984082\n|switch|p1a: Chansey|Chansey|100/100 par\n|turn|34\n|\n|t:|1781984095\n|switch|p2a: Jolteon|Jolteon|61/100 slp\n|cant|p1a: Chansey|par\n|\n|upkeep\n|turn|35\n|\n|t:|1781984099\n|cant|p2a: Jolteon|slp\n|move|p1a: Chansey|Ice Beam|p2a: Jolteon\n|-crit|p2a: Jolteon\n|-damage|p2a: Jolteon|22/100 slp\n|\n|upkeep\n|turn|36\n|\n|t:|1781984102\n|cant|p2a: Jolteon|slp\n|move|p1a: Chansey|Ice Beam|p2a: Jolteon\n|-damage|p2a: Jolteon|2/100 slp\n|\n|upkeep\n|turn|37\n|\n|t:|1781984104\n|-curestatus|p2a: Jolteon|slp|[msg]\n|move|p1a: Chansey|Ice Beam|p2a: Jolteon\n|-damage|p2a: Jolteon|0 fnt\n|faint|p2a: Jolteon\n|\n|t:|1781984107\n|switch|p2a: Alakazam|Alakazam|100/100\n|turn|38\n|\n|t:|1781984112\n|move|p2a: Alakazam|Psychic|p1a: Chansey\n|-crit|p1a: Chansey\n|-damage|p1a: Chansey|68/100 par\n|-unboost|p1a: Chansey|spa|1\n|-unboost|p1a: Chansey|spd|1\n|move|p1a: Chansey|Ice Beam|p2a: Alakazam\n|-damage|p2a: Alakazam|87/100\n|\n|upkeep\n|turn|39\n|\n|t:|1781984116\n|move|p2a: Alakazam|Psychic|p1a: Chansey\n|-crit|p1a: Chansey\n|-damage|p1a: Chansey|33/100 par\n|move|p1a: Chansey|Soft-Boiled|p1a: Chansey\n|-heal|p1a: Chansey|83/100 par\n|\n|upkeep\n|turn|40\n|\n|t:|1781984119\n|move|p2a: Alakazam|Psychic|p1a: Chansey\n|-crit|p1a: Chansey\n|-damage|p1a: Chansey|46/100 par\n|move|p1a: Chansey|Soft-Boiled|p1a: Chansey\n|-heal|p1a: Chansey|96/100 par\n|\n|upkeep\n|turn|41\n|\n|t:|1781984121\n|move|p2a: Alakazam|Psychic|p1a: Chansey\n|-crit|p1a: Chansey\n|-damage|p1a: Chansey|63/100 par\n|move|p1a: Chansey|Ice Beam|p2a: Alakazam\n|-damage|p2a: Alakazam|74/100\n|\n|upkeep\n|turn|42\n|\n|t:|1781984124\n|move|p2a: Alakazam|Psychic|p1a: Chansey\n|-damage|p1a: Chansey|36/100 par\n|cant|p1a: Chansey|par\n|\n|upkeep\n|turn|43\n|\n|t:|1781984127\n|move|p2a: Alakazam|Psychic|p1a: Chansey\n|-damage|p1a: Chansey|8/100 par\n|cant|p1a: Chansey|par\n|\n|upkeep\n|turn|44\n|\n|t:|1781984138\n|move|p2a: Alakazam|Psychic|p1a: Chansey\n|-damage|p1a: Chansey|0 fnt\n|faint|p1a: Chansey\n|\n|t:|1781984141\n|switch|p1a: Tauros|Tauros|40/100\n|turn|45\n|\n|t:|1781984144\n|move|p2a: Alakazam|Psychic|p1a: Tauros\n|-damage|p1a: Tauros|0 fnt\n|faint|p1a: Tauros\n|\n|t:|1781984149\n|switch|p1a: Rhydon|Rhydon|27/100\n|turn|46\n|\n|t:|1781984152\n|move|p2a: Alakazam|Psychic|p1a: Rhydon\n|-damage|p1a: Rhydon|0 fnt\n|faint|p1a: Rhydon\n|\n|win|Mister Tim\n|c|☆zugubu royale|ggs\n|c|☆Mister Tim|ggs\n|player|p1|\n","uploadtime":1781984152,"views":"31","formatid":"gen1ou","rating":null,"private":2,"password":null}