{"id":"smogtours-gen1ou-948127","format":"[Gen 1] OU","players":["TPM","TheStupe"],"log":"|inactive|Battle timer is ON: inactive players will automatically lose when time's up.\n|t:|1781906440\n|gametype|singles\n|player|p1|TPM|#rbywc2025|\n|player|p2|TheStupe|psychicf-gen4|\n|gen|1\n|tier|[Gen 1] OU\n|rule|Desync Clause Mod: Desyncs changed to move failure.\n|rule|HP Percentage Mod: HP is shown in percentages\n|rule|Endless Battle Clause: Forcing endless battles is banned\n|rule|Sleep Clause Mod: Limit one foe put to sleep\n|rule|Freeze Clause Mod: Limit one foe frozen\n|rule|Species Clause: Limit one of each Pokémon\n|rule|OHKO Clause: OHKO moves are banned\n|rule|Evasion Moves Clause: Evasion moves are banned\n|\n|t:|1781906440\n|teamsize|p1|6\n|teamsize|p2|6\n|start\n|switch|p1a: Tauros|Tauros|100/100\n|switch|p2a: Jolteon|Jolteon|100/100\n|turn|1\n|c|☆TheStupe|hf\n|c|☆TPM|You too!\n|\n|t:|1781906464\n|move|p2a: Jolteon|Thunderbolt|p1a: Tauros\n|-damage|p1a: Tauros|59/100\n|-status|p1a: Tauros|par\n|move|p1a: Tauros|Body Slam|p2a: Jolteon\n|-damage|p2a: Jolteon|59/100\n|-status|p2a: Jolteon|par\n|\n|upkeep\n|turn|2\n|\n|t:|1781906486\n|move|p2a: Jolteon|Thunderbolt|p1a: Tauros\n|-crit|p1a: Tauros\n|-damage|p1a: Tauros|0 fnt\n|faint|p1a: Tauros\n|\n|t:|1781906494\n|switch|p1a: Exeggutor|Exeggutor|100/100\n|turn|3\n|\n|t:|1781906508\n|move|p1a: Exeggutor|Psychic|p2a: Jolteon\n|-damage|p2a: Jolteon|24/100 par\n|move|p2a: Jolteon|Pin Missile|p1a: Exeggutor\n|-supereffective|p1a: Exeggutor\n|-damage|p1a: Exeggutor|90/100\n|-damage|p1a: Exeggutor|80/100\n|-hitcount|p1a: Exeggutor|2\n|\n|upkeep\n|turn|4\n|\n|t:|1781906515\n|move|p1a: Exeggutor|Psychic|p2a: Jolteon\n|-damage|p2a: Jolteon|0 fnt\n|faint|p2a: Jolteon\n|\n|t:|1781906518\n|switch|p2a: Gengar|Gengar|100/100\n|turn|5\n|\n|t:|1781906540\n|switch|p1a: Starmie|Starmie|100/100\n|move|p2a: Gengar|Hypnosis|p1a: Starmie\n|-status|p1a: Starmie|slp|[from] move: Hypnosis\n|\n|upkeep\n|turn|6\n|\n|t:|1781906543\n|switch|p1a: Exeggutor|Exeggutor|80/100\n|move|p2a: Gengar|Night Shade|p1a: Exeggutor\n|-damage|p1a: Exeggutor|54/100\n|\n|upkeep\n|turn|7\n|\n|t:|1781906556\n|move|p2a: Gengar|Night Shade|p1a: Exeggutor\n|-damage|p1a: Exeggutor|29/100\n|move|p1a: Exeggutor|Sleep Powder|p2a: Gengar|[miss]\n|-miss|p1a: Exeggutor\n|\n|upkeep\n|turn|8\n|\n|t:|1781906562\n|move|p2a: Gengar|Night Shade|p1a: Exeggutor\n|-damage|p1a: Exeggutor|3/100\n|move|p1a: Exeggutor|Sleep Powder|p2a: Gengar\n|-status|p2a: Gengar|slp|[from] move: Sleep Powder\n|\n|upkeep\n|turn|9\n|\n|t:|1781906569\n|cant|p2a: Gengar|slp\n|move|p1a: Exeggutor|Psychic|p2a: Gengar\n|-supereffective|p2a: Gengar\n|-damage|p2a: Gengar|31/100 slp\n|\n|upkeep\n|turn|10\n|\n|t:|1781906575\n|cant|p2a: Gengar|slp\n|move|p1a: Exeggutor|Psychic|p2a: Gengar\n|-supereffective|p2a: Gengar\n|-damage|p2a: Gengar|0 fnt\n|faint|p2a: Gengar\n|\n|t:|1781906577\n|switch|p2a: Tauros|Tauros|100/100\n|turn|11\n|\n|t:|1781906601\n|move|p2a: Tauros|Body Slam|p1a: Exeggutor\n|-damage|p1a: Exeggutor|0 fnt\n|faint|p1a: Exeggutor\n|\n|t:|1781906603\n|switch|p1a: Chansey|Chansey|100/100\n|turn|12\n|\n|t:|1781906619\n|switch|p2a: Exeggutor|Exeggutor|100/100\n|move|p1a: Chansey|Thunder Wave|p2a: Exeggutor\n|-status|p2a: Exeggutor|par\n|\n|upkeep\n|turn|13\n|\n|t:|1781906637\n|move|p1a: Chansey|Ice Beam|p2a: Exeggutor\n|-supereffective|p2a: Exeggutor\n|-damage|p2a: Exeggutor|69/100 par\n|move|p2a: Exeggutor|Stun Spore|p1a: Chansey\n|-status|p1a: Chansey|par\n|\n|upkeep\n|turn|14\n|inactive|TPM disconnected and has 300 seconds to reconnect!\n|player|p1|\n|inactive|TPM reconnected and has 295 seconds left.\n|player|p1|TPM|#rbywc2025|\n|inactive|TPM has 270 seconds left.\n|\n|t:|1781906674\n|move|p2a: Exeggutor|Psychic|p1a: Chansey\n|-damage|p1a: Chansey|84/100 par\n|cant|p1a: Chansey|par\n|\n|upkeep\n|turn|15\n|inactive|TPM has 270 seconds left.\n|\n|t:|1781906692\n|switch|p1a: Starmie|Starmie|100/100 slp\n|move|p2a: Exeggutor|Psychic|p1a: Starmie\n|-resisted|p1a: Starmie\n|-damage|p1a: Starmie|83/100 slp\n|-unboost|p1a: Starmie|spa|1\n|-unboost|p1a: Starmie|spd|1\n|\n|upkeep\n|turn|16\n|\n|t:|1781906706\n|switch|p2a: Snorlax|Snorlax|100/100\n|-curestatus|p1a: Starmie|slp|[msg]\n|\n|upkeep\n|turn|17\n|inactive|TPM has 270 seconds left.\n|\n|t:|1781906740\n|switch|p2a: Chansey|Chansey|100/100\n|move|p1a: Starmie|Thunder Wave|p2a: Chansey\n|-status|p2a: Chansey|par\n|\n|upkeep\n|turn|18\n|\n|t:|1781906747\n|switch|p1a: Chansey|Chansey|84/100 par\n|move|p2a: Chansey|Ice Beam|p1a: Chansey\n|-damage|p1a: Chansey|72/100 par\n|\n|upkeep\n|turn|19\n|\n|t:|1781906758\n|move|p1a: Chansey|Ice Beam|p2a: Chansey\n|-damage|p2a: Chansey|90/100 par\n|cant|p2a: Chansey|par\n|\n|upkeep\n|turn|20\n|\n|t:|1781906765\n|move|p1a: Chansey|Soft-Boiled|p1a: Chansey\n|-heal|p1a: Chansey|100/100 par\n|cant|p2a: Chansey|par\n|\n|upkeep\n|turn|21\n|\n|t:|1781906769\n|move|p1a: Chansey|Ice Beam|p2a: Chansey\n|-damage|p2a: Chansey|80/100 par\n|cant|p2a: Chansey|par\n|\n|upkeep\n|turn|22\n|inactive|TPM has 270 seconds left.\n|\n|t:|1781906792\n|move|p1a: Chansey|Ice Beam|p2a: Chansey\n|-damage|p2a: Chansey|70/100 par\n|move|p2a: Chansey|Thunder Wave|p1a: Chansey\n|-fail|p1a: Chansey|par\n|\n|upkeep\n|turn|23\n|\n|t:|1781906798\n|switch|p1a: Snorlax|Snorlax|100/100\n|move|p2a: Chansey|Thunder Wave|p1a: Snorlax\n|-status|p1a: Snorlax|par\n|\n|upkeep\n|turn|24\n|\n|t:|1781906821\n|switch|p2a: Exeggutor|Exeggutor|69/100 par\n|move|p1a: Snorlax|Body Slam|p2a: Exeggutor\n|-damage|p2a: Exeggutor|37/100 par\n|\n|upkeep\n|turn|25\n|inactive|TPM has 270 seconds left.\n|\n|t:|1781906846\n|switch|p1a: Starmie|Starmie|83/100\n|move|p2a: Exeggutor|Explosion|p1a: Starmie\n|-damage|p1a: Starmie|0 fnt\n|faint|p1a: Starmie\n|faint|p2a: Exeggutor\n|inactive|TPM has 270 seconds left.\n|\n|t:|1781906860\n|switch|p1a: Snorlax|Snorlax|100/100 par\n|switch|p2a: Snorlax|Snorlax|100/100\n|turn|26\n|\n|t:|1781906864\n|move|p2a: Snorlax|Body Slam|p1a: Snorlax\n|-damage|p1a: Snorlax|73/100 par\n|move|p1a: Snorlax|Reflect|p1a: Snorlax\n|-start|p1a: Snorlax|Reflect\n|\n|upkeep\n|turn|27\n|\n|t:|1781906873\n|move|p2a: Snorlax|Body Slam|p1a: Snorlax\n|-damage|p1a: Snorlax|60/100 par\n|move|p1a: Snorlax|Rest|p1a: Snorlax\n|-status|p1a: Snorlax|slp|[from] move: Rest\n|-heal|p1a: Snorlax|100/100 slp|[silent]\n|\n|upkeep\n|turn|28\n|\n|t:|1781906879\n|move|p2a: Snorlax|Body Slam|p1a: Snorlax\n|-damage|p1a: Snorlax|86/100 slp\n|cant|p1a: Snorlax|slp\n|\n|upkeep\n|turn|29\n|\n|t:|1781906880\n|move|p2a: Snorlax|Body Slam|p1a: Snorlax\n|-damage|p1a: Snorlax|74/100 slp\n|-curestatus|p1a: Snorlax|slp|[msg]\n|\n|upkeep\n|turn|30\n|\n|t:|1781906885\n|move|p1a: Snorlax|Body Slam|p2a: Snorlax\n|-damage|p2a: Snorlax|75/100\n|move|p2a: Snorlax|Counter|p1a: Snorlax\n|-damage|p1a: Snorlax|23/100\n|\n|upkeep\n|turn|31\n|\n|t:|1781906908\n|move|p2a: Snorlax|Self-Destruct|p1a: Snorlax\n|-crit|p1a: Snorlax\n|-damage|p1a: Snorlax|0 fnt\n|faint|p1a: Snorlax\n|faint|p2a: Snorlax\n|inactive|TPM has 270 seconds left.\n|\n|t:|1781906929\n|switch|p1a: Flareon|Flareon|100/100\n|switch|p2a: Chansey|Chansey|70/100 par\n|turn|32\n|c|☆TheStupe|Based\n|inactive|TPM has 270 seconds left.\n|\n|t:|1781906948\n|move|p1a: Flareon|Body Slam|p2a: Chansey\n|-damage|p2a: Chansey|40/100 par\n|move|p2a: Chansey|Soft-Boiled|p2a: Chansey\n|-heal|p2a: Chansey|90/100 par\n|\n|upkeep\n|turn|33\n|\n|t:|1781906962\n|switch|p1a: Chansey|Chansey|100/100 par\n|move|p2a: Chansey|Thunder Wave|p1a: Chansey\n|-fail|p1a: Chansey|par\n|\n|upkeep\n|turn|34\n|\n|t:|1781906974\n|move|p2a: Chansey|Thunderbolt|p1a: Chansey\n|-damage|p1a: Chansey|90/100 par\n|move|p1a: Chansey|Ice Beam|p2a: Chansey\n|-damage|p2a: Chansey|79/100 par\n|\n|upkeep\n|turn|35\n|\n|t:|1781906990\n|cant|p1a: Chansey|par\n|move|p2a: Chansey|Thunderbolt|p1a: Chansey\n|-damage|p1a: Chansey|80/100 par\n|\n|upkeep\n|turn|36\n|\n|t:|1781906996\n|move|p1a: Chansey|Thunder Wave|p2a: Chansey\n|-fail|p2a: Chansey|par\n|move|p2a: Chansey|Thunderbolt|p1a: Chansey\n|-damage|p1a: Chansey|70/100 par\n|\n|upkeep\n|turn|37\n|\n|t:|1781907000\n|cant|p2a: Chansey|par\n|move|p1a: Chansey|Thunder Wave|p2a: Chansey\n|-fail|p2a: Chansey|par\n|\n|upkeep\n|turn|38\n|\n|t:|1781907002\n|move|p1a: Chansey|Soft-Boiled|p1a: Chansey\n|-heal|p1a: Chansey|100/100 par\n|move|p2a: Chansey|Ice Beam|p1a: Chansey\n|-crit|p1a: Chansey\n|-damage|p1a: Chansey|80/100 par\n|\n|upkeep\n|turn|39\n|\n|t:|1781907008\n|move|p2a: Chansey|Thunderbolt|p1a: Chansey\n|-damage|p1a: Chansey|70/100 par\n|move|p1a: Chansey|Thunderbolt|p2a: Chansey\n|-damage|p2a: Chansey|68/100 par\n|\n|upkeep\n|turn|40\n|\n|t:|1781907013\n|move|p2a: Chansey|Soft-Boiled|p2a: Chansey\n|-heal|p2a: Chansey|100/100 par\n|move|p1a: Chansey|Soft-Boiled|p1a: Chansey\n|-heal|p1a: Chansey|100/100 par\n|\n|upkeep\n|turn|41\n|\n|t:|1781907039\n|move|p1a: Chansey|Thunderbolt|p2a: Chansey\n|-damage|p2a: Chansey|90/100 par\n|cant|p2a: Chansey|par\n|\n|upkeep\n|turn|42\n|\n|t:|1781907045\n|move|p1a: Chansey|Thunderbolt|p2a: Chansey\n|-damage|p2a: Chansey|79/100 par\n|move|p2a: Chansey|Thunder Wave|p1a: Chansey\n|-fail|p1a: Chansey|par\n|\n|upkeep\n|turn|43\n|\n|t:|1781907049\n|move|p2a: Chansey|Thunderbolt|p1a: Chansey\n|-damage|p1a: Chansey|90/100 par\n|cant|p1a: Chansey|par\n|\n|upkeep\n|turn|44\n|\n|t:|1781907054\n|move|p2a: Chansey|Thunderbolt|p1a: Chansey\n|-damage|p1a: Chansey|80/100 par\n|move|p1a: Chansey|Thunderbolt|p2a: Chansey\n|-damage|p2a: Chansey|68/100 par\n|\n|upkeep\n|turn|45\n|\n|t:|1781907063\n|move|p2a: Chansey|Thunderbolt|p1a: Chansey\n|-damage|p1a: Chansey|68/100 par\n|move|p1a: Chansey|Thunderbolt|p2a: Chansey\n|-damage|p2a: Chansey|58/100 par\n|\n|upkeep\n|turn|46\n|inactive|TPM has 270 seconds left.\n|\n|t:|1781907105\n|move|p2a: Chansey|Soft-Boiled|p2a: Chansey\n|-heal|p2a: Chansey|100/100 par\n|cant|p1a: Chansey|par\n|\n|upkeep\n|turn|47\n|\n|t:|1781907110\n|cant|p1a: Chansey|par\n|move|p2a: Chansey|Thunderbolt|p1a: Chansey\n|-damage|p1a: Chansey|58/100 par\n|\n|upkeep\n|turn|48\n|\n|t:|1781907113\n|cant|p2a: Chansey|par\n|move|p1a: Chansey|Thunder Wave|p2a: Chansey\n|-fail|p2a: Chansey|par\n|\n|upkeep\n|turn|49\n|\n|t:|1781907116\n|move|p1a: Chansey|Soft-Boiled|p1a: Chansey\n|-heal|p1a: Chansey|100/100 par\n|move|p2a: Chansey|Thunderbolt|p1a: Chansey\n|-damage|p1a: Chansey|91/100 par\n|\n|upkeep\n|turn|50\n|\n|t:|1781907124\n|move|p1a: Chansey|Thunderbolt|p2a: Chansey\n|-damage|p2a: Chansey|89/100 par\n|move|p2a: Chansey|Thunder Wave|p1a: Chansey\n|-fail|p1a: Chansey|par\n|\n|upkeep\n|turn|51\n|\n|t:|1781907129\n|move|p2a: Chansey|Thunder Wave|p1a: Chansey\n|-fail|p1a: Chansey|par\n|move|p1a: Chansey|Thunderbolt|p2a: Chansey\n|-damage|p2a: Chansey|78/100 par\n|\n|upkeep\n|turn|52\n|\n|t:|1781907132\n|move|p2a: Chansey|Thunderbolt|p1a: Chansey\n|-damage|p1a: Chansey|80/100 par\n|move|p1a: Chansey|Thunderbolt|p2a: Chansey\n|-crit|p2a: Chansey\n|-damage|p2a: Chansey|57/100 par\n|\n|upkeep\n|turn|53\n|\n|t:|1781907136\n|switch|p1a: Flareon|Flareon|100/100\n|move|p2a: Chansey|Soft-Boiled|p2a: Chansey\n|-heal|p2a: Chansey|100/100 par\n|\n|upkeep\n|turn|54\n|\n|t:|1781907161\n|switch|p1a: Chansey|Chansey|80/100 par\n|cant|p2a: Chansey|par\n|\n|upkeep\n|turn|55\n|\n|t:|1781907168\n|move|p2a: Chansey|Thunder Wave|p1a: Chansey\n|-fail|p1a: Chansey|par\n|move|p1a: Chansey|Soft-Boiled|p1a: Chansey\n|-heal|p1a: Chansey|100/100 par\n|\n|upkeep\n|turn|56\n|\n|t:|1781907175\n|cant|p2a: Chansey|par\n|move|p1a: Chansey|Thunder Wave|p2a: Chansey\n|-fail|p2a: Chansey|par\n|\n|upkeep\n|turn|57\n|\n|t:|1781907181\n|move|p2a: Chansey|Thunder Wave|p1a: Chansey\n|-fail|p1a: Chansey|par\n|move|p1a: Chansey|Thunder Wave|p2a: Chansey\n|-fail|p2a: Chansey|par\n|\n|upkeep\n|turn|58\n|\n|t:|1781907187\n|move|p2a: Chansey|Ice Beam|p1a: Chansey\n|-crit|p1a: Chansey\n|-damage|p1a: Chansey|81/100 par\n|cant|p1a: Chansey|par\n|\n|upkeep\n|turn|59\n|\n|t:|1781907191\n|move|p2a: Chansey|Thunderbolt|p1a: Chansey\n|-damage|p1a: Chansey|69/100 par\n|move|p1a: Chansey|Thunderbolt|p2a: Chansey\n|-damage|p2a: Chansey|91/100 par\n|\n|upkeep\n|turn|60\n|\n|t:|1781907195\n|move|p1a: Chansey|Thunderbolt|p2a: Chansey\n|-damage|p2a: Chansey|80/100 par\n|move|p2a: Chansey|Thunderbolt|p1a: Chansey\n|-damage|p1a: Chansey|59/100 par\n|\n|upkeep\n|turn|61\n|\n|t:|1781907201\n|move|p1a: Chansey|Thunder Wave|p2a: Chansey\n|-fail|p2a: Chansey|par\n|move|p2a: Chansey|Thunder Wave|p1a: Chansey\n|-fail|p1a: Chansey|par\n|\n|upkeep\n|turn|62\n|\n|t:|1781907206\n|move|p2a: Chansey|Thunder Wave|p1a: Chansey\n|-fail|p1a: Chansey|par\n|cant|p1a: Chansey|par\n|\n|upkeep\n|turn|63\n|\n|t:|1781907210\n|move|p1a: Chansey|Soft-Boiled|p1a: Chansey\n|-heal|p1a: Chansey|100/100 par\n|cant|p2a: Chansey|par\n|\n|upkeep\n|turn|64\n|\n|t:|1781907215\n|move|p2a: Chansey|Thunderbolt|p1a: Chansey\n|-damage|p1a: Chansey|89/100 par\n|cant|p1a: Chansey|par\n|\n|upkeep\n|turn|65\n|\n|t:|1781907220\n|cant|p2a: Chansey|par\n|cant|p1a: Chansey|par\n|\n|upkeep\n|turn|66\n|\n|t:|1781907223\n|move|p1a: Chansey|Thunderbolt|p2a: Chansey\n|-damage|p2a: Chansey|69/100 par\n|move|p2a: Chansey|Thunderbolt|p1a: Chansey\n|-damage|p1a: Chansey|78/100 par\n|\n|upkeep\n|turn|67\n|\n|t:|1781907234\n|cant|p2a: Chansey|par\n|move|p1a: Chansey|Thunderbolt|p2a: Chansey\n|-damage|p2a: Chansey|59/100 par\n|\n|upkeep\n|turn|68\n|\n|t:|1781907240\n|cant|p1a: Chansey|par\n|cant|p2a: Chansey|par\n|\n|upkeep\n|turn|69\n|\n|t:|1781907243\n|move|p1a: Chansey|Thunderbolt|p2a: Chansey\n|-crit|p2a: Chansey\n|-damage|p2a: Chansey|37/100 par\n|move|p2a: Chansey|Soft-Boiled|p2a: Chansey\n|-heal|p2a: Chansey|87/100 par\n|\n|upkeep\n|turn|70\n|\n|t:|1781907248\n|cant|p1a: Chansey|par\n|move|p2a: Chansey|Ice Beam|p1a: Chansey\n|-crit|p1a: Chansey\n|-damage|p1a: Chansey|56/100 par\n|\n|upkeep\n|turn|71\n|\n|t:|1781907251\n|cant|p1a: Chansey|par\n|move|p2a: Chansey|Thunderbolt|p1a: Chansey\n|-damage|p1a: Chansey|46/100 par\n|\n|upkeep\n|turn|72\n|\n|t:|1781907256\n|move|p2a: Chansey|Thunder Wave|p1a: Chansey\n|-fail|p1a: Chansey|par\n|cant|p1a: Chansey|par\n|\n|upkeep\n|turn|73\n|\n|t:|1781907260\n|move|p1a: Chansey|Soft-Boiled|p1a: Chansey\n|-heal|p1a: Chansey|96/100 par\n|cant|p2a: Chansey|par\n|\n|upkeep\n|turn|74\n|\n|t:|1781907269\n|move|p2a: Chansey|Thunder Wave|p1a: Chansey\n|-fail|p1a: Chansey|par\n|move|p1a: Chansey|Thunderbolt|p2a: Chansey\n|-damage|p2a: Chansey|76/100 par\n|\n|upkeep\n|turn|75\n|\n|t:|1781907281\n|cant|p1a: Chansey|par\n|move|p2a: Chansey|Soft-Boiled|p2a: Chansey\n|-heal|p2a: Chansey|100/100 par\n|\n|upkeep\n|turn|76\n|\n|t:|1781907284\n|cant|p2a: Chansey|par\n|move|p1a: Chansey|Thunderbolt|p2a: Chansey\n|-damage|p2a: Chansey|90/100 par\n|\n|upkeep\n|turn|77\n|\n|t:|1781907290\n|move|p2a: Chansey|Thunderbolt|p1a: Chansey\n|-damage|p1a: Chansey|85/100 par\n|cant|p1a: Chansey|par\n|\n|upkeep\n|turn|78\n|\n|t:|1781907296\n|move|p2a: Chansey|Thunderbolt|p1a: Chansey\n|-damage|p1a: Chansey|74/100 par\n|cant|p1a: Chansey|par\n|\n|upkeep\n|turn|79\n|\n|t:|1781907300\n|move|p1a: Chansey|Soft-Boiled|p1a: Chansey\n|-heal|p1a: Chansey|100/100 par\n|move|p2a: Chansey|Ice Beam|p1a: Chansey\n|-damage|p1a: Chansey|90/100 par\n|\n|upkeep\n|turn|80\n|\n|t:|1781907306\n|move|p2a: Chansey|Thunder Wave|p1a: Chansey\n|-fail|p1a: Chansey|par\n|cant|p1a: Chansey|par\n|\n|upkeep\n|turn|81\n|\n|t:|1781907311\n|move|p1a: Chansey|Thunderbolt|p2a: Chansey\n|-damage|p2a: Chansey|78/100 par\n|cant|p2a: Chansey|par\n|\n|upkeep\n|turn|82\n|\n|t:|1781907314\n|cant|p1a: Chansey|par\n|move|p2a: Chansey|Thunderbolt|p1a: Chansey\n|-damage|p1a: Chansey|78/100 par\n|\n|upkeep\n|turn|83\n|\n|t:|1781907319\n|move|p2a: Chansey|Thunder Wave|p1a: Chansey\n|-fail|p1a: Chansey|par\n|move|p1a: Chansey|Thunderbolt|p2a: Chansey\n|-damage|p2a: Chansey|68/100 par\n|\n|upkeep\n|turn|84\n|\n|t:|1781907330\n|move|p2a: Chansey|Soft-Boiled|p2a: Chansey\n|-heal|p2a: Chansey|100/100 par\n|move|p1a: Chansey|Thunderbolt|p2a: Chansey\n|-damage|p2a: Chansey|90/100 par\n|\n|upkeep\n|turn|85\n|\n|t:|1781907335\n|move|p2a: Chansey|Ice Beam|p1a: Chansey\n|-damage|p1a: Chansey|68/100 par\n|move|p1a: Chansey|Thunderbolt|p2a: Chansey\n|-damage|p2a: Chansey|79/100 par\n|\n|upkeep\n|turn|86\n|\n|t:|1781907345\n|cant|p2a: Chansey|par\n|move|p1a: Chansey|Soft-Boiled|p1a: Chansey\n|-heal|p1a: Chansey|100/100 par\n|\n|upkeep\n|turn|87\n|\n|t:|1781907357\n|move|p2a: Chansey|Ice Beam|p1a: Chansey\n|-damage|p1a: Chansey|89/100 par\n|cant|p1a: Chansey|par\n|\n|upkeep\n|turn|88\n|\n|t:|1781907365\n|move|p2a: Chansey|Thunder Wave|p1a: Chansey\n|-fail|p1a: Chansey|par\n|move|p1a: Chansey|Thunderbolt|p2a: Chansey\n|-damage|p2a: Chansey|69/100 par\n|\n|upkeep\n|turn|89\n|\n|t:|1781907373\n|move|p1a: Chansey|Thunderbolt|p2a: Chansey\n|-crit|p2a: Chansey\n|-damage|p2a: Chansey|49/100 par\n|move|p2a: Chansey|Soft-Boiled|p2a: Chansey\n|-heal|p2a: Chansey|99/100 par\n|\n|upkeep\n|turn|90\n|\n|t:|1781907381\n|move|p2a: Chansey|Thunder Wave|p1a: Chansey\n|-fail|p1a: Chansey|par\n|move|p1a: Chansey|Thunderbolt|p2a: Chansey\n|-damage|p2a: Chansey|88/100 par\n|\n|upkeep\n|turn|91\n|\n|t:|1781907397\n|cant|p1a: Chansey|par\n|move|p2a: Chansey|Thunder Wave|p1a: Chansey\n|-fail|p1a: Chansey|par\n|\n|upkeep\n|turn|92\n|\n|t:|1781907401\n|move|p1a: Chansey|Thunderbolt|p2a: Chansey\n|-damage|p2a: Chansey|78/100 par\n|move|p2a: Chansey|Ice Beam|p1a: Chansey\n|-damage|p1a: Chansey|79/100 par\n|\n|upkeep\n|turn|93\n|\n|t:|1781907404\n|cant|p1a: Chansey|par\n|cant|p2a: Chansey|par\n|\n|upkeep\n|turn|94\n|\n|t:|1781907408\n|move|p1a: Chansey|Thunderbolt|p2a: Chansey\n|-damage|p2a: Chansey|67/100 par\n|move|p2a: Chansey|Thunder Wave|p1a: Chansey\n|-fail|p1a: Chansey|par\n|\n|upkeep\n|turn|95\n|\n|t:|1781907413\n|move|p2a: Chansey|Soft-Boiled|p2a: Chansey\n|-heal|p2a: Chansey|100/100 par\n|move|p1a: Chansey|Ice Beam|p2a: Chansey\n|-damage|p2a: Chansey|89/100 par\n|\n|upkeep\n|turn|96\n|\n|t:|1781907418\n|move|p2a: Chansey|Thunder Wave|p1a: Chansey\n|-fail|p1a: Chansey|par\n|move|p1a: Chansey|Thunder Wave|p2a: Chansey\n|-fail|p2a: Chansey|par\n|\n|upkeep\n|turn|97\n|\n|t:|1781907421\n|move|p2a: Chansey|Thunder Wave|p1a: Chansey\n|-fail|p1a: Chansey|par\n|move|p1a: Chansey|Thunder Wave|p2a: Chansey\n|-fail|p2a: Chansey|par\n|\n|upkeep\n|turn|98\n|\n|t:|1781907424\n|move|p1a: Chansey|Thunder Wave|p2a: Chansey\n|-fail|p2a: Chansey|par\n|cant|p2a: Chansey|par\n|\n|upkeep\n|turn|99\n|\n|t:|1781907425\n|move|p1a: Chansey|Thunder Wave|p2a: Chansey\n|-fail|p2a: Chansey|par\n|move|p2a: Chansey|Thunder Wave|p1a: Chansey\n|-fail|p1a: Chansey|par\n|\n|upkeep\n|turn|100\n|\n|t:|1781907430\n|move|p2a: Chansey|Thunder Wave|p1a: Chansey\n|-fail|p1a: Chansey|par\n|move|p1a: Chansey|Thunder Wave|p2a: Chansey\n|-fail|p2a: Chansey|par\n|\n|upkeep\n|turn|101\n|\n|t:|1781907433\n|cant|p1a: Chansey|par\n|move|p2a: Chansey|Thunder Wave|p1a: Chansey\n|-fail|p1a: Chansey|par\n|\n|upkeep\n|turn|102\n|\n|t:|1781907435\n|move|p1a: Chansey|Thunder Wave|p2a: Chansey\n|-fail|p2a: Chansey|par\n|move|p2a: Chansey|Thunderbolt|p1a: Chansey\n|-damage|p1a: Chansey|69/100 par\n|\n|upkeep\n|turn|103\n|\n|t:|1781907441\n|move|p2a: Chansey|Thunder Wave|p1a: Chansey\n|-fail|p1a: Chansey|par\n|move|p1a: Chansey|Thunder Wave|p2a: Chansey\n|-fail|p2a: Chansey|par\n|\n|upkeep\n|turn|104\n|\n|t:|1781907445\n|move|p1a: Chansey|Thunder Wave|p2a: Chansey\n|-fail|p2a: Chansey|par\n|cant|p2a: Chansey|par\n|\n|upkeep\n|turn|105\n|\n|t:|1781907447\n|move|p1a: Chansey|Thunder Wave|p2a: Chansey\n|-fail|p2a: Chansey|par\n|move|p2a: Chansey|Thunder Wave|p1a: Chansey\n|-fail|p1a: Chansey|par\n|\n|upkeep\n|turn|106\n|\n|t:|1781907455\n|move|p2a: Chansey|Thunder Wave|p1a: Chansey\n|-fail|p1a: Chansey|par\n|move|p1a: Chansey|Thunder Wave|p2a: Chansey\n|-fail|p2a: Chansey|par\n|\n|upkeep\n|turn|107\n|\n|t:|1781907458\n|move|p2a: Chansey|Ice Beam|p1a: Chansey\n|-damage|p1a: Chansey|58/100 par\n|move|p1a: Chansey|Thunder Wave|p2a: Chansey\n|-fail|p2a: Chansey|par\n|\n|upkeep\n|turn|108\n|\n|t:|1781907461\n|cant|p2a: Chansey|par\n|move|p1a: Chansey|Thunder Wave|p2a: Chansey\n|-fail|p2a: Chansey|par\n|\n|upkeep\n|turn|109\n|\n|t:|1781907464\n|move|p1a: Chansey|Thunder Wave|p2a: Chansey\n|-fail|p2a: Chansey|par\n|move|p2a: Chansey|Ice Beam|p1a: Chansey\n|-damage|p1a: Chansey|48/100 par\n|\n|upkeep\n|turn|110\n|\n|t:|1781907468\n|cant|p1a: Chansey|par\n|move|p2a: Chansey|Ice Beam|p1a: Chansey\n|-damage|p1a: Chansey|37/100 par\n|\n|upkeep\n|turn|111\n|\n|t:|1781907477\n|cant|p2a: Chansey|par\n|move|p1a: Chansey|Soft-Boiled|p1a: Chansey\n|-heal|p1a: Chansey|87/100 par\n|\n|upkeep\n|turn|112\n|\n|t:|1781907487\n|cant|p2a: Chansey|par\n|cant|p1a: Chansey|par\n|\n|upkeep\n|turn|113\n|\n|t:|1781907493\n|cant|p1a: Chansey|par\n|cant|p2a: Chansey|par\n|\n|upkeep\n|turn|114\n|\n|t:|1781907495\n|move|p1a: Chansey|Thunder Wave|p2a: Chansey\n|-fail|p2a: Chansey|par\n|move|p2a: Chansey|Ice Beam|p1a: Chansey\n|-damage|p1a: Chansey|77/100 par\n|\n|upkeep\n|turn|115\n|\n|t:|1781907501\n|move|p2a: Chansey|Thunderbolt|p1a: Chansey\n|-damage|p1a: Chansey|66/100 par\n|cant|p1a: Chansey|par\n|\n|upkeep\n|turn|116\n|\n|t:|1781907505\n|move|p1a: Chansey|Thunder Wave|p2a: Chansey\n|-fail|p2a: Chansey|par\n|cant|p2a: Chansey|par\n|\n|upkeep\n|turn|117\n|\n|t:|1781907511\n|move|p1a: Chansey|Thunder Wave|p2a: Chansey\n|-fail|p2a: Chansey|par\n|move|p2a: Chansey|Thunder Wave|p1a: Chansey\n|-fail|p1a: Chansey|par\n|\n|upkeep\n|turn|118\n|\n|t:|1781907516\n|cant|p1a: Chansey|par\n|move|p2a: Chansey|Thunderbolt|p1a: Chansey\n|-crit|p1a: Chansey\n|-damage|p1a: Chansey|45/100 par\n|\n|upkeep\n|turn|119\n|\n|t:|1781907521\n|move|p1a: Chansey|Soft-Boiled|p1a: Chansey\n|-heal|p1a: Chansey|95/100 par\n|cant|p2a: Chansey|par\n|\n|upkeep\n|turn|120\n|\n|t:|1781907532\n|move|p2a: Chansey|Thunderbolt|p1a: Chansey\n|-damage|p1a: Chansey|84/100 par\n|move|p1a: Chansey|Ice Beam|p2a: Chansey\n|-damage|p2a: Chansey|79/100 par\n|\n|upkeep\n|turn|121\n|\n|t:|1781907539\n|move|p2a: Chansey|Thunder Wave|p1a: Chansey\n|-fail|p1a: Chansey|par\n|move|p1a: Chansey|Ice Beam|p2a: Chansey\n|-crit|p2a: Chansey\n|-damage|p2a: Chansey|58/100 par\n|\n|upkeep\n|turn|122\n|\n|t:|1781907542\n|cant|p1a: Chansey|par\n|move|p2a: Chansey|Soft-Boiled|p2a: Chansey\n|-heal|p2a: Chansey|100/100 par\n|\n|upkeep\n|turn|123\n|\n|t:|1781907550\n|cant|p2a: Chansey|par\n|move|p1a: Chansey|Thunder Wave|p2a: Chansey\n|-fail|p2a: Chansey|par\n|\n|upkeep\n|turn|124\n|\n|t:|1781907554\n|move|p2a: Chansey|Thunderbolt|p1a: Chansey\n|-damage|p1a: Chansey|73/100 par\n|move|p1a: Chansey|Thunder Wave|p2a: Chansey\n|-fail|p2a: Chansey|par\n|\n|upkeep\n|turn|125\n|\n|t:|1781907560\n|move|p1a: Chansey|Ice Beam|p2a: Chansey\n|-crit|p2a: Chansey\n|-damage|p2a: Chansey|80/100 par\n|move|p2a: Chansey|Thunderbolt|p1a: Chansey\n|-damage|p1a: Chansey|63/100 par\n|\n|upkeep\n|turn|126\n|\n|t:|1781907569\n|move|p2a: Chansey|Ice Beam|p1a: Chansey\n|-damage|p1a: Chansey|53/100 par\n|move|p1a: Chansey|Ice Beam|p2a: Chansey\n|-damage|p2a: Chansey|69/100 par\n|\n|upkeep\n|turn|127\n|\n|t:|1781907572\n|move|p1a: Chansey|Soft-Boiled|p1a: Chansey\n|-heal|p1a: Chansey|100/100 par\n|cant|p2a: Chansey|par\n|\n|upkeep\n|turn|128\n|\n|t:|1781907592\n|move|p2a: Chansey|Soft-Boiled|p2a: Chansey\n|-heal|p2a: Chansey|100/100 par\n|move|p1a: Chansey|Ice Beam|p2a: Chansey\n|-damage|p2a: Chansey|90/100 par\n|\n|upkeep\n|turn|129\n|\n|t:|1781907598\n|move|p2a: Chansey|Thunder Wave|p1a: Chansey\n|-fail|p1a: Chansey|par\n|move|p1a: Chansey|Thunder Wave|p2a: Chansey\n|-fail|p2a: Chansey|par\n|\n|upkeep\n|turn|130\n|\n|t:|1781907604\n|move|p1a: Chansey|Thunder Wave|p2a: Chansey\n|-fail|p2a: Chansey|par\n|cant|p2a: Chansey|par\n|\n|upkeep\n|turn|131\n|\n|t:|1781907615\n|cant|p1a: Chansey|par\n|cant|p2a: Chansey|par\n|\n|upkeep\n|turn|132\n|\n|t:|1781907619\n|move|p2a: Chansey|Ice Beam|p1a: Chansey\n|-damage|p1a: Chansey|90/100 par\n|move|p1a: Chansey|Ice Beam|p2a: Chansey\n|-damage|p2a: Chansey|80/100 par\n|\n|upkeep\n|turn|133\n|\n|t:|1781907627\n|move|p2a: Chansey|Thunder Wave|p1a: Chansey\n|-fail|p1a: Chansey|par\n|cant|p1a: Chansey|par\n|\n|upkeep\n|turn|134\n|\n|t:|1781907633\n|cant|p1a: Chansey|par\n|cant|p2a: Chansey|par\n|\n|upkeep\n|turn|135\n|\n|t:|1781907640\n|move|p1a: Chansey|Ice Beam|p2a: Chansey\n|-damage|p2a: Chansey|69/100 par\n|move|p2a: Chansey|Soft-Boiled|p2a: Chansey\n|-heal|p2a: Chansey|100/100 par\n|\n|upkeep\n|turn|136\n|\n|t:|1781907651\n|move|p1a: Chansey|Thunder Wave|p2a: Chansey\n|-fail|p2a: Chansey|par\n|move|p2a: Chansey|Thunder Wave|p1a: Chansey\n|-fail|p1a: Chansey|par\n|\n|upkeep\n|turn|137\n|\n|t:|1781907656\n|move|p1a: Chansey|Ice Beam|p2a: Chansey\n|-damage|p2a: Chansey|90/100 par\n|cant|p2a: Chansey|par\n|\n|upkeep\n|turn|138\n|\n|t:|1781907670\n|cant|p2a: Chansey|par\n|cant|p1a: Chansey|par\n|\n|upkeep\n|turn|139\n|\n|t:|1781907685\n|move|p2a: Chansey|Ice Beam|p1a: Chansey\n|-damage|p1a: Chansey|78/100 par\n|move|p1a: Chansey|Ice Beam|p2a: Chansey\n|-damage|p2a: Chansey|79/100 par\n|\n|upkeep\n|turn|140\n|\n|t:|1781907692\n|cant|p2a: Chansey|par\n|move|p1a: Chansey|Thunder Wave|p2a: Chansey\n|-fail|p2a: Chansey|par\n|\n|upkeep\n|turn|141\n|\n|t:|1781907698\n|move|p1a: Chansey|Ice Beam|p2a: Chansey\n|-damage|p2a: Chansey|68/100 par\n|move|p2a: Chansey|Soft-Boiled|p2a: Chansey\n|-heal|p2a: Chansey|100/100 par\n|\n|upkeep\n|turn|142\n|\n|t:|1781907713\n|move|p2a: Chansey|Soft-Boiled|p2a: Chansey\n|-fail|p2a: Chansey\n|cant|p1a: Chansey|par\n|\n|upkeep\n|turn|143\n|\n|t:|1781907723\n|move|p2a: Chansey|Soft-Boiled|p2a: Chansey\n|-fail|p2a: Chansey\n|move|p1a: Chansey|Thunder Wave|p2a: Chansey\n|-fail|p2a: Chansey|par\n|\n|upkeep\n|turn|144\n|\n|t:|1781907727\n|cant|p2a: Chansey|par\n|cant|p1a: Chansey|par\n|\n|upkeep\n|turn|145\n|\n|t:|1781907731\n|move|p2a: Chansey|Soft-Boiled|p2a: Chansey\n|-fail|p2a: Chansey\n|move|p1a: Chansey|Soft-Boiled|p1a: Chansey\n|-heal|p1a: Chansey|100/100 par\n|\n|upkeep\n|turn|146\n|\n|t:|1781907742\n|cant|p2a: Chansey|par\n|move|p1a: Chansey|Soft-Boiled|p1a: Chansey\n|-fail|p1a: Chansey\n|\n|upkeep\n|turn|147\n|\n|t:|1781907749\n|move|p2a: Chansey|Thunder Wave|p1a: Chansey\n|-fail|p1a: Chansey|par\n|move|p1a: Chansey|Soft-Boiled|p1a: Chansey\n|-fail|p1a: Chansey\n|\n|upkeep\n|turn|148\n|inactive|TPM has 270 seconds left.\n|\n|t:|1781907796\n|move|p2a: Chansey|Ice Beam|p1a: Chansey\n|-damage|p1a: Chansey|90/100 par\n|move|p1a: Chansey|Thunder Wave|p2a: Chansey\n|-fail|p2a: Chansey|par\n|\n|upkeep\n|turn|149\n|\n|t:|1781907809\n|switch|p1a: Flareon|Flareon|100/100\n|move|p2a: Chansey|Struggle|p1a: Flareon\n|-damage|p1a: Flareon|91/100\n|-damage|p2a: Chansey|98/100 par|[from] Recoil|[of] p1a: Flareon\n|\n|upkeep\n|turn|150\n|inactive|TPM has 240 seconds left.\n|\n|t:|1781907838\n|move|p1a: Flareon|Body Slam|p2a: Chansey\n|-damage|p2a: Chansey|68/100 par\n|cant|p2a: Chansey|par\n|\n|upkeep\n|turn|151\n|\n|t:|1781907847\n|move|p1a: Flareon|Fire Blast|p2a: Chansey|[miss]\n|-miss|p1a: Flareon\n|cant|p2a: Chansey|par\n|\n|upkeep\n|turn|152\n|\n|t:|1781907861\n|move|p1a: Flareon|Fire Blast|p2a: Chansey\n|-crit|p2a: Chansey\n|-damage|p2a: Chansey|26/100 par\n|move|p2a: Chansey|Struggle|p1a: Flareon\n|-damage|p1a: Flareon|82/100\n|-damage|p2a: Chansey|24/100 par|[from] Recoil|[of] p1a: Flareon\n|\n|upkeep\n|turn|153\n|inactive|TPM has 240 seconds left.\n|\n|t:|1781907901\n|switch|p1a: Chansey|Chansey|90/100 par\n|move|p2a: Chansey|Struggle|p1a: Chansey\n|-damage|p1a: Chansey|82/100 par\n|-damage|p2a: Chansey|20/100 par|[from] Recoil|[of] p1a: Chansey\n|\n|upkeep\n|turn|154\n|inactive|TPM has 210 seconds left.\n|inactive|TPM has 180 seconds left.\n|inactive|TPM has 150 seconds left.\n|\n|t:|1781907991\n|move|p1a: Chansey|Soft-Boiled|p1a: Chansey\n|-heal|p1a: Chansey|100/100 par\n|move|p2a: Chansey|Struggle|p1a: Chansey\n|-damage|p1a: Chansey|92/100 par\n|-damage|p2a: Chansey|15/100 par|[from] Recoil|[of] p1a: Chansey\n|\n|upkeep\n|turn|155\n|inactive|TPM has 150 seconds left.\n|\n|t:|1781908001\n|switch|p1a: Flareon|Flareon|82/100\n|move|p2a: Chansey|Struggle|p1a: Flareon\n|-damage|p1a: Flareon|73/100\n|-damage|p2a: Chansey|13/100 par|[from] Recoil|[of] p1a: Flareon\n|\n|upkeep\n|turn|156\n|inactive|TPM has 150 seconds left.\n|\n|t:|1781908020\n|switch|p1a: Chansey|Chansey|92/100 par\n|move|p2a: Chansey|Struggle|p1a: Chansey\n|-damage|p1a: Chansey|83/100 par\n|-damage|p2a: Chansey|9/100 par|[from] Recoil|[of] p1a: Chansey\n|\n|upkeep\n|turn|157\n|\n|t:|1781908030\n|switch|p1a: Flareon|Flareon|73/100\n|move|p2a: Chansey|Struggle|p1a: Flareon\n|-damage|p1a: Flareon|64/100\n|-damage|p2a: Chansey|7/100 par|[from] Recoil|[of] p1a: Flareon\n|\n|upkeep\n|turn|158\n|\n|t:|1781908056\n|move|p1a: Flareon|Leer|p2a: Chansey\n|-unboost|p2a: Chansey|def|1\n|move|p2a: Chansey|Struggle|p1a: Flareon\n|-damage|p1a: Flareon|54/100\n|-damage|p2a: Chansey|5/100 par|[from] Recoil|[of] p1a: Flareon\n|\n|upkeep\n|turn|159\n|inactive|TPM has 120 seconds left.\n|\n|t:|1781908073\n|move|p1a: Flareon|Leer|p2a: Chansey\n|-unboost|p2a: Chansey|def|1\n|move|p2a: Chansey|Struggle|p1a: Flareon\n|-damage|p1a: Flareon|46/100\n|-damage|p2a: Chansey|3/100 par|[from] Recoil|[of] p1a: Flareon\n|\n|upkeep\n|turn|160\n|\n|t:|1781908077\n|switch|p1a: Chansey|Chansey|83/100 par\n|cant|p2a: Chansey|par\n|\n|upkeep\n|turn|161\n|inactive|TPM has 120 seconds left.\n|c|☆TPM|Damn I think that was my last out \n|c|☆TheStupe|Now that I'm slower than you it's very suspicious for ya\n|inactive|TPM has 90 seconds left.\n|\n|t:|1781908137\n|cant|p1a: Chansey|par\n|move|p2a: Chansey|Struggle|p1a: Chansey\n|-damage|p1a: Chansey|75/100 par\n|-damage|p2a: Chansey|0 fnt|[from] Recoil|[of] p1a: Chansey\n|faint|p2a: Chansey\n|c|☆TheStupe|You got it\n|\n|t:|1781908152\n|switch|p2a: Tauros|Tauros|100/100\n|turn|162\n|c|☆TPM|Probably still lose cause I took too much damage on flare \n|inactive|TPM has 90 seconds left.\n|c|☆TPM|But I had to bring my baby at least once before getting eliminated \n|\n|t:|1781908178\n|move|p2a: Tauros|Body Slam|p1a: Chansey\n|-damage|p1a: Chansey|36/100 par\n|cant|p1a: Chansey|par\n|\n|upkeep\n|turn|163\n|\n|t:|1781908182\n|move|p2a: Tauros|Body Slam|p1a: Chansey\n|-crit|p1a: Chansey\n|-damage|p1a: Chansey|0 fnt\n|faint|p1a: Chansey\n|\n|t:|1781908184\n|switch|p1a: Flareon|Flareon|46/100\n|turn|164\n|c|☆TheStupe|RIP last twave\n|\n|t:|1781908190\n|move|p2a: Tauros|Hyper Beam|p1a: Flareon|[miss]\n|-miss|p2a: Tauros\n|move|p1a: Flareon|Fire Blast|p2a: Tauros\n|-damage|p2a: Tauros|43/100\n|\n|upkeep\n|turn|165\n|c|☆TheStupe|Second miss?\n|\n|t:|1781908210\n|move|p2a: Tauros|Hyper Beam|p1a: Flareon\n|-crit|p1a: Flareon\n|-damage|p1a: Flareon|0 fnt\n|faint|p1a: Flareon\n|\n|win|TheStupe\n|c|☆TheStupe|gg\n|c|☆TPM|GG \n|c|☆TheStupe|Poor baby was so close\n|player|p1|\n","uploadtime":1781908210,"views":"78","formatid":"gen1ou","rating":null,"private":0,"password":null}