{"id":"smogtours-gen1ou-906904","format":"[Gen 1] OU","players":["Sceptross","Malekith"],"log":"|inactive|Battle timer is ON: inactive players will automatically lose when time's up.\n|t:|1770566243\n|gametype|singles\n|player|p1|Sceptross|#splxviicryonicles2|\n|player|p2|Malekith|#splxviisharks2|\n|gen|1\n|tier|[Gen 1] OU\n|rule|Desync Clause Mod: Desyncs changed to move failure.\n|rule|Sleep Clause Mod: Limit one foe put to sleep\n|rule|Freeze Clause Mod: Limit one foe frozen\n|rule|Species Clause: Limit one of each Pokémon\n|rule|OHKO Clause: OHKO moves are banned\n|rule|Evasion Moves Clause: Evasion moves are banned\n|rule|Endless Battle Clause: Forcing endless battles is banned\n|rule|HP Percentage Mod: HP is shown in percentages\n|\n|t:|1770566243\n|teamsize|p1|6\n|teamsize|p2|6\n|start\n|switch|p1a: Gengar|Gengar|100/100\n|switch|p2a: StarmariN|Starmie|100/100\n|turn|1\n|c|☆Malekith|hf\n|rated|Smogon Premier League\n|c|☆Sceptross|gl hf\n|\n|t:|1770566269\n|switch|p2a: Tipsy Troop|Exeggutor|100/100\n|move|p1a: Gengar|Hypnosis|p2a: Tipsy Troop\n|-status|p2a: Tipsy Troop|slp|[from] move: Hypnosis\n|\n|upkeep\n|turn|2\n|\n|t:|1770566298\n|switch|p1a: Chansey|Chansey|100/100\n|cant|p2a: Tipsy Troop|slp\n|\n|upkeep\n|turn|3\n|\n|t:|1770566306\n|switch|p2a: Golfa|Chansey|100/100\n|move|p1a: Chansey|Ice Beam|p2a: Golfa\n|-damage|p2a: Golfa|90/100\n|\n|upkeep\n|turn|4\n|\n|t:|1770566319\n|move|p2a: Golfa|Ice Beam|p1a: Chansey\n|-damage|p1a: Chansey|90/100\n|move|p1a: Chansey|Thunder Wave|p2a: Golfa\n|-status|p2a: Golfa|par\n|\n|upkeep\n|turn|5\n|inactive|Sceptross has 270 seconds left.\n|inactive|Sceptross has 240 seconds left.\n|\n|t:|1770566380\n|switch|p1a: Snorlax|Snorlax|100/100\n|move|p2a: Golfa|Ice Beam|p1a: Snorlax\n|-damage|p1a: Snorlax|80/100\n|\n|upkeep\n|turn|6\n|\n|t:|1770566390\n|switch|p2a: Hidalgo|Snorlax|100/100\n|move|p1a: Snorlax|Reflect|p1a: Snorlax\n|-start|p1a: Snorlax|Reflect\n|\n|upkeep\n|turn|7\n|inactive|Sceptross has 240 seconds left.\n|\n|t:|1770566395\n|move|p1a: Snorlax|Body Slam|p2a: Hidalgo\n|-damage|p2a: Hidalgo|74/100\n|move|p2a: Hidalgo|Reflect|p2a: Hidalgo\n|-start|p2a: Hidalgo|Reflect\n|\n|upkeep\n|turn|8\n|\n|t:|1770566404\n|move|p1a: Snorlax|Body Slam|p2a: Hidalgo\n|-damage|p2a: Hidalgo|61/100\n|move|p2a: Hidalgo|Body Slam|p1a: Snorlax\n|-damage|p1a: Snorlax|67/100\n|\n|upkeep\n|turn|9\n|inactive|Sceptross has 240 seconds left.\n|\n|t:|1770566428\n|switch|p1a: Gengar|Gengar|100/100\n|move|p2a: Hidalgo|Rest|p2a: Hidalgo\n|-status|p2a: Hidalgo|slp|[from] move: Rest\n|-heal|p2a: Hidalgo|100/100 slp|[silent]\n|\n|upkeep\n|turn|10\n|\n|t:|1770566432\n|move|p1a: Gengar|Psychic|p2a: Hidalgo\n|-damage|p2a: Hidalgo|81/100 slp\n|cant|p2a: Hidalgo|slp\n|\n|upkeep\n|turn|11\n|\n|t:|1770566443\n|switch|p2a: Tipsy Troop|Exeggutor|100/100 slp\n|move|p1a: Gengar|Psychic|p2a: Tipsy Troop\n|-resisted|p2a: Tipsy Troop\n|-damage|p2a: Tipsy Troop|91/100 slp\n|-unboost|p2a: Tipsy Troop|spa|1\n|-unboost|p2a: Tipsy Troop|spd|1\n|\n|upkeep\n|turn|12\n|\n|t:|1770566462\n|switch|p1a: Tauros|Tauros|100/100\n|cant|p2a: Tipsy Troop|slp\n|\n|upkeep\n|turn|13\n|\n|t:|1770566470\n|switch|p2a: StarmariN|Starmie|100/100\n|move|p1a: Tauros|Body Slam|p2a: StarmariN\n|-damage|p2a: StarmariN|68/100\n|-status|p2a: StarmariN|par\n|\n|upkeep\n|turn|14\n|\n|t:|1770566484\n|switch|p1a: Chansey|Chansey|90/100\n|move|p2a: StarmariN|Recover|p2a: StarmariN\n|-heal|p2a: StarmariN|100/100 par\n|\n|upkeep\n|turn|15\n|\n|t:|1770566490\n|switch|p1a: Snorlax|Snorlax|67/100\n|switch|p2a: Golfa|Chansey|90/100 par\n|\n|upkeep\n|turn|16\n|\n|t:|1770566504\n|move|p1a: Snorlax|Body Slam|p2a: Golfa\n|-damage|p2a: Golfa|49/100 par\n|move|p2a: Golfa|Thunder Wave|p1a: Snorlax\n|-status|p1a: Snorlax|par\n|\n|upkeep\n|turn|17\n|\n|t:|1770566509\n|move|p2a: Golfa|Soft-Boiled|p2a: Golfa\n|-heal|p2a: Golfa|99/100 par\n|cant|p1a: Snorlax|par\n|\n|upkeep\n|turn|18\n|inactive|Sceptross has 270 seconds left.\n|\n|t:|1770566528\n|switch|p2a: Hidalgo|Snorlax|81/100 slp\n|switch|p1a: Tauros|Tauros|100/100\n|\n|upkeep\n|turn|19\n|\n|t:|1770566535\n|move|p1a: Tauros|Body Slam|p2a: Hidalgo\n|-damage|p2a: Hidalgo|58/100 slp\n|-curestatus|p2a: Hidalgo|slp|[msg]\n|\n|upkeep\n|turn|20\n|\n|t:|1770566540\n|switch|p1a: Gengar|Gengar|100/100\n|move|p2a: Hidalgo|Body Slam|p1a: Gengar\n|-immune|p1a: Gengar\n|\n|upkeep\n|turn|21\n|\n|t:|1770566549\n|switch|p2a: Tipsy Troop|Exeggutor|91/100 slp\n|move|p1a: Gengar|Psychic|p2a: Tipsy Troop\n|-resisted|p2a: Tipsy Troop\n|-damage|p2a: Tipsy Troop|82/100 slp\n|\n|upkeep\n|turn|22\n|\n|t:|1770566551\n|move|p1a: Gengar|Night Shade|p2a: Tipsy Troop\n|-damage|p2a: Tipsy Troop|56/100 slp\n|-curestatus|p2a: Tipsy Troop|slp|[msg]\n|\n|upkeep\n|turn|23\n|\n|t:|1770566576\n|switch|p2a: Golfa|Chansey|99/100 par\n|move|p1a: Gengar|Night Shade|p2a: Golfa\n|-damage|p2a: Golfa|85/100 par\n|\n|upkeep\n|turn|24\n|\n|t:|1770566583\n|switch|p1a: Snorlax|Snorlax|67/100 par\n|move|p2a: Golfa|Ice Beam|p1a: Snorlax\n|-damage|p1a: Snorlax|47/100 par\n|\n|upkeep\n|turn|25\n|\n|t:|1770566592\n|switch|p2a: Tipsy Troop|Exeggutor|56/100\n|move|p1a: Snorlax|Body Slam|p2a: Tipsy Troop\n|-damage|p2a: Tipsy Troop|25/100\n|\n|upkeep\n|turn|26\n|inactive|Sceptross has 270 seconds left.\n|\n|t:|1770566648\n|switch|p1a: Starmie|Starmie|100/100\n|move|p2a: Tipsy Troop|Psychic|p1a: Starmie\n|-resisted|p1a: Starmie\n|-damage|p1a: Starmie|81/100\n|\n|upkeep\n|turn|27\n|\n|t:|1770566657\n|switch|p2a: Golfa|Chansey|85/100 par\n|move|p1a: Starmie|Blizzard|p2a: Golfa\n|-damage|p2a: Golfa|71/100 par\n|\n|upkeep\n|turn|28\n|\n|t:|1770566673\n|switch|p1a: Chansey|Chansey|90/100\n|move|p2a: Golfa|Soft-Boiled|p2a: Golfa\n|-heal|p2a: Golfa|100/100 par\n|\n|upkeep\n|turn|29\n|\n|t:|1770566677\n|switch|p1a: Snorlax|Snorlax|47/100 par\n|move|p2a: Golfa|Ice Beam|p1a: Snorlax\n|-damage|p1a: Snorlax|28/100 par\n|\n|upkeep\n|turn|30\n|inactive|Malekith has 270 seconds left.\n|\n|t:|1770566717\n|switch|p2a: Esther Winchester|Tauros|100/100\n|cant|p1a: Snorlax|par\n|\n|upkeep\n|turn|31\n|inactive|Sceptross has 270 seconds left.\n|inactive|Malekith has 270 seconds left.\n|\n|t:|1770566734\n|move|p2a: Esther Winchester|Earthquake|p1a: Snorlax\n|-damage|p1a: Snorlax|8/100 par\n|move|p1a: Snorlax|Self-Destruct|p2a: Esther Winchester\n|-damage|p2a: Esther Winchester|4/100\n|faint|p1a: Snorlax\n|\n|t:|1770566757\n|switch|p1a: Tauros|Tauros|100/100\n|turn|32\n|inactive|Malekith has 270 seconds left.\n|\n|t:|1770566774\n|move|p2a: Esther Winchester|Hyper Beam|p1a: Tauros\n|-damage|p1a: Tauros|51/100\n|-mustrecharge|p2a: Esther Winchester\n|move|p1a: Tauros|Body Slam|p2a: Esther Winchester\n|-damage|p2a: Esther Winchester|0 fnt\n|faint|p2a: Esther Winchester\n|\n|t:|1770566789\n|switch|p2a: StarmariN|Starmie|100/100 par\n|turn|33\n|inactive|Sceptross has 270 seconds left.\n|\n|t:|1770566799\n|switch|p1a: Starmie|Starmie|81/100\n|cant|p2a: StarmariN|par\n|\n|upkeep\n|turn|34\n|\n|t:|1770566807\n|switch|p1a: Chansey|Chansey|90/100\n|move|p2a: StarmariN|Thunderbolt|p1a: Chansey\n|-damage|p1a: Chansey|79/100\n|\n|upkeep\n|turn|35\n|inactive|Malekith has 270 seconds left.\n|\n|t:|1770566815\n|switch|p1a: Tauros|Tauros|51/100\n|switch|p2a: Golfa|Chansey|100/100 par\n|\n|upkeep\n|turn|36\n|\n|t:|1770566823\n|switch|p1a: Chansey|Chansey|79/100\n|cant|p2a: Golfa|par\n|\n|upkeep\n|turn|37\n|\n|t:|1770566849\n|switch|p1a: Gengar|Gengar|100/100\n|move|p2a: Golfa|Ice Beam|p1a: Gengar\n|-damage|p1a: Gengar|80/100\n|\n|upkeep\n|turn|38\n|\n|t:|1770566865\n|switch|p2a: StarmariN|Starmie|100/100 par\n|move|p1a: Gengar|Psychic|p2a: StarmariN\n|-resisted|p2a: StarmariN\n|-damage|p2a: StarmariN|87/100 par\n|\n|upkeep\n|turn|39\n|\n|t:|1770566870\n|switch|p1a: Chansey|Chansey|79/100\n|cant|p2a: StarmariN|par\n|\n|upkeep\n|turn|40\n|\n|t:|1770566881\n|switch|p2a: Golfa|Chansey|100/100 par\n|move|p1a: Chansey|Thunderbolt|p2a: Golfa\n|-damage|p2a: Golfa|90/100 par\n|\n|upkeep\n|turn|41\n|\n|t:|1770566888\n|switch|p1a: Gengar|Gengar|80/100\n|cant|p2a: Golfa|par\n|\n|upkeep\n|turn|42\n|\n|t:|1770566899\n|switch|p2a: StarmariN|Starmie|87/100 par\n|move|p1a: Gengar|Psychic|p2a: StarmariN\n|-resisted|p2a: StarmariN\n|-damage|p2a: StarmariN|73/100 par\n|\n|upkeep\n|turn|43\n|inactive|Sceptross has 270 seconds left.\n|\n|t:|1770566930\n|switch|p1a: Chansey|Chansey|79/100\n|cant|p2a: StarmariN|par\n|\n|upkeep\n|turn|44\n|\n|t:|1770566939\n|move|p1a: Chansey|Thunderbolt|p2a: StarmariN\n|-supereffective|p2a: StarmariN\n|-damage|p2a: StarmariN|21/100 par\n|move|p2a: StarmariN|Recover|p2a: StarmariN\n|-heal|p2a: StarmariN|71/100 par\n|\n|upkeep\n|turn|45\n|\n|t:|1770566946\n|switch|p1a: Tauros|Tauros|51/100\n|switch|p2a: Golfa|Chansey|90/100 par\n|\n|upkeep\n|turn|46\n|\n|t:|1770566955\n|move|p1a: Tauros|Body Slam|p2a: Golfa\n|-damage|p2a: Golfa|48/100 par\n|move|p2a: Golfa|Thunder Wave|p1a: Tauros\n|-status|p1a: Tauros|par\n|\n|upkeep\n|turn|47\n|\n|t:|1770566968\n|switch|p2a: StarmariN|Starmie|71/100 par\n|move|p1a: Tauros|Body Slam|p2a: StarmariN\n|-damage|p2a: StarmariN|38/100 par\n|\n|upkeep\n|turn|48\n|\n|t:|1770566979\n|move|p2a: StarmariN|Recover|p2a: StarmariN\n|-heal|p2a: StarmariN|88/100 par\n|move|p1a: Tauros|Body Slam|p2a: StarmariN\n|-crit|p2a: StarmariN\n|-damage|p2a: StarmariN|26/100 par\n|\n|upkeep\n|turn|49\n|\n|t:|1770566988\n|move|p2a: StarmariN|Recover|p2a: StarmariN\n|-heal|p2a: StarmariN|75/100 par\n|move|p1a: Tauros|Body Slam|p2a: StarmariN\n|-damage|p2a: StarmariN|41/100 par\n|\n|upkeep\n|turn|50\n|\n|t:|1770566994\n|switch|p1a: Chansey|Chansey|79/100\n|move|p2a: StarmariN|Recover|p2a: StarmariN\n|-heal|p2a: StarmariN|91/100 par\n|\n|upkeep\n|turn|51\n|\n|t:|1770567003\n|switch|p2a: Tipsy Troop|Exeggutor|25/100\n|move|p1a: Chansey|Thunderbolt|p2a: Tipsy Troop\n|-resisted|p2a: Tipsy Troop\n|-damage|p2a: Tipsy Troop|16/100\n|\n|upkeep\n|turn|52\n|\n|t:|1770567014\n|switch|p1a: Tauros|Tauros|51/100 par\n|move|p2a: Tipsy Troop|Sleep Powder|p1a: Tauros\n|-fail|p1a: Tauros\n|\n|upkeep\n|turn|53\n|\n|t:|1770567040\n|switch|p2a: StarmariN|Starmie|91/100 par\n|move|p1a: Tauros|Body Slam|p2a: StarmariN\n|-damage|p2a: StarmariN|58/100 par\n|\n|upkeep\n|turn|54\n|\n|t:|1770567051\n|switch|p1a: Chansey|Chansey|79/100\n|move|p2a: StarmariN|Recover|p2a: StarmariN\n|-heal|p2a: StarmariN|100/100 par\n|\n|upkeep\n|turn|55\n|inactive|Malekith has 270 seconds left.\n|inactive|Sceptross has 270 seconds left.\n|\n|t:|1770567090\n|switch|p1a: Exeggutor|Exeggutor|100/100\n|switch|p2a: Golfa|Chansey|48/100 par\n|\n|upkeep\n|turn|56\n|inactive|Sceptross has 270 seconds left.\n|\n|t:|1770567095\n|switch|p1a: Tauros|Tauros|51/100 par\n|move|p2a: Golfa|Soft-Boiled|p2a: Golfa\n|-heal|p2a: Golfa|98/100 par\n|\n|upkeep\n|turn|57\n|\n|t:|1770567100\n|switch|p2a: StarmariN|Starmie|100/100 par\n|move|p1a: Tauros|Body Slam|p2a: StarmariN\n|-damage|p2a: StarmariN|65/100 par\n|\n|upkeep\n|turn|58\n|\n|t:|1770567109\n|switch|p1a: Chansey|Chansey|79/100\n|cant|p2a: StarmariN|par\n|\n|upkeep\n|turn|59\n|\n|t:|1770567116\n|switch|p1a: Tauros|Tauros|51/100 par\n|switch|p2a: Golfa|Chansey|98/100 par\n|\n|upkeep\n|turn|60\n|\n|t:|1770567121\n|switch|p2a: StarmariN|Starmie|65/100 par\n|move|p1a: Tauros|Body Slam|p2a: StarmariN\n|-damage|p2a: StarmariN|31/100 par\n|\n|upkeep\n|turn|61\n|\n|t:|1770567126\n|cant|p2a: StarmariN|par\n|move|p1a: Tauros|Body Slam|p2a: StarmariN\n|-damage|p2a: StarmariN|0 fnt\n|faint|p2a: StarmariN\n|inactive|Malekith has 270 seconds left.\n|\n|t:|1770567156\n|switch|p2a: Tipsy Troop|Exeggutor|16/100\n|turn|62\n|inactive|Sceptross has 270 seconds left.\n|inactive|Sceptross has 240 seconds left.\n|\n|t:|1770567244\n|switch|p1a: Starmie|Starmie|81/100\n|move|p2a: Tipsy Troop|Psychic|p1a: Starmie\n|-resisted|p1a: Starmie\n|-damage|p1a: Starmie|61/100\n|\n|upkeep\n|turn|63\n|inactive|Sceptross has 210 seconds left.\n|\n|t:|1770567259\n|switch|p2a: Golfa|Chansey|98/100 par\n|move|p1a: Starmie|Blizzard|p2a: Golfa\n|-damage|p2a: Golfa|85/100 par\n|\n|upkeep\n|turn|64\n|\n|t:|1770567265\n|move|p1a: Starmie|Recover|p1a: Starmie\n|-heal|p1a: Starmie|100/100\n|move|p2a: Golfa|Ice Beam|p1a: Starmie\n|-resisted|p1a: Starmie\n|-damage|p1a: Starmie|89/100\n|\n|upkeep\n|turn|65\n|inactive|Sceptross has 210 seconds left.\n|\n|t:|1770567294\n|move|p1a: Starmie|Psychic|p2a: Golfa\n|-damage|p2a: Golfa|70/100 par\n|-unboost|p2a: Golfa|spa|1\n|-unboost|p2a: Golfa|spd|1\n|cant|p2a: Golfa|par\n|\n|upkeep\n|turn|66\n|inactive|Sceptross has 210 seconds left.\n|\n|t:|1770567302\n|switch|p1a: Tauros|Tauros|51/100 par\n|move|p2a: Golfa|Soft-Boiled|p2a: Golfa\n|-heal|p2a: Golfa|100/100 par\n|\n|upkeep\n|turn|67\n|\n|t:|1770567307\n|switch|p2a: Hidalgo|Snorlax|58/100\n|cant|p1a: Tauros|par\n|\n|upkeep\n|turn|68\n|\n|t:|1770567317\n|switch|p2a: Golfa|Chansey|100/100 par\n|switch|p1a: Gengar|Gengar|80/100\n|\n|upkeep\n|turn|69\n|\n|t:|1770567331\n|move|p1a: Gengar|Psychic|p2a: Golfa\n|-damage|p2a: Golfa|89/100 par\n|-unboost|p2a: Golfa|spa|1\n|-unboost|p2a: Golfa|spd|1\n|move|p2a: Golfa|Ice Beam|p1a: Gengar\n|-damage|p1a: Gengar|67/100\n|\n|upkeep\n|turn|70\n|\n|t:|1770567347\n|move|p1a: Gengar|Psychic|p2a: Golfa\n|-damage|p2a: Golfa|71/100 par\n|move|p2a: Golfa|Ice Beam|p1a: Gengar\n|-damage|p1a: Gengar|53/100\n|\n|upkeep\n|turn|71\n|\n|t:|1770567352\n|switch|p1a: Tauros|Tauros|51/100 par\n|move|p2a: Golfa|Soft-Boiled|p2a: Golfa\n|-heal|p2a: Golfa|100/100 par\n|\n|upkeep\n|turn|72\n|\n|t:|1770567358\n|switch|p2a: Hidalgo|Snorlax|58/100\n|move|p1a: Tauros|Body Slam|p2a: Hidalgo\n|-crit|p2a: Hidalgo\n|-damage|p2a: Hidalgo|11/100\n|\n|upkeep\n|turn|73\n|\n|t:|1770567372\n|switch|p1a: Exeggutor|Exeggutor|100/100\n|move|p2a: Hidalgo|Rest|p2a: Hidalgo\n|-status|p2a: Hidalgo|slp|[from] move: Rest\n|-heal|p2a: Hidalgo|100/100 slp|[silent]\n|\n|upkeep\n|turn|74\n|\n|t:|1770567378\n|move|p1a: Exeggutor|Psychic|p2a: Hidalgo\n|-damage|p2a: Hidalgo|69/100 slp\n|cant|p2a: Hidalgo|slp\n|\n|upkeep\n|turn|75\n|\n|t:|1770567382\n|switch|p2a: Golfa|Chansey|100/100 par\n|move|p1a: Exeggutor|Psychic|p2a: Golfa\n|-damage|p2a: Golfa|84/100 par\n|-unboost|p2a: Golfa|spa|1\n|-unboost|p2a: Golfa|spd|1\n|\n|upkeep\n|turn|76\n|inactive|Sceptross has 240 seconds left.\n|\n|t:|1770567402\n|move|p1a: Exeggutor|Psychic|p2a: Golfa\n|-damage|p2a: Golfa|59/100 par\n|-unboost|p2a: Golfa|spa|1\n|-unboost|p2a: Golfa|spd|1\n|cant|p2a: Golfa|par\n|\n|upkeep\n|turn|77\n|inactive|Sceptross has 240 seconds left.\n|\n|t:|1770567408\n|move|p1a: Exeggutor|Psychic|p2a: Golfa\n|-damage|p2a: Golfa|24/100 par\n|-unboost|p2a: Golfa|spa|1\n|-unboost|p2a: Golfa|spd|1\n|cant|p2a: Golfa|par\n|\n|upkeep\n|turn|78\n|inactive|Sceptross has 240 seconds left.\n|\n|t:|1770567426\n|move|p1a: Exeggutor|Psychic|p2a: Golfa\n|-damage|p2a: Golfa|0 fnt\n|faint|p2a: Golfa\n|\n|t:|1770567429\n|switch|p2a: Tipsy Troop|Exeggutor|16/100\n|turn|79\n|inactive|Sceptross has 240 seconds left.\n|inactive|Sceptross has 210 seconds left.\n|inactive|Sceptross has 180 seconds left.\n|\n|t:|1770567528\n|switch|p1a: Tauros|Tauros|51/100 par\n|move|p2a: Tipsy Troop|Sleep Powder|p1a: Tauros\n|-fail|p1a: Tauros\n|\n|upkeep\n|turn|80\n|\n|t:|1770567535\n|move|p2a: Tipsy Troop|Mega Drain|p1a: Tauros\n|-damage|p1a: Tauros|31/100 par\n|-heal|p2a: Tipsy Troop|25/100|[from] drain|[of] p1a: Tauros\n|move|p1a: Tauros|Body Slam|p2a: Tipsy Troop\n|-damage|p2a: Tipsy Troop|0 fnt\n|faint|p2a: Tipsy Troop\n|\n|t:|1770567544\n|switch|p2a: Do Bronxs|Zapdos|100/100\n|turn|81\n|inactive|Sceptross has 150 seconds left.\n|\n|t:|1770567579\n|move|p2a: Do Bronxs|Agility|p2a: Do Bronxs\n|-boost|p2a: Do Bronxs|spe|2\n|move|p1a: Tauros|Hyper Beam|p2a: Do Bronxs\n|-damage|p2a: Do Bronxs|51/100\n|-mustrecharge|p1a: Tauros\n|\n|upkeep\n|turn|82\n|\n|t:|1770567585\n|move|p2a: Do Bronxs|Thunderbolt|p1a: Tauros\n|-damage|p1a: Tauros|0 fnt\n|faint|p1a: Tauros\n|\n|t:|1770567589\n|switch|p1a: Chansey|Chansey|79/100\n|turn|83\n|\n|t:|1770567592\n|move|p2a: Do Bronxs|Thunder Wave|p1a: Chansey\n|-status|p1a: Chansey|par\n|cant|p1a: Chansey|par\n|\n|upkeep\n|turn|84\n|\n|t:|1770567596\n|move|p2a: Do Bronxs|Drill Peck|p1a: Chansey\n|-damage|p1a: Chansey|44/100 par\n|move|p1a: Chansey|Thunder Wave|p2a: Do Bronxs\n|-status|p2a: Do Bronxs|par\n|\n|upkeep\n|turn|85\n|\n|t:|1770567602\n|move|p2a: Do Bronxs|Agility|p2a: Do Bronxs\n|-boost|p2a: Do Bronxs|spe|2\n|move|p1a: Chansey|Ice Beam|p2a: Do Bronxs\n|-supereffective|p2a: Do Bronxs\n|-damage|p2a: Do Bronxs|19/100 par\n|\n|upkeep\n|turn|86\n|inactive|Sceptross has 180 seconds left.\n|\n|t:|1770567608\n|move|p2a: Do Bronxs|Drill Peck|p1a: Chansey\n|-damage|p1a: Chansey|10/100 par\n|move|p1a: Chansey|Ice Beam|p2a: Do Bronxs\n|-supereffective|p2a: Do Bronxs\n|-damage|p2a: Do Bronxs|0 fnt\n|faint|p2a: Do Bronxs\n|\n|t:|1770567612\n|switch|p2a: Hidalgo|Snorlax|69/100 slp\n|turn|87\n|\n|t:|1770567617\n|switch|p1a: Exeggutor|Exeggutor|100/100\n|-curestatus|p2a: Hidalgo|slp|[msg]\n|\n|upkeep\n|turn|88\n|\n|t:|1770567621\n|move|p1a: Exeggutor|Explosion|p2a: Hidalgo\n|-damage|p2a: Hidalgo|6/100\n|faint|p1a: Exeggutor\n|\n|t:|1770567625\n|switch|p1a: Gengar|Gengar|53/100\n|turn|89\n|\n|t:|1770567627\n|move|p1a: Gengar|Night Shade|p2a: Hidalgo\n|-damage|p2a: Hidalgo|0 fnt\n|faint|p2a: Hidalgo\n|\n|win|Sceptross\n|c|☆Sceptross|ggs\n|c|☆Malekith|ggs ig\n|player|p2|\n","uploadtime":1770567627,"views":"1002","formatid":"gen1ou","rating":null,"private":0,"password":null}