{"id":"smogtours-gen1ou-974888","format":"[Gen 1] OU","players":["Amaranth","LNumbers"],"log":"|inactive|Battle timer is ON: inactive players will automatically lose when time's up.\n|t:|1790523046\n|gametype|singles\n|player|p1|Amaranth|#amaranth|\n|player|p2|LNumbers|#rbywc2026|\n|gen|1\n|tier|[Gen 1] OU\n|rule|Desync Clause Mod: Desyncs resolve to link battle behavior from the acting player's perspective.\n|rule|HP Percentage Mod: HP is shown in percentages\n|rule|Endless Battle Clause: Forcing endless battles is banned\n|rule|Sleep Clause Mod: Limit one foe put to sleep\n|rule|Freeze Clause Mod: Limit one foe frozen\n|rule|Species Clause: Limit one of each Pokémon\n|rule|OHKO Clause: OHKO moves are banned\n|rule|Evasion Moves Clause: Evasion moves are banned\n|\n|t:|1790523046\n|teamsize|p1|6\n|teamsize|p2|6\n|start\n|switch|p1a: Gengar|Gengar|100/100\n|switch|p2a: Gengar|Gengar|100/100\n|turn|1\n|c|☆LNumbers|hf\n|c|☆Amaranth|glhf\n|c|☆Amaranth|high danger of Well t1\\\n|inactive|LNumbers has 270 seconds left.\n|\n|t:|1790523087\n|move|p1a: Gengar|Psychic|p2a: Gengar\n|-supereffective|p2a: Gengar\n|-damage|p2a: Gengar|57/100\n|move|p2a: Gengar|Psychic|p1a: Gengar\n|-supereffective|p1a: Gengar\n|-damage|p1a: Gengar|54/100\n|\n|upkeep\n|turn|2\n|c|☆Amaranth|wow no well\n|c|☆LNumbers|garby\n|inactive|LNumbers has 270 seconds left.\n|inactive|LNumbers has 240 seconds left.\n|\n|t:|1790523174\n|switch|p2a: Starmie|Starmie|100/100\n|move|p1a: Gengar|Psychic|p2a: Starmie\n|-resisted|p2a: Starmie\n|-damage|p2a: Starmie|87/100\n|-unboost|p2a: Starmie|spa|1\n|-unboost|p2a: Starmie|spd|1\n|\n|upkeep\n|turn|3\n|inactive|LNumbers has 210 seconds left.\n|\n|t:|1790523193\n|switch|p2a: Gengar|Gengar|57/100\n|switch|p1a: Jynx|Jynx|100/100\n|\n|upkeep\n|turn|4\n|inactive|LNumbers has 210 seconds left.\n|inactive|Amaranth has 270 seconds left.\n|inactive|LNumbers has 180 seconds left.\n|\n|t:|1790523252\n|move|p2a: Gengar|Hypnosis|p1a: Jynx|[miss]\n|-miss|p2a: Gengar\n|move|p1a: Jynx|Psychic|p2a: Gengar\n|-supereffective|p2a: Gengar\n|-damage|p2a: Gengar|3/100\n|-unboost|p2a: Gengar|spa|1\n|-unboost|p2a: Gengar|spd|1\n|\n|upkeep\n|turn|5\n|\n|t:|1790523282\n|switch|p1a: Gengar|Gengar|54/100\n|move|p2a: Gengar|Hypnosis|p1a: Gengar|[miss]\n|-miss|p2a: Gengar\n|\n|upkeep\n|turn|6\n|inactive|LNumbers has 150 seconds left.\n|inactive|LNumbers has 120 seconds left.\n|inactive|LNumbers has 90 seconds left.\n|\n|t:|1790523368\n|switch|p2a: Starmie|Starmie|87/100\n|move|p1a: Gengar|Psychic|p2a: Starmie\n|-resisted|p2a: Starmie\n|-damage|p2a: Starmie|73/100\n|-unboost|p2a: Starmie|spa|1\n|-unboost|p2a: Starmie|spd|1\n|\n|upkeep\n|turn|7\n|inactive|Amaranth has 240 seconds left.\n|\n|t:|1790523396\n|switch|p1a: Jynx|Jynx|100/100\n|move|p2a: Starmie|Thunder Wave|p1a: Jynx\n|-status|p1a: Jynx|par\n|\n|upkeep\n|turn|8\n|inactive|LNumbers has 90 seconds left.\n|inactive|LNumbers has 60 seconds left.\n|inactive|LNumbers has 30 seconds left.\n|\n|t:|1790523474\n|switch|p2a: Gengar|Gengar|3/100\n|move|p1a: Jynx|Blizzard|p2a: Gengar\n|-damage|p2a: Gengar|0 fnt\n|faint|p2a: Gengar\n|\n|t:|1790523479\n|switch|p2a: Tauros|Tauros|100/100\n|turn|9\n|inactive|Amaranth has 240 seconds left.\n|\n|t:|1790523495\n|switch|p1a: Gengar|Gengar|54/100\n|move|p2a: Tauros|Body Slam|p1a: Gengar\n|-immune|p1a: Gengar\n|\n|upkeep\n|turn|10\n|\n|t:|1790523505\n|move|p1a: Gengar|Hypnosis|p2a: Tauros|[miss]\n|-miss|p1a: Gengar\n|move|p2a: Tauros|Earthquake|p1a: Gengar\n|-supereffective|p1a: Gengar\n|-damage|p1a: Gengar|0 fnt\n|faint|p1a: Gengar\n|\n|t:|1790523506\n|switch|p1a: Exeggutor|Exeggutor|100/100\n|turn|11\n|inactive|LNumbers has 30 seconds left.\n|inactive|LNumbers has 20 seconds left.\n|inactive|LNumbers has 15 seconds left.\n|inactive|LNumbers has 10 seconds left.\n|inactive|LNumbers has 5 seconds left.\n|\n|t:|1790523559\n|switch|p2a: Exeggutor|Exeggutor|100/100\n|move|p1a: Exeggutor|Sleep Powder|p2a: Exeggutor\n|-status|p2a: Exeggutor|slp|[from] move: Sleep Powder\n|\n|upkeep\n|turn|12\n|inactive|LNumbers has 15 seconds left this turn.\n|inactive|LNumbers has 10 seconds left.\n|\n|t:|1790523569\n|switch|p2a: Chansey|Chansey|100/100\n|switch|p1a: Tauros|Tauros|100/100\n|\n|upkeep\n|turn|13\n|inactive|LNumbers has 20 seconds left this turn.\n|inactive|LNumbers has 15 seconds left.\n|\n|t:|1790523578\n|switch|p1a: Jynx|Jynx|100/100 par\n|move|p2a: Chansey|Ice Beam|p1a: Jynx\n|-resisted|p1a: Jynx\n|-damage|p1a: Jynx|89/100 par\n|\n|upkeep\n|turn|14\n|inactive|LNumbers has 25 seconds left this turn.\n|inactive|LNumbers has 20 seconds left.\n|\n|t:|1790523585\n|move|p2a: Chansey|Ice Beam|p1a: Jynx\n|-resisted|p1a: Jynx\n|-damage|p1a: Jynx|77/100 par\n|move|p1a: Jynx|Blizzard|p2a: Chansey\n|-crit|p2a: Chansey\n|-damage|p2a: Chansey|66/100\n|\n|upkeep\n|turn|15\n|inactive|LNumbers has 30 seconds left this turn.\n|\n|t:|1790523588\n|move|p2a: Chansey|Ice Beam|p1a: Jynx\n|-resisted|p1a: Jynx\n|-damage|p1a: Jynx|66/100 par\n|move|p1a: Jynx|Blizzard|p2a: Chansey|[miss]\n|-miss|p1a: Jynx\n|\n|upkeep\n|turn|16\n|\n|t:|1790523592\n|move|p2a: Chansey|Ice Beam|p1a: Jynx\n|-resisted|p1a: Jynx\n|-damage|p1a: Jynx|53/100 par\n|move|p1a: Jynx|Blizzard|p2a: Chansey\n|-crit|p2a: Chansey\n|-damage|p2a: Chansey|28/100\n|\n|upkeep\n|turn|17\n|\n|t:|1790523596\n|move|p2a: Chansey|Ice Beam|p1a: Jynx\n|-resisted|p1a: Jynx\n|-damage|p1a: Jynx|42/100 par\n|move|p1a: Jynx|Blizzard|p2a: Chansey\n|-damage|p2a: Chansey|10/100\n|\n|upkeep\n|turn|18\n|\n|t:|1790523599\n|switch|p1a: Tauros|Tauros|100/100\n|move|p2a: Chansey|Soft-Boiled|p2a: Chansey\n|-heal|p2a: Chansey|60/100\n|\n|upkeep\n|turn|19\n|\n|t:|1790523610\n|switch|p2a: Rhydon|Rhydon|100/100\n|move|p1a: Tauros|Hyper Beam|p2a: Rhydon\n|-resisted|p2a: Rhydon\n|-damage|p2a: Rhydon|82/100\n|-mustrecharge|p1a: Tauros\n|\n|upkeep\n|turn|20\n|\n|t:|1790523616\n|cant|p1a: Tauros|recharge\n|move|p2a: Rhydon|Earthquake|p1a: Tauros\n|-damage|p1a: Tauros|58/100\n|\n|upkeep\n|turn|21\n|\n|t:|1790523628\n|switch|p2a: Starmie|Starmie|73/100\n|move|p1a: Tauros|Blizzard|p2a: Starmie\n|-resisted|p2a: Starmie\n|-damage|p2a: Starmie|62/100\n|-status|p2a: Starmie|frz\n|\n|upkeep\n|turn|22\n|c|☆LNumbers|ok\n|\n|t:|1790523643\n|cant|p2a: Starmie|frz\n|move|p1a: Tauros|Body Slam|p2a: Starmie\n|-damage|p2a: Starmie|30/100 frz\n|\n|upkeep\n|turn|23\n|c|☆Amaranth|you took like 7 blizzards on chansey man\n|\n|t:|1790523651\n|cant|p2a: Starmie|frz\n|move|p1a: Tauros|Body Slam|p2a: Starmie\n|-damage|p2a: Starmie|0 fnt\n|faint|p2a: Starmie\n|c|☆LNumbers|wasn't 7\n|\n|t:|1790523671\n|switch|p2a: Tauros|Tauros|100/100\n|turn|24\n|\n|t:|1790523677\n|switch|p1a: Jynx|Jynx|42/100 par\n|move|p2a: Tauros|Body Slam|p1a: Jynx\n|-damage|p1a: Jynx|0 fnt\n|faint|p1a: Jynx\n|\n|t:|1790523689\n|switch|p1a: Snorlax|Snorlax|100/100\n|turn|25\n|inactive|LNumbers has 90 seconds left.\n|inactive|LNumbers has 60 seconds left.\n|inactive|LNumbers has 30 seconds left.\n|inactive|LNumbers has 20 seconds left.\n|inactive|LNumbers has 15 seconds left.\n|inactive|LNumbers has 10 seconds left.\n|\n|t:|1790523775\n|move|p2a: Tauros|Body Slam|p1a: Snorlax\n|-damage|p1a: Snorlax|74/100\n|move|p1a: Snorlax|Body Slam|p2a: Tauros\n|-damage|p2a: Tauros|70/100\n|\n|upkeep\n|turn|26\n|inactive|LNumbers has 20 seconds left this turn.\n|inactive|LNumbers has 15 seconds left.\n|inactive|LNumbers has 10 seconds left.\n|inactive|LNumbers has 5 seconds left.\n|\n|t:|1790523797\n|switch|p2a: Chansey|Chansey|60/100\n|move|p1a: Snorlax|Reflect|p1a: Snorlax\n|-start|p1a: Snorlax|Reflect\n|\n|upkeep\n|turn|27\n|inactive|LNumbers has 15 seconds left this turn.\n|inactive|LNumbers has 10 seconds left.\n|\n|t:|1790523805\n|move|p2a: Chansey|Sing|p1a: Snorlax|[miss]\n|-miss|p2a: Chansey\n|move|p1a: Snorlax|Hyper Beam|p2a: Chansey\n|-damage|p2a: Chansey|0 fnt\n|faint|p2a: Chansey\n|inactive|LNumbers has 15 seconds left this turn.\n|inactive|LNumbers has 10 seconds left.\n|\n|t:|1790523813\n|switch|p2a: Rhydon|Rhydon|82/100\n|turn|28\n|inactive|LNumbers has 20 seconds left this turn.\n|\n|t:|1790523821\n|move|p2a: Rhydon|Substitute|p2a: Rhydon\n|-start|p2a: Rhydon|Substitute\n|-damage|p2a: Rhydon|57/100\n|move|p1a: Snorlax|Body Slam|p2a: Rhydon\n|-resisted|p2a: Rhydon\n|-activate|p2a: Rhydon|Substitute|[damage]\n|\n|upkeep\n|turn|29\n|inactive|LNumbers has 30 seconds left this turn.\n|\n|t:|1790523826\n|move|p2a: Rhydon|Earthquake|p1a: Snorlax\n|-damage|p1a: Snorlax|55/100\n|move|p1a: Snorlax|Hyper Beam|p2a: Rhydon\n|-resisted|p2a: Rhydon\n|-end|p2a: Rhydon|Substitute\n|\n|upkeep\n|turn|30\n|\n|t:|1790523830\n|move|p2a: Rhydon|Substitute|p2a: Rhydon\n|-start|p2a: Rhydon|Substitute\n|-damage|p2a: Rhydon|32/100\n|move|p1a: Snorlax|Body Slam|p2a: Rhydon\n|-resisted|p2a: Rhydon\n|-activate|p2a: Rhydon|Substitute|[damage]\n|\n|upkeep\n|turn|31\n|\n|t:|1790523833\n|move|p2a: Rhydon|Earthquake|p1a: Snorlax\n|-damage|p1a: Snorlax|38/100\n|move|p1a: Snorlax|Hyper Beam|p2a: Rhydon\n|-resisted|p2a: Rhydon\n|-end|p2a: Rhydon|Substitute\n|\n|upkeep\n|turn|32\n|\n|t:|1790523839\n|move|p2a: Rhydon|Substitute|p2a: Rhydon\n|-start|p2a: Rhydon|Substitute\n|-damage|p2a: Rhydon|7/100\n|move|p1a: Snorlax|Body Slam|p2a: Rhydon\n|-resisted|p2a: Rhydon\n|-activate|p2a: Rhydon|Substitute|[damage]\n|\n|upkeep\n|turn|33\n|\n|t:|1790523843\n|move|p2a: Rhydon|Earthquake|p1a: Snorlax\n|-damage|p1a: Snorlax|20/100\n|move|p1a: Snorlax|Rest|p1a: Snorlax\n|-status|p1a: Snorlax|slp|[from] move: Rest\n|-heal|p1a: Snorlax|100/100 slp|[silent]\n|\n|upkeep\n|turn|34\n|\n|t:|1790523849\n|move|p2a: Rhydon|Earthquake|p1a: Snorlax\n|-damage|p1a: Snorlax|83/100 slp\n|cant|p1a: Snorlax|slp\n|\n|upkeep\n|turn|35\n|\n|t:|1790523851\n|move|p2a: Rhydon|Earthquake|p1a: Snorlax\n|-damage|p1a: Snorlax|64/100 slp\n|-curestatus|p1a: Snorlax|slp|[msg]\n|\n|upkeep\n|turn|36\n|\n|t:|1790523854\n|move|p2a: Rhydon|Earthquake|p1a: Snorlax\n|-damage|p1a: Snorlax|47/100\n|move|p1a: Snorlax|Hyper Beam|p2a: Rhydon\n|-resisted|p2a: Rhydon\n|-end|p2a: Rhydon|Substitute\n|\n|upkeep\n|turn|37\n|\n|t:|1790523860\n|move|p2a: Rhydon|Earthquake|p1a: Snorlax\n|-damage|p1a: Snorlax|28/100\n|move|p1a: Snorlax|Body Slam|p2a: Rhydon\n|-resisted|p2a: Rhydon\n|-damage|p2a: Rhydon|0 fnt\n|faint|p2a: Rhydon\n|\n|t:|1790523862\n|switch|p2a: Tauros|Tauros|70/100\n|turn|38\n|\n|t:|1790523868\n|move|p2a: Tauros|Body Slam|p1a: Snorlax\n|-damage|p1a: Snorlax|16/100\n|move|p1a: Snorlax|Body Slam|p2a: Tauros\n|-damage|p2a: Tauros|37/100\n|\n|upkeep\n|turn|39\n|\n|t:|1790523871\n|move|p2a: Tauros|Body Slam|p1a: Snorlax\n|-crit|p1a: Snorlax\n|-damage|p1a: Snorlax|0 fnt\n|faint|p1a: Snorlax\n|\n|t:|1790523874\n|switch|p1a: Exeggutor|Exeggutor|100/100\n|turn|40\n|\n|t:|1790523886\n|move|p2a: Tauros|Hyper Beam|p1a: Exeggutor\n|-damage|p1a: Exeggutor|52/100\n|-mustrecharge|p2a: Tauros\n|move|p1a: Exeggutor|Psychic|p2a: Tauros\n|-damage|p2a: Tauros|0 fnt\n|faint|p2a: Tauros\n|\n|t:|1790523888\n|switch|p2a: Exeggutor|Exeggutor|100/100 slp\n|turn|41\n|\n|t:|1790523890\n|cant|p2a: Exeggutor|slp\n|move|p1a: Exeggutor|Explosion|p2a: Exeggutor\n|-damage|p2a: Exeggutor|27/100 slp\n|faint|p1a: Exeggutor\n|\n|t:|1790523891\n|switch|p1a: Tauros|Tauros|58/100\n|turn|42\n|c|☆LNumbers|gg ig\n|c|☆Amaranth|gg\n|\n|t:|1790523894\n|move|p1a: Tauros|Body Slam|p2a: Exeggutor\n|-damage|p2a: Exeggutor|0 fnt\n|faint|p2a: Exeggutor\n|\n|win|Amaranth\n|c|☆LNumbers|/log LNumbers made the replay of this battle unlisted.\n|player|p1|\n","uploadtime":1790523894,"views":"80","formatid":"gen1ou","rating":null,"private":2,"password":null}