{"id":"smogtours-gen1ou-958371","format":"[Gen 1] OU","players":["SOULWIND","Nails"],"log":"|inactive|Battle timer is ON: inactive players will automatically lose when time's up.\n|t:|1784836527\n|gametype|singles\n|player|p1|SOULWIND|#wcop2024spain2|\n|player|p2|Nails|#scl2terrors|\n|gen|1\n|tier|[Gen 1] OU\n|rule|Desync Clause Mod: Desyncs resolve to link battle behavior from the acting player's perspective.\n|rule|HP Percentage Mod: HP is shown in percentages\n|rule|Endless Battle Clause: Forcing endless battles is banned\n|rule|Sleep Clause Mod: Limit one foe put to sleep\n|rule|Freeze Clause Mod: Limit one foe frozen\n|rule|Species Clause: Limit one of each Pokémon\n|rule|OHKO Clause: OHKO moves are banned\n|rule|Evasion Moves Clause: Evasion moves are banned\n|\n|t:|1784836527\n|teamsize|p1|6\n|teamsize|p2|6\n|start\n|switch|p1a: Gengar|Gengar|100/100\n|switch|p2a: Starmie|Starmie|100/100\n|turn|1\n|c|☆Nails|hf\n|c|☆SOULWIND|hf\n|c|☆SOULWIND|/log SOULWIND made the replay of this battle unlisted.\n|inactive|Nails has 270 seconds left.\n|\n|t:|1784836573\n|switch|p1a: Chansey|Chansey|100/100\n|move|p2a: Starmie|Thunder Wave|p1a: Chansey\n|-status|p1a: Chansey|par\n|\n|upkeep\n|turn|2\n|\n|t:|1784836583\n|move|p2a: Starmie|Psychic|p1a: Chansey\n|-damage|p1a: Chansey|86/100 par\n|move|p1a: Chansey|Ice Beam|p2a: Starmie\n|-resisted|p2a: Starmie\n|-damage|p2a: Starmie|89/100\n|\n|upkeep\n|turn|3\n|\n|t:|1784836601\n|switch|p2a: Snorlax|Snorlax|100/100\n|move|p1a: Chansey|Thunder Wave|p2a: Snorlax\n|-status|p2a: Snorlax|par\n|\n|upkeep\n|turn|4\n|\n|t:|1784836616\n|switch|p1a: Snorlax|Snorlax|100/100\n|move|p2a: Snorlax|Body Slam|p1a: Snorlax\n|-damage|p1a: Snorlax|74/100\n|\n|upkeep\n|turn|5\n|\n|t:|1784836629\n|switch|p2a: Chansey|Chansey|100/100\n|move|p1a: Snorlax|Body Slam|p2a: Chansey\n|-damage|p2a: Chansey|61/100\n|\n|upkeep\n|turn|6\n|\n|t:|1784836634\n|move|p2a: Chansey|Soft-Boiled|p2a: Chansey\n|-heal|p2a: Chansey|100/100\n|move|p1a: Snorlax|Earthquake|p2a: Chansey\n|-damage|p2a: Chansey|65/100\n|\n|upkeep\n|turn|7\n|\n|t:|1784836644\n|switch|p1a: Gengar|Gengar|100/100\n|move|p2a: Chansey|Sing|p1a: Gengar|[miss]\n|-miss|p2a: Chansey\n|\n|upkeep\n|turn|8\n|inactive|Nails has 270 seconds left.\n|\n|t:|1784836700\n|switch|p2a: Starmie|Starmie|89/100\n|move|p1a: Gengar|Hypnosis|p2a: Starmie\n|-status|p2a: Starmie|slp|[from] move: Hypnosis\n|\n|upkeep\n|turn|9\n|\n|t:|1784836710\n|switch|p2a: Rhydon|Rhydon|100/100\n|move|p1a: Gengar|Thunderbolt|p2a: Rhydon\n|-immune|p2a: Rhydon\n|\n|upkeep\n|turn|10\n|inactive|Nails has 240 seconds left.\n|\n|t:|1784836748\n|switch|p1a: Exeggutor|Exeggutor|100/100\n|move|p2a: Rhydon|Rock Slide|p1a: Exeggutor\n|-damage|p1a: Exeggutor|70/100\n|\n|upkeep\n|turn|11\n|\n|t:|1784836760\n|switch|p2a: Chansey|Chansey|65/100\n|move|p1a: Exeggutor|Psychic|p2a: Chansey\n|-damage|p2a: Chansey|47/100\n|\n|upkeep\n|turn|12\n|\n|t:|1784836766\n|move|p1a: Exeggutor|Psychic|p2a: Chansey\n|-damage|p2a: Chansey|31/100\n|-unboost|p2a: Chansey|spa|1\n|-unboost|p2a: Chansey|spd|1\n|move|p2a: Chansey|Soft-Boiled|p2a: Chansey\n|-heal|p2a: Chansey|81/100\n|\n|upkeep\n|turn|13\n|inactive|Nails has 210 seconds left.\n|\n|t:|1784836809\n|move|p1a: Exeggutor|Psychic|p2a: Chansey\n|-damage|p2a: Chansey|54/100\n|move|p2a: Chansey|Seismic Toss|p1a: Exeggutor\n|-damage|p1a: Exeggutor|45/100\n|\n|upkeep\n|turn|14\n|inactive|Nails has 180 seconds left.\n|inactive|Nails disconnected and has 300 seconds to reconnect!\n|player|p2|\n|inactive|Nails has 270 seconds to reconnect!\n|inactive|Nails reconnected and has 160 seconds left.\n|player|p2|Nails|#scl2terrors|\n|\n|t:|1784836907\n|move|p1a: Exeggutor|Mega Drain|p2a: Chansey\n|-damage|p2a: Chansey|43/100\n|-heal|p1a: Exeggutor|55/100|[from] drain|[of] p2a: Chansey\n|move|p2a: Chansey|Soft-Boiled|p2a: Chansey\n|-heal|p2a: Chansey|93/100\n|\n|upkeep\n|turn|15\n|inactive|Nails has 150 seconds left.\n|\n|t:|1784836928\n|move|p1a: Exeggutor|Explosion|p2a: Chansey\n|-damage|p2a: Chansey|0 fnt\n|faint|p2a: Chansey\n|faint|p1a: Exeggutor\n|inactive|Nails has 120 seconds left.\n|\n|t:|1784836961\n|switch|p1a: Starmie|Starmie|100/100\n|switch|p2a: Slowbro|Slowbro|100/100\n|turn|16\n|\n|t:|1784836969\n|move|p1a: Starmie|Thunder Wave|p2a: Slowbro\n|-status|p2a: Slowbro|par\n|move|p2a: Slowbro|Thunder Wave|p1a: Starmie\n|-status|p1a: Starmie|par\n|\n|upkeep\n|turn|17\n|\n|t:|1784836983\n|switch|p2a: Snorlax|Snorlax|100/100 par\n|cant|p1a: Starmie|par\n|\n|upkeep\n|turn|18\n|\n|t:|1784836992\n|move|p1a: Starmie|Surf|p2a: Snorlax\n|-crit|p2a: Snorlax\n|-damage|p2a: Snorlax|43/100 par\n|move|p2a: Snorlax|Body Slam|p1a: Starmie\n|-damage|p1a: Starmie|62/100 par\n|\n|upkeep\n|turn|19\n|inactive|Nails has 120 seconds left.\n|\n|t:|1784837017\n|switch|p1a: Gengar|Gengar|100/100\n|move|p2a: Snorlax|Hyper Beam|p1a: Gengar\n|-immune|p1a: Gengar\n|\n|upkeep\n|turn|20\n|inactive|Nails has 120 seconds left.\n|\n|t:|1784837039\n|move|p1a: Gengar|Night Shade|p2a: Snorlax\n|-damage|p2a: Snorlax|24/100 par\n|move|p2a: Snorlax|Rest|p2a: Snorlax\n|-status|p2a: Snorlax|slp|[from] move: Rest\n|-heal|p2a: Snorlax|100/100 slp|[silent]\n|\n|upkeep\n|turn|21\n|\n|t:|1784837049\n|switch|p1a: Tauros|Tauros|100/100\n|cant|p2a: Snorlax|slp\n|\n|upkeep\n|turn|22\n|\n|t:|1784837051\n|move|p1a: Tauros|Body Slam|p2a: Snorlax\n|-crit|p2a: Snorlax\n|-damage|p2a: Snorlax|54/100 slp\n|-curestatus|p2a: Snorlax|slp|[msg]\n|\n|upkeep\n|turn|23\n|\n|t:|1784837060\n|move|p1a: Tauros|Body Slam|p2a: Snorlax\n|-damage|p2a: Snorlax|28/100\n|move|p2a: Snorlax|Reflect|p2a: Snorlax\n|-start|p2a: Snorlax|Reflect\n|\n|upkeep\n|turn|24\n|\n|t:|1784837070\n|move|p1a: Tauros|Body Slam|p2a: Snorlax\n|-crit|p2a: Snorlax\n|-damage|p2a: Snorlax|0 fnt\n|faint|p2a: Snorlax\n|\n|t:|1784837072\n|switch|p2a: Slowbro|Slowbro|100/100 par\n|turn|25\n|inactive|Nails has 150 seconds left.\n|\n|t:|1784837087\n|switch|p1a: Gengar|Gengar|100/100\n|cant|p2a: Slowbro|par\n|\n|upkeep\n|turn|26\n|inactive|Nails has 150 seconds left.\n|\n|t:|1784837109\n|move|p1a: Gengar|Night Shade|p2a: Slowbro\n|-damage|p2a: Slowbro|75/100 par\n|move|p2a: Slowbro|Thunder Wave|p1a: Gengar\n|-status|p1a: Gengar|par\n|\n|upkeep\n|turn|27\n|\n|t:|1784837125\n|switch|p2a: Rhydon|Rhydon|100/100\n|move|p1a: Gengar|Night Shade|p2a: Rhydon\n|-damage|p2a: Rhydon|76/100\n|\n|upkeep\n|turn|28\n|\n|t:|1784837143\n|switch|p1a: Tauros|Tauros|100/100\n|move|p2a: Rhydon|Earthquake|p1a: Tauros\n|-damage|p1a: Tauros|62/100\n|\n|upkeep\n|turn|29\n|\n|t:|1784837152\n|switch|p2a: Tauros|Tauros|100/100\n|move|p1a: Tauros|Earthquake|p2a: Tauros\n|-damage|p2a: Tauros|77/100\n|\n|upkeep\n|turn|30\n|inactive|Nails has 120 seconds left.\n|\n|t:|1784837174\n|move|p2a: Tauros|Body Slam|p1a: Tauros\n|-damage|p1a: Tauros|31/100\n|move|p1a: Tauros|Body Slam|p2a: Tauros\n|-damage|p2a: Tauros|47/100\n|\n|upkeep\n|turn|31\n|inactive|Nails has 120 seconds left.\n|inactive|Nails has 90 seconds left.\n|\n|t:|1784837229\n|move|p1a: Tauros|Hyper Beam|p2a: Tauros\n|-damage|p2a: Tauros|0 fnt\n|faint|p2a: Tauros\n|\n|t:|1784837231\n|switch|p2a: Slowbro|Slowbro|75/100 par\n|turn|32\n|\n|t:|1784837240\n|switch|p1a: Starmie|Starmie|62/100 par\n|move|p2a: Slowbro|Surf|p1a: Starmie\n|-resisted|p1a: Starmie\n|-damage|p1a: Starmie|47/100 par\n|\n|upkeep\n|turn|33\n|\n|t:|1784837244\n|cant|p1a: Starmie|par\n|move|p2a: Slowbro|Amnesia|p2a: Slowbro\n|-boost|p2a: Slowbro|spa|2\n|-boost|p2a: Slowbro|spd|2\n|\n|upkeep\n|turn|34\n|\n|t:|1784837255\n|move|p2a: Slowbro|Amnesia|p2a: Slowbro\n|-boost|p2a: Slowbro|spa|2\n|-boost|p2a: Slowbro|spd|2\n|cant|p1a: Starmie|par\n|\n|upkeep\n|turn|35\n|\n|t:|1784837263\n|switch|p1a: Gengar|Gengar|100/100 par\n|cant|p2a: Slowbro|par\n|\n|upkeep\n|turn|36\n|inactive|Nails has 90 seconds left.\n|\n|t:|1784837304\n|switch|p2a: Rhydon|Rhydon|76/100\n|cant|p1a: Gengar|par\n|\n|upkeep\n|turn|37\n|inactive|Nails has 60 seconds left.\n|\n|t:|1784837364\n|move|p2a: Rhydon|Earthquake|p1a: Gengar\n|-supereffective|p1a: Gengar\n|-damage|p1a: Gengar|0 fnt\n|faint|p1a: Gengar\n|\n|t:|1784837377\n|switch|p1a: Chansey|Chansey|86/100 par\n|turn|38\n|inactive|Nails has 30 seconds left.\n|\n|t:|1784837404\n|switch|p2a: Slowbro|Slowbro|75/100 par\n|move|p1a: Chansey|Ice Beam|p2a: Slowbro\n|-resisted|p2a: Slowbro\n|-damage|p2a: Slowbro|63/100 par\n|\n|upkeep\n|turn|39\n|\n|t:|1784837408\n|move|p1a: Chansey|Thunderbolt|p2a: Slowbro\n|-supereffective|p2a: Slowbro\n|-damage|p2a: Slowbro|19/100 par\n|move|p2a: Slowbro|Amnesia|p2a: Slowbro\n|-boost|p2a: Slowbro|spa|2\n|-boost|p2a: Slowbro|spd|2\n|\n|upkeep\n|turn|40\n|inactive|Nails has 30 seconds left.\n|inactive|Nails has 20 seconds left.\n|inactive|Nails has 15 seconds left.\n|inactive|Nails has 10 seconds left.\n|\n|t:|1784837444\n|switch|p1a: Snorlax|Snorlax|74/100\n|move|p2a: Slowbro|Rest|p2a: Slowbro\n|-status|p2a: Slowbro|slp|[from] move: Rest\n|-heal|p2a: Slowbro|100/100 slp|[silent]\n|\n|upkeep\n|turn|41\n|inactive|Nails has 20 seconds left this turn.\n|\n|t:|1784837449\n|move|p1a: Snorlax|Body Slam|p2a: Slowbro\n|-damage|p2a: Slowbro|73/100 slp\n|cant|p2a: Slowbro|slp\n|\n|upkeep\n|turn|42\n|inactive|Nails has 30 seconds left this turn.\n|\n|t:|1784837455\n|move|p1a: Snorlax|Self-Destruct|p2a: Slowbro\n|-damage|p2a: Slowbro|0 fnt\n|faint|p2a: Slowbro\n|faint|p1a: Snorlax\n|inactive|Nails has 30 seconds left.\n|inactive|Nails has 20 seconds left.\n|inactive|Nails has 15 seconds left.\n|inactive|Nails has 10 seconds left.\n|\n|t:|1784837483\n|switch|p1a: Tauros|Tauros|31/100\n|switch|p2a: Rhydon|Rhydon|76/100\n|turn|43\n|inactive|Nails has 20 seconds left this turn.\n|inactive|Nails has 15 seconds left.\n|\n|t:|1784837493\n|move|p1a: Tauros|Blizzard|p2a: Rhydon|[miss]\n|-miss|p1a: Tauros\n|move|p2a: Rhydon|Earthquake|p1a: Tauros\n|-damage|p1a: Tauros|0 fnt\n|faint|p1a: Tauros\n|\n|t:|1784837504\n|switch|p1a: Chansey|Chansey|86/100 par\n|turn|44\n|inactive|Nails has 30 seconds left this turn.\n|inactive|Nails has 20 seconds left.\n|inactive|Nails has 15 seconds left.\n|\n|t:|1784837519\n|move|p2a: Rhydon|Substitute|p2a: Rhydon\n|-start|p2a: Rhydon|Substitute\n|-damage|p2a: Rhydon|51/100\n|move|p1a: Chansey|Ice Beam|p2a: Rhydon\n|-supereffective|p2a: Rhydon\n|-end|p2a: Rhydon|Substitute\n|\n|upkeep\n|turn|45\n|inactive|Nails has 25 seconds left this turn.\n|\n|t:|1784837523\n|move|p2a: Rhydon|Substitute|p2a: Rhydon\n|-start|p2a: Rhydon|Substitute\n|-damage|p2a: Rhydon|26/100\n|move|p1a: Chansey|Ice Beam|p2a: Rhydon\n|-supereffective|p2a: Rhydon\n|-end|p2a: Rhydon|Substitute\n|\n|upkeep\n|turn|46\n|\n|t:|1784837526\n|move|p2a: Rhydon|Substitute|p2a: Rhydon\n|-start|p2a: Rhydon|Substitute\n|-damage|p2a: Rhydon|1/100\n|cant|p1a: Chansey|par\n|\n|upkeep\n|turn|47\n|\n|t:|1784837529\n|move|p2a: Rhydon|Earthquake|p1a: Chansey\n|-damage|p1a: Chansey|30/100 par\n|move|p1a: Chansey|Ice Beam|p2a: Rhydon\n|-supereffective|p2a: Rhydon\n|-end|p2a: Rhydon|Substitute\n|\n|upkeep\n|turn|48\n|\n|t:|1784837534\n|move|p2a: Rhydon|Earthquake|p1a: Chansey\n|-crit|p1a: Chansey\n|-damage|p1a: Chansey|0 fnt\n|faint|p1a: Chansey\n|\n|t:|1784837536\n|switch|p1a: Starmie|Starmie|47/100 par\n|turn|49\n|\n|t:|1784837539\n|move|p2a: Rhydon|Earthquake|p1a: Starmie\n|-damage|p1a: Starmie|1/100 par\n|move|p1a: Starmie|Surf|p2a: Rhydon\n|-supereffective|p2a: Rhydon\n|-damage|p2a: Rhydon|0 fnt\n|faint|p2a: Rhydon\n|\n|t:|1784837541\n|switch|p2a: Starmie|Starmie|89/100 slp\n|turn|50\n|\n|t:|1784837544\n|cant|p2a: Starmie|slp\n|cant|p1a: Starmie|par\n|\n|upkeep\n|turn|51\n|\n|t:|1784837547\n|cant|p2a: Starmie|slp\n|move|p1a: Starmie|Recover|p1a: Starmie\n|-heal|p1a: Starmie|51/100 par\n|\n|upkeep\n|turn|52\n|\n|t:|1784837551\n|cant|p2a: Starmie|slp\n|move|p1a: Starmie|Thunderbolt|p2a: Starmie\n|-supereffective|p2a: Starmie\n|-damage|p2a: Starmie|42/100 slp\n|\n|upkeep\n|turn|53\n|\n|t:|1784837554\n|cant|p2a: Starmie|slp\n|move|p1a: Starmie|Thunderbolt|p2a: Starmie\n|-crit|p2a: Starmie\n|-supereffective|p2a: Starmie\n|-damage|p2a: Starmie|0 fnt\n|faint|p2a: Starmie\n|\n|win|SOULWIND\n|c|☆Nails|gg\n|c|☆SOULWIND|gg\n","uploadtime":1784837554,"views":"45","formatid":"gen1ou","rating":null,"private":2,"password":null}