{"id":"smogtours-gen1ou-950535","format":"[Gen 1] OU","players":["Kristyl ★","RoboKyII"],"log":"|inactive|Battle timer is ON: inactive players will automatically lose when time's up.\n|t:|1782558321\n|gametype|singles\n|player|p1|Kristyl ★|dawn|\n|player|p2|RoboKyII|rosa-pokestar3|\n|gen|1\n|tier|[Gen 1] OU\n|rule|Desync Clause Mod: Desyncs changed to move failure.\n|rule|HP Percentage Mod: HP is shown in percentages\n|rule|Endless Battle Clause: Forcing endless battles is banned\n|rule|Sleep Clause Mod: Limit one foe put to sleep\n|rule|Freeze Clause Mod: Limit one foe frozen\n|rule|Species Clause: Limit one of each Pokémon\n|rule|OHKO Clause: OHKO moves are banned\n|rule|Evasion Moves Clause: Evasion moves are banned\n|\n|t:|1782558321\n|teamsize|p1|6\n|teamsize|p2|6\n|start\n|switch|p1a: Gengar|Gengar|100/100\n|switch|p2a: Tauros|Tauros|100/100\n|turn|1\n|c|☆RoboKyII|glhf\n|c|☆Kristyl ★|u2\n|\n|t:|1782558338\n|switch|p1a: Exeggutor|Exeggutor|100/100\n|move|p2a: Tauros|Earthquake|p1a: Exeggutor\n|-resisted|p1a: Exeggutor\n|-damage|p1a: Exeggutor|90/100\n|\n|upkeep\n|turn|2\n|\n|t:|1782558344\n|move|p2a: Tauros|Blizzard|p1a: Exeggutor\n|-supereffective|p1a: Exeggutor\n|-damage|p1a: Exeggutor|56/100\n|move|p1a: Exeggutor|Sleep Powder|p2a: Tauros\n|-status|p2a: Tauros|slp|[from] move: Sleep Powder\n|\n|upkeep\n|turn|3\n|\n|t:|1782558351\n|switch|p2a: Exeggutor|Exeggutor|100/100\n|move|p1a: Exeggutor|Psychic|p2a: Exeggutor\n|-resisted|p2a: Exeggutor\n|-damage|p2a: Exeggutor|88/100\n|\n|upkeep\n|turn|4\n|\n|t:|1782558359\n|switch|p2a: Tauros|Tauros|100/100 slp\n|move|p1a: Exeggutor|Explosion|p2a: Tauros\n|-damage|p2a: Tauros|31/100 slp\n|faint|p1a: Exeggutor\n|\n|t:|1782558363\n|switch|p1a: Tauros|Tauros|100/100\n|turn|5\n|\n|t:|1782558372\n|switch|p2a: Cloyster|Cloyster|100/100\n|move|p1a: Tauros|Body Slam|p2a: Cloyster\n|-crit|p2a: Cloyster\n|-damage|p2a: Cloyster|58/100\n|\n|upkeep\n|turn|6\n|\n|t:|1782558378\n|switch|p1a: Gengar|Gengar|100/100\n|move|p2a: Cloyster|Clamp|p1a: Gengar|[miss]\n|-miss|p2a: Cloyster\n|\n|upkeep\n|turn|7\n|\n|t:|1782558397\n|switch|p1a: Tauros|Tauros|100/100\n|switch|p2a: Exeggutor|Exeggutor|88/100\n|\n|upkeep\n|turn|8\n|\n|t:|1782558403\n|switch|p1a: Gengar|Gengar|100/100\n|move|p2a: Exeggutor|Sleep Powder|p1a: Gengar|[miss]\n|-miss|p2a: Exeggutor\n|\n|upkeep\n|turn|9\n|\n|t:|1782558409\n|move|p1a: Gengar|Psychic|p2a: Exeggutor\n|-crit|p2a: Exeggutor\n|-resisted|p2a: Exeggutor\n|-damage|p2a: Exeggutor|71/100\n|move|p2a: Exeggutor|Sleep Powder|p1a: Gengar\n|-status|p1a: Gengar|slp|[from] move: Sleep Powder\n|\n|upkeep\n|turn|10\n|\n|t:|1782558416\n|switch|p1a: Hypno|Hypno|100/100\n|move|p2a: Exeggutor|Stun Spore|p1a: Hypno\n|-status|p1a: Hypno|par\n|\n|upkeep\n|turn|11\n|\n|t:|1782558424\n|move|p2a: Exeggutor|Psychic|p1a: Hypno\n|-resisted|p1a: Hypno\n|-damage|p1a: Hypno|87/100 par\n|move|p1a: Hypno|Thunder Wave|p2a: Exeggutor\n|-status|p2a: Exeggutor|par\n|\n|upkeep\n|turn|12\n|\n|t:|1782558430\n|move|p1a: Hypno|Psychic|p2a: Exeggutor\n|-crit|p2a: Exeggutor\n|-resisted|p2a: Exeggutor\n|-damage|p2a: Exeggutor|45/100 par\n|-unboost|p2a: Exeggutor|spa|1\n|-unboost|p2a: Exeggutor|spd|1\n|move|p2a: Exeggutor|Psychic|p1a: Hypno\n|-resisted|p1a: Hypno\n|-damage|p1a: Hypno|76/100 par\n|\n|upkeep\n|turn|13\n|\n|t:|1782558436\n|switch|p2a: Cloyster|Cloyster|58/100\n|move|p1a: Hypno|Psychic|p2a: Cloyster\n|-crit|p2a: Cloyster\n|-damage|p2a: Cloyster|0 fnt\n|faint|p2a: Cloyster\n|\n|t:|1782558438\n|switch|p2a: Snorlax|Snorlax|100/100\n|turn|14\n|\n|t:|1782558444\n|switch|p1a: Gengar|Gengar|100/100 slp\n|move|p2a: Snorlax|Earthquake|p1a: Gengar\n|-supereffective|p1a: Gengar\n|-damage|p1a: Gengar|26/100 slp\n|\n|upkeep\n|turn|15\n|\n|t:|1782558452\n|switch|p1a: Snorlax|Snorlax|100/100\n|move|p2a: Snorlax|Body Slam|p1a: Snorlax\n|-damage|p1a: Snorlax|73/100\n|\n|upkeep\n|turn|16\n|\n|t:|1782558459\n|move|p2a: Snorlax|Earthquake|p1a: Snorlax\n|-damage|p1a: Snorlax|54/100\n|move|p1a: Snorlax|Self-Destruct|p2a: Snorlax\n|-damage|p2a: Snorlax|16/100\n|faint|p1a: Snorlax\n|\n|t:|1782558461\n|switch|p1a: Tauros|Tauros|100/100\n|turn|17\n|inactive|RoboKyII has 270 seconds left.\n|inactive|RoboKyII has 240 seconds left.\n|inactive|RoboKyII has 210 seconds left.\n|inactive|RoboKyII has 180 seconds left.\n|inactive|RoboKyII has 150 seconds left.\n|inactive|RoboKyII has 120 seconds left.\n|\n|t:|1782558648\n|switch|p2a: Exeggutor|Exeggutor|45/100 par\n|move|p1a: Tauros|Body Slam|p2a: Exeggutor\n|-damage|p2a: Exeggutor|17/100 par\n|\n|upkeep\n|turn|18\n|inactive|RoboKyII has 120 seconds left.\n|\n|t:|1782558654\n|move|p1a: Tauros|Body Slam|p2a: Exeggutor\n|-damage|p2a: Exeggutor|0 fnt\n|faint|p2a: Exeggutor\n|inactive|RoboKyII has 120 seconds left.\n|inactive|RoboKyII has 90 seconds left.\n|\n|t:|1782558699\n|switch|p2a: Alakazam|Alakazam|100/100\n|turn|19\n|\n|t:|1782558703\n|switch|p1a: Hypno|Hypno|76/100 par\n|move|p2a: Alakazam|Thunder Wave|p1a: Hypno\n|-fail|p1a: Hypno|par\n|\n|upkeep\n|turn|20\n|\n|t:|1782558706\n|move|p2a: Alakazam|Psychic|p1a: Hypno\n|-resisted|p1a: Hypno\n|-damage|p1a: Hypno|61/100 par\n|move|p1a: Hypno|Thunder Wave|p2a: Alakazam\n|-status|p2a: Alakazam|par\n|\n|upkeep\n|turn|21\n|\n|t:|1782558711\n|move|p2a: Alakazam|Psychic|p1a: Hypno\n|-resisted|p1a: Hypno\n|-damage|p1a: Hypno|45/100 par\n|move|p1a: Hypno|Psychic|p2a: Alakazam\n|-crit|p2a: Alakazam\n|-resisted|p2a: Alakazam\n|-damage|p2a: Alakazam|72/100 par\n|-unboost|p2a: Alakazam|spa|1\n|-unboost|p2a: Alakazam|spd|1\n|\n|upkeep\n|turn|22\n|inactive|RoboKyII has 120 seconds left.\n|\n|t:|1782558736\n|cant|p1a: Hypno|par\n|move|p2a: Alakazam|Recover|p2a: Alakazam\n|-heal|p2a: Alakazam|100/100 par\n|\n|upkeep\n|turn|23\n|\n|t:|1782558742\n|move|p1a: Hypno|Psychic|p2a: Alakazam\n|-resisted|p2a: Alakazam\n|-damage|p2a: Alakazam|78/100 par\n|move|p2a: Alakazam|Psychic|p1a: Hypno\n|-crit|p1a: Hypno\n|-resisted|p1a: Hypno\n|-damage|p1a: Hypno|12/100 par\n|-unboost|p1a: Hypno|spa|1\n|-unboost|p1a: Hypno|spd|1\n|\n|upkeep\n|turn|24\n|\n|t:|1782558750\n|move|p2a: Alakazam|Reflect|p2a: Alakazam\n|-start|p2a: Alakazam|Reflect\n|move|p1a: Hypno|Psychic|p2a: Alakazam\n|-resisted|p2a: Alakazam\n|-damage|p2a: Alakazam|65/100 par\n|-unboost|p2a: Alakazam|spa|1\n|-unboost|p2a: Alakazam|spd|1\n|\n|upkeep\n|turn|25\n|\n|t:|1782558765\n|switch|p1a: Zapdos|Zapdos|100/100\n|move|p2a: Alakazam|Psychic|p1a: Zapdos\n|-damage|p1a: Zapdos|85/100\n|\n|upkeep\n|turn|26\n|\n|t:|1782558782\n|switch|p2a: Tauros|Tauros|31/100 slp\n|move|p1a: Zapdos|Thunderbolt|p2a: Tauros\n|-damage|p2a: Tauros|0 fnt\n|faint|p2a: Tauros\n|inactive|RoboKyII has 90 seconds left.\n|\n|t:|1782558811\n|switch|p2a: Zapdos|Zapdos|100/100\n|turn|27\n|\n|t:|1782558815\n|move|p2a: Zapdos|Thunder Wave|p1a: Zapdos\n|-status|p1a: Zapdos|par\n|move|p1a: Zapdos|Thunder Wave|p2a: Zapdos\n|-status|p2a: Zapdos|par\n|\n|upkeep\n|turn|28\n|\n|t:|1782558825\n|move|p1a: Zapdos|Thunderbolt|p2a: Zapdos\n|-damage|p2a: Zapdos|70/100 par\n|move|p2a: Zapdos|Thunderbolt|p1a: Zapdos\n|-damage|p1a: Zapdos|55/100 par\n|\n|upkeep\n|turn|29\n|\n|t:|1782558831\n|cant|p2a: Zapdos|par\n|cant|p1a: Zapdos|par\n|\n|upkeep\n|turn|30\n|\n|t:|1782558832\n|move|p2a: Zapdos|Thunderbolt|p1a: Zapdos\n|-crit|p1a: Zapdos\n|-damage|p1a: Zapdos|0 fnt\n|faint|p1a: Zapdos\n|\n|t:|1782558839\n|switch|p1a: Tauros|Tauros|100/100\n|turn|31\n|\n|t:|1782558842\n|move|p1a: Tauros|Body Slam|p2a: Zapdos\n|-damage|p2a: Zapdos|42/100 par\n|move|p2a: Zapdos|Thunder Wave|p1a: Tauros\n|-status|p1a: Tauros|par\n|\n|upkeep\n|turn|32\n|\n|t:|1782558849\n|move|p1a: Tauros|Hyper Beam|p2a: Zapdos\n|-damage|p2a: Zapdos|0 fnt\n|faint|p2a: Zapdos\n|inactive|RoboKyII has 120 seconds left.\n|inactive|RoboKyII has 90 seconds left.\n|inactive|RoboKyII has 60 seconds left.\n|\n|t:|1782558951\n|switch|p2a: Snorlax|Snorlax|16/100\n|turn|33\n|\n|t:|1782558957\n|switch|p1a: Hypno|Hypno|12/100 par\n|move|p2a: Snorlax|Hyper Beam|p1a: Hypno\n|-damage|p1a: Hypno|0 fnt\n|faint|p1a: Hypno\n|\n|t:|1782558962\n|switch|p1a: Tauros|Tauros|100/100 par\n|turn|34\n|\n|t:|1782558976\n|switch|p1a: Gengar|Gengar|26/100 slp\n|move|p2a: Snorlax|Hyper Beam|p1a: Gengar\n|-immune|p1a: Gengar\n|\n|upkeep\n|turn|35\n|\n|t:|1782558982\n|switch|p1a: Tauros|Tauros|100/100 par\n|move|p2a: Snorlax|Earthquake|p1a: Tauros\n|-damage|p1a: Tauros|75/100 par\n|\n|upkeep\n|turn|36\n|\n|t:|1782558987\n|move|p2a: Snorlax|Hyper Beam|p1a: Tauros|[miss]\n|-miss|p2a: Snorlax\n|move|p1a: Tauros|Body Slam|p2a: Snorlax\n|-damage|p2a: Snorlax|0 fnt\n|faint|p2a: Snorlax\n|\n|t:|1782558989\n|switch|p2a: Alakazam|Alakazam|65/100 par\n|turn|37\n|\n|t:|1782558996\n|move|p2a: Alakazam|Reflect|p2a: Alakazam\n|-start|p2a: Alakazam|Reflect\n|move|p1a: Tauros|Body Slam|p2a: Alakazam\n|-damage|p2a: Alakazam|40/100 par\n|\n|upkeep\n|turn|38\n|\n|t:|1782559001\n|move|p2a: Alakazam|Recover|p2a: Alakazam\n|-heal|p2a: Alakazam|90/100 par\n|move|p1a: Tauros|Hyper Beam|p2a: Alakazam\n|-damage|p2a: Alakazam|47/100 par\n|-mustrecharge|p1a: Tauros\n|\n|upkeep\n|turn|39\n|\n|t:|1782559005\n|cant|p2a: Alakazam|par\n|cant|p1a: Tauros|recharge\n|\n|upkeep\n|turn|40\n|\n|t:|1782559008\n|move|p2a: Alakazam|Psychic|p1a: Tauros\n|-damage|p1a: Tauros|29/100 par\n|-unboost|p1a: Tauros|spa|1\n|-unboost|p1a: Tauros|spd|1\n|cant|p1a: Tauros|par\n|\n|upkeep\n|turn|41\n|\n|t:|1782559011\n|move|p2a: Alakazam|Psychic|p1a: Tauros\n|-damage|p1a: Tauros|0 fnt\n|faint|p1a: Tauros\n|\n|t:|1782559012\n|switch|p1a: Gengar|Gengar|26/100 slp\n|turn|42\n|\n|t:|1782559014\n|cant|p1a: Gengar|slp\n|move|p2a: Alakazam|Psychic|p1a: Gengar\n|-crit|p1a: Gengar\n|-supereffective|p1a: Gengar\n|-damage|p1a: Gengar|0 fnt\n|faint|p1a: Gengar\n|\n|win|RoboKyII\n|c|☆RoboKyII|gg\n|c|☆Kristyl ★|gg\n|player|p1|\n","uploadtime":1782559014,"views":"101","formatid":"gen1ou","rating":null,"private":0,"password":null}