{"id":"smogtours-gen1ou-819867","format":"[Gen 1] OU","players":["chuva de perereca","WarumFelix"],"log":"|inactive|Battle timer is ON: inactive players will automatically lose when time's up.\n|t:|1739610024\n|gametype|singles\n|player|p1|chuva de perereca|lyra|\n|player|p2|WarumFelix|hilbert|\n|teamsize|p1|6\n|teamsize|p2|6\n|gen|1\n|tier|[Gen 1] OU\n|rule|Desync Clause Mod: Desyncs changed to move failure.\n|rule|Sleep Clause Mod: Limit one foe put to sleep\n|rule|Freeze Clause Mod: Limit one foe frozen\n|rule|Species Clause: Limit one of each Pokémon\n|rule|OHKO Clause: OHKO moves are banned\n|rule|Evasion Moves Clause: Evasion moves are banned\n|rule|Endless Battle Clause: Forcing endless battles is banned\n|rule|HP Percentage Mod: HP is shown in percentages\n|\n|t:|1739610024\n|start\n|switch|p1a: Jolteon|Jolteon|100/100\n|switch|p2a: Gengar|Gengar|100/100\n|turn|1\n|c|☆WarumFelix|glhf\n|c|☆chuva de perereca|hf\n|inactive|WarumFelix has 270 seconds left.\n|inactive|WarumFelix has 240 seconds left.\n|inactive|WarumFelix has 210 seconds left.\n|\n|t:|1739610131\n|switch|p1a: Exeggutor|Exeggutor|100/100\n|switch|p2a: Exeggutor|Exeggutor|100/100\n|\n|upkeep\n|turn|2\n|\n|t:|1739610142\n|move|p2a: Exeggutor|Sleep Powder|p1a: Exeggutor\n|-status|p1a: Exeggutor|slp|[from] move: Sleep Powder\n|cant|p1a: Exeggutor|slp\n|\n|upkeep\n|turn|3\n|inactive|WarumFelix has 270 seconds left.\n|inactive|WarumFelix has 240 seconds left.\n|\n|t:|1739610182\n|switch|p2a: Tauros|Tauros|100/100\n|cant|p1a: Exeggutor|slp\n|\n|upkeep\n|turn|4\n|\n|t:|1739610187\n|switch|p1a: Cloyster|Cloyster|100/100\n|move|p2a: Tauros|Body Slam|p1a: Cloyster\n|-damage|p1a: Cloyster|77/100\n|-status|p1a: Cloyster|par\n|\n|upkeep\n|turn|5\n|\n|t:|1739610194\n|switch|p2a: Starmie|Starmie|100/100\n|cant|p1a: Cloyster|par\n|\n|upkeep\n|turn|6\n|inactive|WarumFelix has 240 seconds left.\n|\n|t:|1739610238\n|switch|p1a: Exeggutor|Exeggutor|100/100 slp\n|move|p2a: Starmie|Blizzard|p1a: Exeggutor\n|-supereffective|p1a: Exeggutor\n|-damage|p1a: Exeggutor|63/100 slp\n|\n|upkeep\n|turn|7\n|\n|t:|1739610257\n|switch|p1a: Chansey|Chansey|100/100\n|move|p2a: Starmie|Thunder Wave|p1a: Chansey\n|-status|p1a: Chansey|par\n|\n|upkeep\n|turn|8\n|inactive|WarumFelix has 210 seconds left.\n|\n|t:|1739610276\n|switch|p2a: Gengar|Gengar|100/100\n|move|p1a: Chansey|Sing|p2a: Gengar|[miss]\n|-miss|p1a: Chansey\n|\n|upkeep\n|turn|9\n|inactive|WarumFelix has 210 seconds left.\n|\n|t:|1739610295\n|move|p2a: Gengar|Night Shade|p1a: Chansey\n|-damage|p1a: Chansey|86/100 par\n|cant|p1a: Chansey|par\n|\n|upkeep\n|turn|10\n|inactive|WarumFelix has 210 seconds left.\n|\n|t:|1739610323\n|move|p2a: Gengar|Explosion|p1a: Chansey\n|-damage|p1a: Chansey|9/100 par\n|faint|p2a: Gengar\n|inactive|WarumFelix has 180 seconds left.\n|\n|t:|1739610356\n|switch|p2a: Tauros|Tauros|100/100\n|turn|11\n|\n|t:|1739610366\n|move|p2a: Tauros|Body Slam|p1a: Chansey\n|-damage|p1a: Chansey|0 fnt\n|faint|p1a: Chansey\n|\n|t:|1739610369\n|switch|p1a: Jolteon|Jolteon|100/100\n|turn|12\n|inactive|WarumFelix has 180 seconds left.\n|\n|t:|1739610406\n|move|p1a: Jolteon|Thunder Wave|p2a: Tauros\n|-status|p2a: Tauros|par\n|move|p2a: Tauros|Earthquake|p1a: Jolteon\n|-supereffective|p1a: Jolteon\n|-damage|p1a: Jolteon|31/100\n|\n|upkeep\n|turn|13\n|inactive|WarumFelix has 150 seconds left.\n|\n|t:|1739610436\n|switch|p1a: Snorlax|Snorlax|100/100\n|move|p2a: Tauros|Body Slam|p1a: Snorlax\n|-damage|p1a: Snorlax|76/100\n|\n|upkeep\n|turn|14\n|inactive|WarumFelix has 120 seconds left.\n|\n|t:|1739610480\n|move|p1a: Snorlax|Body Slam|p2a: Tauros\n|-damage|p2a: Tauros|70/100 par\n|move|p2a: Tauros|Body Slam|p1a: Snorlax\n|-damage|p1a: Snorlax|52/100\n|\n|upkeep\n|turn|15\n|\n|t:|1739610509\n|move|p1a: Snorlax|Body Slam|p2a: Tauros\n|-damage|p2a: Tauros|36/100 par\n|cant|p2a: Tauros|par\n|\n|upkeep\n|turn|16\n|\n|t:|1739610518\n|move|p1a: Snorlax|Body Slam|p2a: Tauros\n|-damage|p2a: Tauros|4/100 par\n|cant|p2a: Tauros|par\n|\n|upkeep\n|turn|17\n|\n|t:|1739610533\n|move|p1a: Snorlax|Body Slam|p2a: Tauros\n|-crit|p2a: Tauros\n|-damage|p2a: Tauros|0 fnt\n|faint|p2a: Tauros\n|\n|t:|1739610544\n|switch|p2a: Exeggutor|Exeggutor|100/100\n|turn|18\n|\n|t:|1739610547\n|move|p2a: Exeggutor|Psychic|p1a: Snorlax\n|-crit|p1a: Snorlax\n|-damage|p1a: Snorlax|0 fnt\n|faint|p1a: Snorlax\n|\n|t:|1739610555\n|switch|p1a: Exeggutor|Exeggutor|63/100 slp\n|turn|19\n|inactive|WarumFelix has 90 seconds left.\n|\n|t:|1739610593\n|switch|p2a: Starmie|Starmie|100/100\n|switch|p1a: Tauros|Tauros|100/100\n|\n|upkeep\n|turn|20\n|inactive|WarumFelix has 90 seconds left.\n|\n|t:|1739610605\n|move|p2a: Starmie|Thunder Wave|p1a: Tauros\n|-status|p1a: Tauros|par\n|move|p1a: Tauros|Body Slam|p2a: Starmie\n|-damage|p2a: Starmie|64/100\n|\n|upkeep\n|turn|21\n|inactive|WarumFelix has 90 seconds left.\n|inactive|WarumFelix has 60 seconds left.\n|\n|t:|1739610645\n|switch|p2a: Snorlax|Snorlax|100/100\n|move|p1a: Tauros|Body Slam|p2a: Snorlax\n|-damage|p2a: Snorlax|76/100\n|\n|upkeep\n|turn|22\n|\n|t:|1739610656\n|switch|p1a: Cloyster|Cloyster|77/100 par\n|move|p2a: Snorlax|Body Slam|p1a: Cloyster\n|-damage|p1a: Cloyster|55/100 par\n|\n|upkeep\n|turn|23\n|\n|t:|1739610671\n|switch|p2a: Chansey|Chansey|100/100\n|cant|p1a: Cloyster|par\n|\n|upkeep\n|turn|24\n|\n|t:|1739610683\n|switch|p1a: Tauros|Tauros|100/100 par\n|move|p2a: Chansey|Thunderbolt|p1a: Tauros\n|-damage|p1a: Tauros|74/100 par\n|\n|upkeep\n|turn|25\n|\n|t:|1739610703\n|move|p2a: Chansey|Ice Beam|p1a: Tauros\n|-damage|p1a: Tauros|46/100 par\n|move|p1a: Tauros|Body Slam|p2a: Chansey\n|-crit|p2a: Chansey\n|-damage|p2a: Chansey|29/100\n|\n|upkeep\n|turn|26\n|\n|t:|1739610719\n|move|p2a: Chansey|Soft-Boiled|p2a: Chansey\n|-heal|p2a: Chansey|79/100\n|move|p1a: Tauros|Body Slam|p2a: Chansey\n|-damage|p2a: Chansey|42/100\n|\n|upkeep\n|turn|27\n|\n|t:|1739610728\n|switch|p1a: Jolteon|Jolteon|31/100\n|move|p2a: Chansey|Soft-Boiled|p2a: Chansey\n|-heal|p2a: Chansey|92/100\n|\n|upkeep\n|turn|28\n|\n|t:|1739610752\n|move|p1a: Jolteon|Thunder Wave|p2a: Chansey\n|-status|p2a: Chansey|par\n|move|p2a: Chansey|Thunder Wave|p1a: Jolteon\n|-status|p1a: Jolteon|par\n|\n|upkeep\n|turn|29\n|\n|t:|1739610767\n|switch|p2a: Snorlax|Snorlax|76/100\n|cant|p1a: Jolteon|par\n|\n|upkeep\n|turn|30\n|\n|t:|1739610777\n|switch|p1a: Cloyster|Cloyster|55/100 par\n|move|p2a: Snorlax|Body Slam|p1a: Cloyster\n|-damage|p1a: Cloyster|32/100 par\n|\n|upkeep\n|turn|31\n|\n|t:|1739610801\n|switch|p2a: Starmie|Starmie|64/100\n|cant|p1a: Cloyster|par\n|\n|upkeep\n|turn|32\n|\n|t:|1739610822\n|switch|p1a: Tauros|Tauros|46/100 par\n|move|p2a: Starmie|Psychic|p1a: Tauros\n|-crit|p1a: Tauros\n|-damage|p1a: Tauros|0 fnt\n|faint|p1a: Tauros\n|\n|t:|1739610825\n|switch|p1a: Jolteon|Jolteon|31/100 par\n|turn|33\n|inactive|WarumFelix has 90 seconds left.\n|\n|t:|1739610842\n|switch|p2a: Chansey|Chansey|92/100 par\n|move|p1a: Jolteon|Thunder Wave|p2a: Chansey\n|-fail|p2a: Chansey|par\n|\n|upkeep\n|turn|34\n|\n|t:|1739610845\n|switch|p2a: Snorlax|Snorlax|76/100\n|move|p1a: Jolteon|Rest|p1a: Jolteon\n|-status|p1a: Jolteon|slp|[from] move: Rest\n|-heal|p1a: Jolteon|100/100 slp|[silent]\n|\n|upkeep\n|turn|35\n|inactive|WarumFelix has 90 seconds left.\n|\n|t:|1739610865\n|switch|p1a: Exeggutor|Exeggutor|63/100 slp\n|move|p2a: Snorlax|Earthquake|p1a: Exeggutor\n|-resisted|p1a: Exeggutor\n|-damage|p1a: Exeggutor|50/100 slp\n|\n|upkeep\n|turn|36\n|\n|t:|1739610869\n|cant|p1a: Exeggutor|slp\n|move|p2a: Snorlax|Body Slam|p1a: Exeggutor\n|-damage|p1a: Exeggutor|18/100 slp\n|\n|upkeep\n|turn|37\n|\n|t:|1739610871\n|cant|p1a: Exeggutor|slp\n|move|p2a: Snorlax|Body Slam|p1a: Exeggutor\n|-crit|p1a: Exeggutor\n|-damage|p1a: Exeggutor|0 fnt\n|faint|p1a: Exeggutor\n|\n|t:|1739610878\n|switch|p1a: Cloyster|Cloyster|32/100 par\n|turn|38\n|\n|t:|1739610881\n|switch|p2a: Starmie|Starmie|64/100\n|switch|p1a: Jolteon|Jolteon|100/100 slp\n|\n|upkeep\n|turn|39\n|\n|t:|1739610884\n|cant|p1a: Jolteon|slp\n|move|p2a: Starmie|Psychic|p1a: Jolteon\n|-damage|p1a: Jolteon|70/100 slp\n|\n|upkeep\n|turn|40\n|\n|t:|1739610885\n|-curestatus|p1a: Jolteon|slp|[msg]\n|move|p2a: Starmie|Thunder Wave|p1a: Jolteon\n|-status|p1a: Jolteon|par\n|\n|upkeep\n|turn|41\n|\n|t:|1739610908\n|switch|p2a: Chansey|Chansey|92/100 par\n|cant|p1a: Jolteon|par\n|\n|upkeep\n|turn|42\n|\n|t:|1739610923\n|move|p1a: Jolteon|Double Kick|p2a: Chansey\n|-supereffective|p2a: Chansey\n|-damage|p2a: Chansey|77/100 par\n|-damage|p2a: Chansey|63/100 par\n|-hitcount|p2a: Chansey|2\n|move|p2a: Chansey|Ice Beam|p1a: Jolteon\n|-damage|p1a: Jolteon|50/100 par\n|\n|upkeep\n|turn|43\n|\n|t:|1739610950\n|move|p1a: Jolteon|Thunder Wave|p2a: Chansey\n|-fail|p2a: Chansey|par\n|move|p2a: Chansey|Thunderbolt|p1a: Jolteon\n|-crit|p1a: Jolteon\n|-resisted|p1a: Jolteon\n|-damage|p1a: Jolteon|30/100 par\n|\n|upkeep\n|turn|44\n|\n|t:|1739610958\n|cant|p1a: Jolteon|par\n|move|p2a: Chansey|Ice Beam|p1a: Jolteon\n|-damage|p1a: Jolteon|10/100 par\n|\n|upkeep\n|turn|45\n|\n|t:|1739610965\n|move|p1a: Jolteon|Thunder Wave|p2a: Chansey\n|-fail|p2a: Chansey|par\n|move|p2a: Chansey|Thunderbolt|p1a: Jolteon\n|-resisted|p1a: Jolteon\n|-damage|p1a: Jolteon|0 fnt\n|faint|p1a: Jolteon\n|-message|chuva de perereca forfeited.\n|\n|win|WarumFelix\n|c|☆WarumFelix|gg\n|player|p1|\n","uploadtime":1739610970,"views":"1703","formatid":"gen1ou","rating":null,"private":0,"password":null}