{"id":"smogtours-gen1ou-962534","format":"[Gen 1] OU","players":["Amaranth","Kaz"],"log":"|inactive|Battle timer is ON: inactive players will automatically lose when time's up.\n|t:|1786282278\n|gametype|singles\n|player|p1|Amaranth|#amaranth|\n|player|p2|Kaz|#kaz|\n|gen|1\n|tier|[Gen 1] OU\n|rule|Desync Clause Mod: Desyncs resolve to link battle behavior from the acting player's perspective.\n|rule|HP Percentage Mod: HP is shown in percentages\n|rule|Endless Battle Clause: Forcing endless battles is banned\n|rule|Sleep Clause Mod: Limit one foe put to sleep\n|rule|Freeze Clause Mod: Limit one foe frozen\n|rule|Species Clause: Limit one of each Pokémon\n|rule|OHKO Clause: OHKO moves are banned\n|rule|Evasion Moves Clause: Evasion moves are banned\n|\n|t:|1786282278\n|teamsize|p1|6\n|teamsize|p2|6\n|start\n|switch|p1a: Starmie|Starmie|100/100\n|switch|p2a: Zapdos|Zapdos|100/100\n|turn|1\n|inactive|Amaranth has 270 seconds left.\n|\n|t:|1786282310\n|move|p1a: Starmie|Blizzard|p2a: Zapdos\n|-crit|p2a: Zapdos\n|-supereffective|p2a: Zapdos\n|-damage|p2a: Zapdos|24/100\n|move|p2a: Zapdos|Thunderbolt|p1a: Starmie\n|-supereffective|p1a: Starmie\n|-damage|p1a: Starmie|14/100\n|\n|upkeep\n|turn|2\n|\n|t:|1786282319\n|switch|p2a: Chansey|Chansey|100/100\n|move|p1a: Starmie|Blizzard|p2a: Chansey\n|-damage|p2a: Chansey|87/100\n|\n|upkeep\n|turn|3\n|\n|t:|1786282324\n|switch|p1a: Jynx|Jynx|100/100\n|move|p2a: Chansey|Thunderbolt|p1a: Jynx\n|-damage|p1a: Jynx|76/100\n|\n|upkeep\n|turn|4\n|\n|t:|1786282328\n|switch|p2a: Zapdos|Zapdos|24/100\n|move|p1a: Jynx|Blizzard|p2a: Zapdos\n|-supereffective|p2a: Zapdos\n|-damage|p2a: Zapdos|0 fnt\n|faint|p2a: Zapdos\n|\n|t:|1786282330\n|switch|p2a: Tauros|Tauros|100/100\n|turn|5\n|\n|t:|1786282335\n|switch|p1a: Snorlax|Snorlax|100/100\n|move|p2a: Tauros|Body Slam|p1a: Snorlax\n|-crit|p1a: Snorlax\n|-damage|p1a: Snorlax|56/100\n|\n|upkeep\n|turn|6\n|\n|t:|1786282345\n|move|p2a: Tauros|Blizzard|p1a: Snorlax\n|-damage|p1a: Snorlax|38/100\n|move|p1a: Snorlax|Hyper Beam|p2a: Tauros\n|-damage|p2a: Tauros|48/100\n|-mustrecharge|p1a: Snorlax\n|\n|upkeep\n|turn|7\n|\n|t:|1786282352\n|move|p2a: Tauros|Body Slam|p1a: Snorlax\n|-damage|p1a: Snorlax|12/100\n|cant|p1a: Snorlax|recharge\n|\n|upkeep\n|turn|8\n|\n|t:|1786282355\n|move|p2a: Tauros|Body Slam|p1a: Snorlax\n|-damage|p1a: Snorlax|0 fnt\n|faint|p1a: Snorlax\n|\n|t:|1786282359\n|switch|p1a: Tauros|Tauros|100/100\n|turn|9\n|\n|t:|1786282364\n|switch|p2a: Snorlax|Snorlax|100/100\n|move|p1a: Tauros|Body Slam|p2a: Snorlax\n|-damage|p2a: Snorlax|76/100\n|\n|upkeep\n|turn|10\n|\n|t:|1786282373\n|move|p1a: Tauros|Blizzard|p2a: Snorlax\n|-damage|p2a: Snorlax|58/100\n|move|p2a: Snorlax|Body Slam|p1a: Tauros\n|-damage|p1a: Tauros|67/100\n|\n|upkeep\n|turn|11\n|\n|t:|1786282385\n|move|p1a: Tauros|Blizzard|p2a: Snorlax\n|-crit|p2a: Snorlax\n|-damage|p2a: Snorlax|22/100\n|-status|p2a: Snorlax|frz\n|cant|p2a: Snorlax|frz\n|\n|upkeep\n|turn|12\n|\n|t:|1786282395\n|switch|p1a: Starmie|Starmie|14/100\n|cant|p2a: Snorlax|frz\n|\n|upkeep\n|turn|13\n|\n|t:|1786282401\n|switch|p2a: Chansey|Chansey|87/100\n|move|p1a: Starmie|Recover|p1a: Starmie\n|-heal|p1a: Starmie|64/100\n|\n|upkeep\n|turn|14\n|\n|t:|1786282410\n|switch|p1a: Alakazam|Alakazam|100/100\n|move|p2a: Chansey|Thunderbolt|p1a: Alakazam\n|-damage|p1a: Alakazam|80/100\n|\n|upkeep\n|turn|15\n|\n|t:|1786282416\n|switch|p1a: Jynx|Jynx|76/100\n|switch|p2a: Exeggutor|Exeggutor|100/100\n|\n|upkeep\n|turn|16\n|\n|t:|1786282418\n|switch|p2a: Snorlax|Snorlax|22/100 frz\n|move|p1a: Jynx|Lovely Kiss|p2a: Snorlax\n|-fail|p2a: Snorlax\n|\n|upkeep\n|turn|17\n|\n|t:|1786282420\n|move|p1a: Jynx|Lovely Kiss|p2a: Snorlax|[miss]\n|-miss|p1a: Jynx\n|cant|p2a: Snorlax|frz\n|\n|upkeep\n|turn|18\n|\n|t:|1786282422\n|move|p1a: Jynx|Psychic|p2a: Snorlax\n|-damage|p2a: Snorlax|0 fnt\n|faint|p2a: Snorlax\n|\n|t:|1786282424\n|switch|p2a: Tauros|Tauros|48/100\n|turn|19\n|inactive|Amaranth has 270 seconds left.\n|\n|t:|1786282464\n|switch|p1a: Starmie|Starmie|64/100\n|move|p2a: Tauros|Body Slam|p1a: Starmie\n|-damage|p1a: Starmie|30/100\n|\n|upkeep\n|turn|20\n|inactive|Amaranth has 270 seconds left.\n|\n|t:|1786282478\n|move|p1a: Starmie|Psychic|p2a: Tauros\n|-damage|p2a: Tauros|8/100\n|move|p2a: Tauros|Body Slam|p1a: Starmie\n|-damage|p1a: Starmie|0 fnt\n|faint|p1a: Starmie\n|\n|t:|1786282488\n|switch|p1a: Tauros|Tauros|67/100\n|turn|21\n|\n|t:|1786282492\n|switch|p2a: Starmie|Starmie|100/100\n|move|p1a: Tauros|Body Slam|p2a: Starmie\n|-damage|p2a: Starmie|64/100\n|\n|upkeep\n|turn|22\n|\n|t:|1786282497\n|switch|p1a: Jynx|Jynx|76/100\n|move|p2a: Starmie|Surf|p1a: Jynx\n|-damage|p1a: Jynx|41/100\n|\n|upkeep\n|turn|23\n|\n|t:|1786282501\n|move|p2a: Starmie|Surf|p1a: Jynx\n|-damage|p1a: Jynx|6/100\n|move|p1a: Jynx|Lovely Kiss|p2a: Starmie|[miss]\n|-miss|p1a: Jynx\n|\n|upkeep\n|turn|24\n|\n|t:|1786282505\n|switch|p1a: Alakazam|Alakazam|80/100\n|move|p2a: Starmie|Surf|p1a: Alakazam\n|-crit|p1a: Alakazam\n|-damage|p1a: Alakazam|19/100\n|\n|upkeep\n|turn|25\n|\n|t:|1786282515\n|switch|p2a: Exeggutor|Exeggutor|100/100\n|move|p1a: Alakazam|Recover|p1a: Alakazam\n|-heal|p1a: Alakazam|69/100\n|\n|upkeep\n|turn|26\n|\n|t:|1786282530\n|switch|p1a: Jynx|Jynx|6/100\n|move|p2a: Exeggutor|Sleep Powder|p1a: Jynx|[miss]\n|-miss|p2a: Exeggutor\n|\n|upkeep\n|turn|27\n|\n|t:|1786282534\n|move|p1a: Jynx|Lovely Kiss|p2a: Exeggutor|[miss]\n|-miss|p1a: Jynx\n|move|p2a: Exeggutor|Psychic|p1a: Jynx\n|-resisted|p1a: Jynx\n|-damage|p1a: Jynx|0 fnt\n|faint|p1a: Jynx\n|\n|t:|1786282540\n|switch|p1a: Tauros|Tauros|67/100\n|turn|28\n|\n|t:|1786282557\n|move|p1a: Tauros|Hyper Beam|p2a: Exeggutor\n|-crit|p2a: Exeggutor\n|-damage|p2a: Exeggutor|0 fnt\n|faint|p2a: Exeggutor\n|\n|t:|1786282560\n|switch|p2a: Starmie|Starmie|64/100\n|turn|29\n|\n|t:|1786282564\n|switch|p1a: Alakazam|Alakazam|69/100\n|move|p2a: Starmie|Thunder Wave|p1a: Alakazam\n|-status|p1a: Alakazam|par\n|\n|upkeep\n|turn|30\n|\n|t:|1786282568\n|move|p2a: Starmie|Surf|p1a: Alakazam\n|-damage|p1a: Alakazam|38/100 par\n|move|p1a: Alakazam|Thunder Wave|p2a: Starmie\n|-status|p2a: Starmie|par\n|\n|upkeep\n|turn|31\n|\n|t:|1786282572\n|move|p1a: Alakazam|Recover|p1a: Alakazam\n|-heal|p1a: Alakazam|87/100 par\n|move|p2a: Starmie|Surf|p1a: Alakazam\n|-damage|p1a: Alakazam|58/100 par\n|\n|upkeep\n|turn|32\n|\n|t:|1786282576\n|move|p1a: Alakazam|Recover|p1a: Alakazam\n|-heal|p1a: Alakazam|100/100 par\n|move|p2a: Starmie|Recover|p2a: Starmie\n|-heal|p2a: Starmie|100/100 par\n|\n|upkeep\n|turn|33\n|\n|t:|1786282579\n|move|p1a: Alakazam|Psychic|p2a: Starmie\n|-resisted|p2a: Starmie\n|-damage|p2a: Starmie|80/100 par\n|move|p2a: Starmie|Surf|p1a: Alakazam\n|-damage|p1a: Alakazam|70/100 par\n|\n|upkeep\n|turn|34\n|\n|t:|1786282585\n|cant|p1a: Alakazam|par\n|move|p2a: Starmie|Recover|p2a: Starmie\n|-heal|p2a: Starmie|100/100 par\n|\n|upkeep\n|turn|35\n|\n|t:|1786282587\n|move|p1a: Alakazam|Psychic|p2a: Starmie\n|-resisted|p2a: Starmie\n|-damage|p2a: Starmie|81/100 par\n|-unboost|p2a: Starmie|spa|1\n|-unboost|p2a: Starmie|spd|1\n|move|p2a: Starmie|Surf|p1a: Alakazam\n|-damage|p1a: Alakazam|51/100 par\n|\n|upkeep\n|turn|36\n|\n|t:|1786282590\n|move|p1a: Alakazam|Recover|p1a: Alakazam\n|-heal|p1a: Alakazam|100/100 par\n|move|p2a: Starmie|Recover|p2a: Starmie\n|-heal|p2a: Starmie|100/100 par\n|\n|upkeep\n|turn|37\n|\n|t:|1786282594\n|switch|p1a: Zapdos|Zapdos|100/100\n|move|p2a: Starmie|Surf|p1a: Zapdos\n|-damage|p1a: Zapdos|84/100\n|\n|upkeep\n|turn|38\n|\n|t:|1786282599\n|switch|p2a: Chansey|Chansey|87/100\n|move|p1a: Zapdos|Drill Peck|p2a: Chansey\n|-damage|p2a: Chansey|52/100\n|\n|upkeep\n|turn|39\n|\n|t:|1786282607\n|move|p1a: Zapdos|Thunder Wave|p2a: Chansey\n|-status|p2a: Chansey|par\n|move|p2a: Chansey|Thunder Wave|p1a: Zapdos\n|-status|p1a: Zapdos|par\n|\n|upkeep\n|turn|40\n|\n|t:|1786282615\n|cant|p1a: Zapdos|par\n|cant|p2a: Chansey|par\n|\n|upkeep\n|turn|41\n|\n|t:|1786282617\n|move|p1a: Zapdos|Drill Peck|p2a: Chansey\n|-damage|p2a: Chansey|19/100 par\n|move|p2a: Chansey|Soft-Boiled|p2a: Chansey\n|-heal|p2a: Chansey|69/100 par\n|\n|upkeep\n|turn|42\n|\n|t:|1786282620\n|move|p1a: Zapdos|Drill Peck|p2a: Chansey\n|-crit|p2a: Chansey\n|-damage|p2a: Chansey|6/100 par\n|move|p2a: Chansey|Soft-Boiled|p2a: Chansey\n|-heal|p2a: Chansey|56/100 par\n|\n|upkeep\n|turn|43\n|\n|t:|1786282624\n|cant|p1a: Zapdos|par\n|move|p2a: Chansey|Soft-Boiled|p2a: Chansey\n|-heal|p2a: Chansey|100/100 par\n|\n|upkeep\n|turn|44\n|\n|t:|1786282629\n|switch|p1a: Alakazam|Alakazam|100/100 par\n|move|p2a: Chansey|Ice Beam|p1a: Alakazam\n|-damage|p1a: Alakazam|80/100 par\n|\n|upkeep\n|turn|45\n|\n|t:|1786282633\n|move|p1a: Alakazam|Psychic|p2a: Chansey\n|-damage|p2a: Chansey|83/100 par\n|move|p2a: Chansey|Thunderbolt|p1a: Alakazam\n|-damage|p1a: Alakazam|59/100 par\n|\n|upkeep\n|turn|46\n|\n|t:|1786282635\n|cant|p1a: Alakazam|par\n|move|p2a: Chansey|Soft-Boiled|p2a: Chansey\n|-heal|p2a: Chansey|100/100 par\n|\n|upkeep\n|turn|47\n|\n|t:|1786282644\n|move|p1a: Alakazam|Recover|p1a: Alakazam\n|-heal|p1a: Alakazam|100/100 par\n|cant|p2a: Chansey|par\n|\n|upkeep\n|turn|48\n|\n|t:|1786282646\n|move|p1a: Alakazam|Psychic|p2a: Chansey\n|-damage|p2a: Chansey|83/100 par\n|move|p2a: Chansey|Thunderbolt|p1a: Alakazam\n|-damage|p1a: Alakazam|81/100 par\n|\n|upkeep\n|turn|49\n|\n|t:|1786282649\n|move|p1a: Alakazam|Psychic|p2a: Chansey\n|-crit|p2a: Chansey\n|-damage|p2a: Chansey|50/100 par\n|move|p2a: Chansey|Soft-Boiled|p2a: Chansey\n|-heal|p2a: Chansey|99/100 par\n|\n|upkeep\n|turn|50\n|\n|t:|1786282654\n|move|p1a: Alakazam|Psychic|p2a: Chansey\n|-crit|p2a: Chansey\n|-damage|p2a: Chansey|64/100 par\n|-unboost|p2a: Chansey|spa|1\n|-unboost|p2a: Chansey|spd|1\n|move|p2a: Chansey|Thunderbolt|p1a: Alakazam\n|-damage|p1a: Alakazam|68/100 par\n|\n|upkeep\n|turn|51\n|\n|t:|1786282658\n|cant|p1a: Alakazam|par\n|cant|p2a: Chansey|par\n|\n|upkeep\n|turn|52\n|\n|t:|1786282662\n|move|p1a: Alakazam|Recover|p1a: Alakazam\n|-heal|p1a: Alakazam|100/100 par\n|move|p2a: Chansey|Thunder Wave|p1a: Alakazam\n|-fail|p1a: Alakazam|par\n|\n|upkeep\n|turn|53\n|\n|t:|1786282664\n|switch|p1a: Zapdos|Zapdos|84/100 par\n|move|p2a: Chansey|Thunder Wave|p1a: Zapdos\n|-fail|p1a: Zapdos|par\n|\n|upkeep\n|turn|54\n|\n|t:|1786282667\n|move|p1a: Zapdos|Drill Peck|p2a: Chansey\n|-damage|p2a: Chansey|28/100 par\n|move|p2a: Chansey|Soft-Boiled|p2a: Chansey\n|-heal|p2a: Chansey|78/100 par\n|\n|upkeep\n|turn|55\n|\n|t:|1786282672\n|move|p1a: Zapdos|Drill Peck|p2a: Chansey\n|-crit|p2a: Chansey\n|-damage|p2a: Chansey|11/100 par\n|move|p2a: Chansey|Soft-Boiled|p2a: Chansey\n|-heal|p2a: Chansey|61/100 par\n|\n|upkeep\n|turn|56\n|\n|t:|1786282677\n|cant|p1a: Zapdos|par\n|cant|p2a: Chansey|par\n|\n|upkeep\n|turn|57\n|\n|t:|1786282678\n|move|p1a: Zapdos|Drill Peck|p2a: Chansey\n|-damage|p2a: Chansey|28/100 par\n|cant|p2a: Chansey|par\n|\n|upkeep\n|turn|58\n|\n|t:|1786282684\n|move|p1a: Zapdos|Agility|p1a: Zapdos\n|-boost|p1a: Zapdos|spe|2\n|cant|p2a: Chansey|par\n|\n|upkeep\n|turn|59\n|\n|t:|1786282687\n|move|p1a: Zapdos|Drill Peck|p2a: Chansey\n|-damage|p2a: Chansey|0 fnt\n|faint|p2a: Chansey\n|\n|t:|1786282689\n|switch|p2a: Starmie|Starmie|100/100 par\n|turn|60\n|\n|t:|1786282691\n|move|p1a: Zapdos|Thunderbolt|p2a: Starmie\n|-supereffective|p2a: Starmie\n|-damage|p2a: Starmie|14/100 par\n|move|p2a: Starmie|Surf|p1a: Zapdos\n|-damage|p1a: Zapdos|57/100 par\n|\n|upkeep\n|turn|61\n|\n|t:|1786282693\n|move|p1a: Zapdos|Drill Peck|p2a: Starmie\n|-damage|p2a: Starmie|0 fnt\n|faint|p2a: Starmie\n|\n|t:|1786282695\n|switch|p2a: Tauros|Tauros|8/100\n|turn|62\n|\n|t:|1786282697\n|move|p1a: Zapdos|Drill Peck|p2a: Tauros\n|-crit|p2a: Tauros\n|-damage|p2a: Tauros|0 fnt\n|faint|p2a: Tauros\n|\n|win|Amaranth\n|c|☆Amaranth|gg\n|c|☆Kaz|gg\n","uploadtime":1786282697,"views":"116","formatid":"gen1ou","rating":null,"private":0,"password":null}