{"id":"smogtours-gen1ou-904789","format":"[Gen 1] OU","players":["sadisticnarwhal","LNumbers"],"log":"|inactive|Battle timer is ON: inactive players will automatically lose when time's up.\n|t:|1769976785\n|gametype|singles\n|player|p1|sadisticnarwhal|#splxviiruiners2|\n|player|p2|LNumbers|#splxviityrants|\n|gen|1\n|tier|[Gen 1] OU\n|rule|Desync Clause Mod: Desyncs changed to move failure.\n|rule|Sleep Clause Mod: Limit one foe put to sleep\n|rule|Freeze Clause Mod: Limit one foe frozen\n|rule|Species Clause: Limit one of each Pokémon\n|rule|OHKO Clause: OHKO moves are banned\n|rule|Evasion Moves Clause: Evasion moves are banned\n|rule|Endless Battle Clause: Forcing endless battles is banned\n|rule|HP Percentage Mod: HP is shown in percentages\n|\n|t:|1769976785\n|teamsize|p1|6\n|teamsize|p2|6\n|start\n|switch|p1a: Jynx|Jynx|100/100\n|switch|p2a: Jynx|Jynx|100/100\n|turn|1\n|c|☆LNumbers|hf\n|c|☆sadisticnarwhal|ue\n|c|☆sadisticnarwhal|u2\n|\n|t:|1769976797\n|move|p1a: Jynx|Lovely Kiss|p2a: Jynx\n|-status|p2a: Jynx|slp|[from] move: Lovely Kiss\n|cant|p2a: Jynx|slp\n|\n|upkeep\n|turn|2\n|c|+Fakes|lets go ruiners\n|\n|t:|1769976812\n|switch|p2a: Starmie|Starmie|100/100\n|switch|p1a: Tauros|Tauros|100/100\n|\n|upkeep\n|turn|3\n|\n|t:|1769976821\n|switch|p2a: Exeggutor|Exeggutor|100/100\n|move|p1a: Tauros|Body Slam|p2a: Exeggutor\n|-damage|p2a: Exeggutor|72/100\n|-status|p2a: Exeggutor|par\n|\n|upkeep\n|turn|4\n|\n|t:|1769976827\n|switch|p1a: Jynx|Jynx|100/100\n|cant|p2a: Exeggutor|par\n|\n|upkeep\n|turn|5\n|\n|t:|1769976837\n|switch|p2a: Jynx|Jynx|100/100 slp\n|move|p1a: Jynx|Blizzard|p2a: Jynx|[miss]\n|-miss|p1a: Jynx\n|\n|upkeep\n|turn|6\n|\n|t:|1769976840\n|switch|p2a: Starmie|Starmie|100/100\n|switch|p1a: Tauros|Tauros|100/100\n|\n|upkeep\n|turn|7\n|\n|t:|1769976853\n|switch|p1a: Chansey|Chansey|100/100\n|move|p2a: Starmie|Surf|p1a: Chansey\n|-damage|p1a: Chansey|86/100\n|\n|upkeep\n|turn|8\n|\n|t:|1769976865\n|move|p2a: Starmie|Thunder Wave|p1a: Chansey\n|-status|p1a: Chansey|par\n|move|p1a: Chansey|Ice Beam|p2a: Starmie\n|-resisted|p2a: Starmie\n|-damage|p2a: Starmie|88/100\n|\n|upkeep\n|turn|9\n|\n|t:|1769976877\n|switch|p2a: Jynx|Jynx|100/100 slp\n|cant|p1a: Chansey|par\n|\n|upkeep\n|turn|10\n|\n|t:|1769976885\n|switch|p2a: Snorlax|Snorlax|100/100\n|switch|p1a: Snorlax|Snorlax|100/100\n|\n|upkeep\n|turn|11\n|\n|t:|1769976890\n|move|p2a: Snorlax|Body Slam|p1a: Snorlax\n|-damage|p1a: Snorlax|72/100\n|move|p1a: Snorlax|Reflect|p1a: Snorlax\n|-start|p1a: Snorlax|Reflect\n|\n|upkeep\n|turn|12\n|\n|t:|1769976895\n|move|p1a: Snorlax|Body Slam|p2a: Snorlax\n|-damage|p2a: Snorlax|73/100\n|move|p2a: Snorlax|Reflect|p2a: Snorlax\n|-start|p2a: Snorlax|Reflect\n|\n|upkeep\n|turn|13\n|\n|t:|1769976899\n|move|p1a: Snorlax|Body Slam|p2a: Snorlax\n|-damage|p2a: Snorlax|59/100\n|move|p2a: Snorlax|Body Slam|p1a: Snorlax\n|-damage|p1a: Snorlax|59/100\n|\n|upkeep\n|turn|14\n|\n|t:|1769976906\n|switch|p1a: Starmie|Starmie|100/100\n|move|p2a: Snorlax|Rest|p2a: Snorlax\n|-status|p2a: Snorlax|slp|[from] move: Rest\n|-heal|p2a: Snorlax|100/100 slp|[silent]\n|\n|upkeep\n|turn|15\n|\n|t:|1769976915\n|switch|p2a: Starmie|Starmie|88/100\n|move|p1a: Starmie|Psychic|p2a: Starmie\n|-resisted|p2a: Starmie\n|-damage|p2a: Starmie|71/100\n|-unboost|p2a: Starmie|spa|1\n|-unboost|p2a: Starmie|spd|1\n|\n|upkeep\n|turn|16\n|\n|t:|1769976923\n|switch|p1a: Chansey|Chansey|86/100 par\n|move|p2a: Starmie|Thunder Wave|p1a: Chansey\n|-fail|p1a: Chansey|par\n|\n|upkeep\n|turn|17\n|\n|t:|1769976942\n|switch|p2a: Snorlax|Snorlax|100/100 slp\n|cant|p1a: Chansey|par\n|\n|upkeep\n|turn|18\n|\n|t:|1769976964\n|switch|p1a: Tauros|Tauros|100/100\n|cant|p2a: Snorlax|slp\n|\n|upkeep\n|turn|19\n|\n|t:|1769976970\n|move|p1a: Tauros|Body Slam|p2a: Snorlax\n|-damage|p2a: Snorlax|77/100 slp\n|-curestatus|p2a: Snorlax|slp|[msg]\n|\n|upkeep\n|turn|20\n|\n|t:|1769976975\n|move|p1a: Tauros|Body Slam|p2a: Snorlax\n|-damage|p2a: Snorlax|51/100\n|move|p2a: Snorlax|Body Slam|p1a: Tauros\n|-damage|p1a: Tauros|70/100\n|\n|upkeep\n|turn|21\n|rated|Smogon Premier League\n|inactive|LNumbers has 270 seconds left.\n|\n|t:|1769977028\n|move|p1a: Tauros|Body Slam|p2a: Snorlax\n|-crit|p2a: Snorlax\n|-damage|p2a: Snorlax|6/100\n|move|p2a: Snorlax|Body Slam|p1a: Tauros\n|-damage|p1a: Tauros|38/100\n|\n|upkeep\n|turn|22\n|\n|t:|1769977042\n|switch|p2a: Tauros|Tauros|100/100\n|move|p1a: Tauros|Body Slam|p2a: Tauros\n|-damage|p2a: Tauros|70/100\n|\n|upkeep\n|turn|23\n|inactive|LNumbers has 240 seconds left.\n|\n|t:|1769977080\n|switch|p1a: Starmie|Starmie|100/100\n|move|p2a: Tauros|Body Slam|p1a: Starmie\n|-damage|p1a: Starmie|69/100\n|\n|upkeep\n|turn|24\n|inactive|LNumbers has 240 seconds left.\n|inactive|LNumbers has 210 seconds left.\n|\n|t:|1769977142\n|switch|p2a: Jynx|Jynx|100/100 slp\n|move|p1a: Starmie|Thunder Wave|p2a: Jynx\n|-fail|p2a: Jynx\n|\n|upkeep\n|turn|25\n|inactive|LNumbers has 180 seconds left.\n|\n|t:|1769977172\n|switch|p2a: Starmie|Starmie|71/100\n|move|p1a: Starmie|Recover|p1a: Starmie\n|-heal|p1a: Starmie|100/100\n|\n|upkeep\n|turn|26\n|inactive|LNumbers has 150 seconds left.\n|\n|t:|1769977206\n|move|p2a: Starmie|Thunder Wave|p1a: Starmie\n|-status|p1a: Starmie|par\n|move|p1a: Starmie|Thunder Wave|p2a: Starmie\n|-status|p2a: Starmie|par\n|\n|upkeep\n|turn|27\n|\n|t:|1769977215\n|switch|p1a: Chansey|Chansey|86/100 par\n|move|p2a: Starmie|Recover|p2a: Starmie\n|-heal|p2a: Starmie|100/100 par\n|\n|upkeep\n|turn|28\n|inactive|LNumbers has 150 seconds left.\n|inactive|LNumbers has 120 seconds left.\n|inactive|LNumbers has 90 seconds left.\n|\n|t:|1769977310\n|switch|p2a: Jynx|Jynx|100/100 slp\n|cant|p1a: Chansey|par\n|\n|upkeep\n|turn|29\n|inactive|LNumbers has 60 seconds left.\n|\n|t:|1769977343\n|switch|p1a: Snorlax|Snorlax|59/100\n|-curestatus|p2a: Jynx|slp|[msg]\n|\n|upkeep\n|turn|30\n|\n|t:|1769977365\n|switch|p2a: Snorlax|Snorlax|6/100\n|switch|p1a: Starmie|Starmie|100/100 par\n|\n|upkeep\n|turn|31\n|inactive|LNumbers has 30 seconds left.\n|inactive|LNumbers has 20 seconds left.\n|\n|t:|1769977395\n|switch|p1a: Jynx|Jynx|100/100\n|move|p2a: Snorlax|Self-Destruct|p1a: Jynx\n|-damage|p1a: Jynx|0 fnt\n|faint|p1a: Jynx\n|faint|p2a: Snorlax\n|inactive|LNumbers has 25 seconds left this turn.\n|inactive|LNumbers has 20 seconds left.\n|inactive|LNumbers has 15 seconds left.\n|inactive|LNumbers has 10 seconds left.\n|inactive|LNumbers has 5 seconds left.\n|\n|t:|1769977417\n|switch|p1a: Snorlax|Snorlax|59/100\n|switch|p2a: Tauros|Tauros|70/100\n|turn|32\n|inactive|LNumbers has 15 seconds left this turn.\n|inactive|LNumbers has 10 seconds left.\n|inactive|LNumbers has 5 seconds left.\n|\n|t:|1769977429\n|move|p2a: Tauros|Body Slam|p1a: Snorlax\n|-damage|p1a: Snorlax|34/100\n|move|p1a: Snorlax|Body Slam|p2a: Tauros\n|-damage|p2a: Tauros|38/100\n|\n|upkeep\n|turn|33\n|inactive|LNumbers has 15 seconds left this turn.\n|inactive|LNumbers has 10 seconds left.\n|inactive|LNumbers has 5 seconds left.\n|inactive|sadisticnarwhal has 270 seconds left.\n|\n|t:|1769977451\n|switch|p1a: Starmie|Starmie|100/100 par\n|move|p2a: Tauros|Hyper Beam|p1a: Starmie\n|-damage|p1a: Starmie|45/100 par\n|-mustrecharge|p2a: Tauros\n|\n|upkeep\n|turn|34\n|inactive|LNumbers has 15 seconds left this turn.\n|inactive|sadisticnarwhal has 270 seconds left.\n|\n|t:|1769977469\n|cant|p2a: Tauros|recharge\n|move|p1a: Starmie|Thunder Wave|p2a: Tauros\n|-status|p2a: Tauros|par\n|\n|upkeep\n|turn|35\n|inactive|LNumbers has 25 seconds left this turn.\n|\n|t:|1769977474\n|switch|p2a: Zapdos|Zapdos|100/100\n|move|p1a: Starmie|Recover|p1a: Starmie\n|-heal|p1a: Starmie|95/100 par\n|\n|upkeep\n|turn|36\n|inactive|LNumbers has 30 seconds left.\n|inactive|LNumbers has 20 seconds left.\n|\n|t:|1769977489\n|switch|p2a: Jynx|Jynx|100/100\n|switch|p1a: Chansey|Chansey|86/100 par\n|\n|upkeep\n|turn|37\n|inactive|LNumbers has 30 seconds left this turn.\n|inactive|LNumbers has 20 seconds left.\n|inactive|sadisticnarwhal has 270 seconds left.\n|inactive|LNumbers has 15 seconds left.\n|inactive|LNumbers has 10 seconds left.\n|\n|t:|1769977516\n|move|p2a: Jynx|Ice Beam|p1a: Chansey\n|-damage|p1a: Chansey|71/100 par\n|cant|p1a: Chansey|par\n|\n|upkeep\n|turn|38\n|inactive|LNumbers has 20 seconds left this turn.\n|inactive|sadisticnarwhal has 270 seconds left.\n|inactive|LNumbers has 15 seconds left.\n|inactive|LNumbers has 10 seconds left.\n|\n|t:|1769977529\n|switch|p2a: Exeggutor|Exeggutor|72/100 par\n|move|p1a: Chansey|Thunderbolt|p2a: Exeggutor\n|-resisted|p2a: Exeggutor\n|-damage|p2a: Exeggutor|64/100 par\n|\n|upkeep\n|turn|39\n|inactive|LNumbers has 20 seconds left this turn.\n|inactive|LNumbers has 15 seconds left.\n|inactive|sadisticnarwhal has 270 seconds left.\n|inactive|LNumbers has 10 seconds left.\n|inactive|LNumbers has 5 seconds left.\n|\n|t:|1769977548\n|switch|p1a: Starmie|Starmie|95/100 par\n|move|p2a: Exeggutor|Psychic|p1a: Starmie\n|-resisted|p1a: Starmie\n|-damage|p1a: Starmie|75/100 par\n|\n|upkeep\n|turn|40\n|inactive|LNumbers has 15 seconds left this turn.\n|inactive|sadisticnarwhal has 270 seconds left.\n|\n|t:|1769977557\n|switch|p2a: Starmie|Starmie|100/100 par\n|move|p1a: Starmie|Blizzard|p2a: Starmie\n|-resisted|p2a: Starmie\n|-damage|p2a: Starmie|85/100 par\n|\n|upkeep\n|turn|41\n|inactive|LNumbers has 25 seconds left this turn.\n|inactive|LNumbers has 20 seconds left.\n|inactive|sadisticnarwhal has 270 seconds left.\n|inactive|LNumbers has 15 seconds left.\n|inactive|LNumbers has 10 seconds left.\n|\n|t:|1769977577\n|switch|p1a: Exeggutor|Exeggutor|100/100\n|move|p2a: Starmie|Thunderbolt|p1a: Exeggutor\n|-resisted|p1a: Exeggutor\n|-damage|p1a: Exeggutor|93/100\n|\n|upkeep\n|turn|42\n|inactive|LNumbers has 20 seconds left this turn.\n|inactive|sadisticnarwhal has 270 seconds left.\n|inactive|LNumbers has 15 seconds left.\n|inactive|LNumbers has 10 seconds left.\n|inactive|LNumbers has 5 seconds left.\n|\n|t:|1769977592\n|switch|p1a: Chansey|Chansey|71/100 par\n|switch|p2a: Exeggutor|Exeggutor|64/100 par\n|\n|upkeep\n|turn|43\n|inactive|LNumbers has 15 seconds left this turn.\n|inactive|LNumbers has 10 seconds left.\n|inactive|sadisticnarwhal has 270 seconds left.\n|inactive|LNumbers has 5 seconds left.\n|\n|t:|1769977616\n|switch|p1a: Starmie|Starmie|75/100 par\n|cant|p2a: Exeggutor|par\n|\n|upkeep\n|turn|44\n|inactive|LNumbers has 15 seconds left this turn.\n|inactive|LNumbers has 10 seconds left.\n|inactive|LNumbers has 5 seconds left.\n|\n|t:|1769977629\n|switch|p2a: Jynx|Jynx|100/100\n|cant|p1a: Starmie|par\n|\n|upkeep\n|turn|45\n|inactive|LNumbers has 15 seconds left this turn.\n|\n|t:|1769977634\n|switch|p2a: Starmie|Starmie|85/100 par\n|move|p1a: Starmie|Recover|p1a: Starmie\n|-heal|p1a: Starmie|100/100 par\n|\n|upkeep\n|turn|46\n|inactive|LNumbers has 25 seconds left this turn.\n|inactive|LNumbers has 20 seconds left.\n|inactive|LNumbers has 15 seconds left.\n|\n|t:|1769977647\n|switch|p2a: Tauros|Tauros|38/100 par\n|switch|p1a: Chansey|Chansey|71/100 par\n|\n|upkeep\n|turn|47\n|inactive|LNumbers has 25 seconds left this turn.\n|inactive|LNumbers has 20 seconds left.\n|inactive|LNumbers has 15 seconds left.\n|inactive|LNumbers has 10 seconds left.\n|\n|t:|1769977662\n|switch|p1a: Starmie|Starmie|100/100 par\n|cant|p2a: Tauros|par\n|\n|upkeep\n|turn|48\n|inactive|LNumbers has 20 seconds left this turn.\n|inactive|LNumbers has 15 seconds left.\n|\n|t:|1769977668\n|switch|p2a: Starmie|Starmie|85/100 par\n|move|p1a: Starmie|Psychic|p2a: Starmie\n|-resisted|p2a: Starmie\n|-damage|p2a: Starmie|68/100 par\n|\n|upkeep\n|turn|49\n|inactive|LNumbers has 25 seconds left this turn.\n|inactive|LNumbers has 20 seconds left.\n|inactive|LNumbers has 15 seconds left.\n|\n|t:|1769977679\n|switch|p1a: Chansey|Chansey|71/100 par\n|move|p2a: Starmie|Recover|p2a: Starmie\n|-heal|p2a: Starmie|100/100 par\n|\n|upkeep\n|turn|50\n|inactive|LNumbers has 25 seconds left this turn.\n|inactive|LNumbers has 20 seconds left.\n|\n|t:|1769977685\n|switch|p2a: Tauros|Tauros|38/100 par\n|cant|p1a: Chansey|par\n|\n|upkeep\n|turn|51\n|inactive|LNumbers has 30 seconds left this turn.\n|inactive|LNumbers has 20 seconds left.\n|\n|t:|1769977695\n|switch|p2a: Zapdos|Zapdos|100/100\n|switch|p1a: Starmie|Starmie|100/100 par\n|\n|upkeep\n|turn|52\n|inactive|LNumbers has 30 seconds left this turn.\n|inactive|LNumbers has 20 seconds left.\n|inactive|LNumbers has 15 seconds left.\n|inactive|LNumbers has 10 seconds left.\n|inactive|LNumbers has 5 seconds left.\n|\n|t:|1769977720\n|move|p2a: Zapdos|Thunderbolt|p1a: Starmie\n|-supereffective|p1a: Starmie\n|-damage|p1a: Starmie|19/100 par\n|move|p1a: Starmie|Thunder Wave|p2a: Zapdos\n|-status|p2a: Zapdos|par\n|\n|upkeep\n|turn|53\n|inactive|LNumbers has 15 seconds left this turn.\n|inactive|LNumbers has 10 seconds left.\n|inactive|sadisticnarwhal has 270 seconds left.\n|inactive|LNumbers has 5 seconds left.\n|inactive|sadisticnarwhal has 240 seconds left.\n|\n|t:|1769977790\n|move|p1a: Starmie|Blizzard|p2a: Zapdos\n|-crit|p2a: Zapdos\n|-supereffective|p2a: Zapdos\n|-damage|p2a: Zapdos|19/100 par\n|move|p2a: Zapdos|Thunderbolt|p1a: Starmie\n|-crit|p1a: Starmie\n|-supereffective|p1a: Starmie\n|-damage|p1a: Starmie|0 fnt\n|faint|p1a: Starmie\n|\n|t:|1769977795\n|switch|p1a: Tauros|Tauros|38/100\n|turn|54\n|inactive|LNumbers has 20 seconds left this turn.\n|\n|t:|1769977799\n|switch|p2a: Starmie|Starmie|100/100 par\n|move|p1a: Tauros|Body Slam|p2a: Starmie\n|-damage|p2a: Starmie|65/100 par\n|\n|upkeep\n|turn|55\n|inactive|LNumbers has 30 seconds left this turn.\n|\n|t:|1769977809\n|switch|p1a: Chansey|Chansey|71/100 par\n|move|p2a: Starmie|Recover|p2a: Starmie\n|-heal|p2a: Starmie|100/100 par\n|\n|upkeep\n|turn|56\n|inactive|LNumbers has 30 seconds left.\n|\n|t:|1769977823\n|move|p2a: Starmie|Surf|p1a: Chansey\n|-damage|p1a: Chansey|56/100 par\n|move|p1a: Chansey|Ice Beam|p2a: Starmie\n|-resisted|p2a: Starmie\n|-damage|p2a: Starmie|88/100 par\n|\n|upkeep\n|turn|57\n|\n|t:|1769977828\n|switch|p2a: Tauros|Tauros|38/100 par\n|move|p1a: Chansey|Soft-Boiled|p1a: Chansey\n|-heal|p1a: Chansey|100/100 par\n|\n|upkeep\n|turn|58\n|\n|t:|1769977838\n|switch|p1a: Exeggutor|Exeggutor|93/100\n|move|p2a: Tauros|Body Slam|p1a: Exeggutor\n|-damage|p1a: Exeggutor|63/100\n|-status|p1a: Exeggutor|par\n|\n|upkeep\n|turn|59\n|inactive|LNumbers has 30 seconds left.\n|inactive|LNumbers has 20 seconds left.\n|inactive|LNumbers has 15 seconds left.\n|inactive|LNumbers has 10 seconds left.\n|\n|t:|1769977875\n|move|p2a: Tauros|Blizzard|p1a: Exeggutor\n|-supereffective|p1a: Exeggutor\n|-damage|p1a: Exeggutor|29/100 par\n|move|p1a: Exeggutor|Psychic|p2a: Tauros\n|-damage|p2a: Tauros|0 fnt\n|faint|p2a: Tauros\n|inactive|LNumbers has 15 seconds left this turn.\n|inactive|LNumbers has 10 seconds left.\n|\n|t:|1769977883\n|switch|p2a: Zapdos|Zapdos|19/100 par\n|turn|60\n|inactive|LNumbers has 20 seconds left this turn.\n|inactive|LNumbers has 15 seconds left.\n|\n|t:|1769977892\n|move|p2a: Zapdos|Drill Peck|p1a: Exeggutor\n|-supereffective|p1a: Exeggutor\n|-damage|p1a: Exeggutor|0 fnt\n|faint|p1a: Exeggutor\n|\n|t:|1769977896\n|switch|p1a: Snorlax|Snorlax|34/100\n|turn|61\n|inactive|LNumbers has 30 seconds left this turn.\n|inactive|LNumbers has 20 seconds left.\n|inactive|LNumbers has 15 seconds left.\n|inactive|LNumbers has 10 seconds left.\n|\n|t:|1769977918\n|switch|p2a: Jynx|Jynx|100/100\n|move|p1a: Snorlax|Body Slam|p2a: Jynx\n|-crit|p2a: Jynx\n|-damage|p2a: Jynx|0 fnt\n|faint|p2a: Jynx\n|inactive|LNumbers has 15 seconds left this turn.\n|inactive|LNumbers has 10 seconds left.\n|inactive|LNumbers has 5 seconds left.\n|\n|t:|1769977929\n|switch|p2a: Starmie|Starmie|88/100 par\n|turn|62\n|inactive|LNumbers has 15 seconds left this turn.\n|inactive|LNumbers has 10 seconds left.\n|\n|t:|1769977943\n|switch|p2a: Zapdos|Zapdos|19/100 par\n|move|p1a: Snorlax|Body Slam|p2a: Zapdos\n|-damage|p2a: Zapdos|0 fnt\n|faint|p2a: Zapdos\n|inactive|LNumbers has 15 seconds left this turn.\n|\n|t:|1769977947\n|switch|p2a: Starmie|Starmie|88/100 par\n|turn|63\n|inactive|LNumbers has 25 seconds left this turn.\n|inactive|LNumbers has 20 seconds left.\n|inactive|LNumbers has 15 seconds left.\n|inactive|LNumbers has 10 seconds left.\n|\n|t:|1769977963\n|move|p1a: Snorlax|Body Slam|p2a: Starmie\n|-damage|p2a: Starmie|48/100 par\n|cant|p2a: Starmie|par\n|\n|upkeep\n|turn|64\n|inactive|LNumbers has 20 seconds left this turn.\n|inactive|LNumbers has 15 seconds left.\n|\n|t:|1769977970\n|move|p1a: Snorlax|Hyper Beam|p2a: Starmie\n|-damage|p2a: Starmie|0 fnt\n|faint|p2a: Starmie\n|inactive|LNumbers has 20 seconds left this turn.\n|\n|t:|1769977971\n|switch|p2a: Exeggutor|Exeggutor|64/100 par\n|turn|65\n|inactive|LNumbers has 30 seconds left this turn.\n|c|☆LNumbers|gg\n|\n|t:|1769977979\n|switch|p1a: Chansey|Chansey|100/100 par\n|move|p2a: Exeggutor|Sleep Powder|p1a: Chansey\n|-fail|p1a: Chansey\n|\n|upkeep\n|turn|66\n|\n|t:|1769977985\n|cant|p2a: Exeggutor|par\n|move|p1a: Chansey|Ice Beam|p2a: Exeggutor\n|-supereffective|p2a: Exeggutor\n|-damage|p2a: Exeggutor|32/100 par\n|\n|upkeep\n|turn|67\n|\n|t:|1769977989\n|move|p2a: Exeggutor|Psychic|p1a: Chansey\n|-damage|p1a: Chansey|84/100 par\n|cant|p1a: Chansey|par\n|\n|upkeep\n|turn|68\n|\n|t:|1769977991\n|move|p2a: Exeggutor|Psychic|p1a: Chansey\n|-damage|p1a: Chansey|68/100 par\n|move|p1a: Chansey|Ice Beam|p2a: Exeggutor\n|-supereffective|p2a: Exeggutor\n|-damage|p2a: Exeggutor|0 fnt\n|faint|p2a: Exeggutor\n|\n|win|sadisticnarwhal\n|c|☆sadisticnarwhal|gg\n|player|p1|\n|player|p2|\n","uploadtime":1769977991,"views":"984","formatid":"gen1ou","rating":null,"private":0,"password":null}