{"id":"smogtours-gen1ou-953703","format":"[Gen 1] OU","players":["Abucketofchubs","TheStupe"],"log":"|inactive|Battle timer is ON: inactive players will automatically lose when time's up.\n|t:|1783283664\n|gametype|singles\n|player|p1|Abucketofchubs|youngster-gen4dp|\n|player|p2|TheStupe|psychicf-gen4|\n|gen|1\n|tier|[Gen 1] OU\n|rule|Desync Clause Mod: Desyncs changed to move failure.\n|rule|HP Percentage Mod: HP is shown in percentages\n|rule|Endless Battle Clause: Forcing endless battles is banned\n|rule|Sleep Clause Mod: Limit one foe put to sleep\n|rule|Freeze Clause Mod: Limit one foe frozen\n|rule|Species Clause: Limit one of each Pokémon\n|rule|OHKO Clause: OHKO moves are banned\n|rule|Evasion Moves Clause: Evasion moves are banned\n|\n|t:|1783283664\n|teamsize|p1|6\n|teamsize|p2|6\n|start\n|switch|p1a: Jynx|Jynx|100/100\n|switch|p2a: Jynx|Jynx|100/100\n|turn|1\n|c|☆TheStupe|hf\n|\n|t:|1783283669\n|move|p2a: Jynx|Lovely Kiss|p1a: Jynx\n|-status|p1a: Jynx|slp|[from] move: Lovely Kiss\n|cant|p1a: Jynx|slp\n|\n|upkeep\n|turn|2\n|\n|t:|1783283675\n|-curestatus|p1a: Jynx|slp|[msg]\n|move|p2a: Jynx|Body Slam|p1a: Jynx\n|-damage|p1a: Jynx|76/100\n|\n|upkeep\n|turn|3\n|\n|t:|1783283678\n|move|p1a: Jynx|Lovely Kiss|p2a: Jynx|[miss]\n|-miss|p1a: Jynx\n|move|p2a: Jynx|Lovely Kiss|p1a: Jynx\n|-status|p1a: Jynx|slp|[from] move: Lovely Kiss\n|\n|upkeep\n|turn|4\n|\n|t:|1783283682\n|switch|p1a: Chansey|Chansey|100/100\n|move|p2a: Jynx|Body Slam|p1a: Chansey\n|-damage|p1a: Chansey|84/100\n|\n|upkeep\n|turn|5\n|\n|t:|1783283684\n|move|p2a: Jynx|Ice Beam|p1a: Chansey\n|-crit|p1a: Chansey\n|-damage|p1a: Chansey|57/100\n|move|p1a: Chansey|Sing|p2a: Jynx\n|-status|p2a: Jynx|slp|[from] move: Sing\n|\n|upkeep\n|turn|6\n|\n|t:|1783283693\n|switch|p2a: Chansey|Chansey|100/100\n|move|p1a: Chansey|Soft-Boiled|p1a: Chansey\n|-heal|p1a: Chansey|100/100\n|\n|upkeep\n|turn|7\n|\n|t:|1783283696\n|move|p2a: Chansey|Thunder Wave|p1a: Chansey\n|-status|p1a: Chansey|par\n|move|p1a: Chansey|Thunder Wave|p2a: Chansey\n|-status|p2a: Chansey|par\n|\n|upkeep\n|turn|8\n|\n|t:|1783283702\n|move|p2a: Chansey|Thunder Wave|p1a: Chansey\n|-fail|p1a: Chansey|par\n|move|p1a: Chansey|Ice Beam|p2a: Chansey\n|-damage|p2a: Chansey|90/100 par\n|\n|upkeep\n|turn|9\n|\n|t:|1783283705\n|move|p2a: Chansey|Thunder Wave|p1a: Chansey\n|-fail|p1a: Chansey|par\n|cant|p1a: Chansey|par\n|\n|upkeep\n|turn|10\n|\n|t:|1783283708\n|move|p2a: Chansey|Seismic Toss|p1a: Chansey\n|-damage|p1a: Chansey|86/100 par\n|move|p1a: Chansey|Ice Beam|p2a: Chansey\n|-damage|p2a: Chansey|80/100 par\n|\n|upkeep\n|turn|11\n|\n|t:|1783283716\n|switch|p2a: Snorlax|Snorlax|100/100\n|switch|p1a: Rhydon|Rhydon|100/100\n|\n|upkeep\n|turn|12\n|\n|t:|1783283723\n|switch|p1a: Cloyster|Cloyster|100/100\n|switch|p2a: Articuno|Articuno|100/100\n|\n|upkeep\n|turn|13\n|\n|t:|1783283735\n|switch|p2a: Cloyster|Cloyster|100/100\n|move|p1a: Cloyster|Blizzard|p2a: Cloyster\n|-resisted|p2a: Cloyster\n|-damage|p2a: Cloyster|89/100\n|\n|upkeep\n|turn|14\n|\n|t:|1783283740\n|move|p2a: Cloyster|Clamp|p1a: Cloyster\n|-resisted|p1a: Cloyster\n|-damage|p1a: Cloyster|94/100\n|cant|p1a: Cloyster|partiallytrapped\n|\n|upkeep\n|turn|15\n|\n|t:|1783283746\n|switch|p1a: Starmie|Starmie|100/100\n|move|p2a: Cloyster|Clamp|p1a: Starmie\n|-resisted|p1a: Starmie\n|-damage|p1a: Starmie|95/100\n|\n|upkeep\n|turn|16\n|\n|t:|1783283759\n|move|p2a: Cloyster|Clamp|p1a: Starmie|[from] Clamp\n|-damage|p1a: Starmie|89/100\n|\n|upkeep\n|turn|17\n|\n|t:|1783283768\n|move|p2a: Cloyster|Clamp|p1a: Starmie|[from] Clamp\n|-damage|p1a: Starmie|84/100\n|\n|upkeep\n|turn|18\n|\n|t:|1783283770\n|switch|p2a: Chansey|Chansey|80/100 par\n|\n|upkeep\n|turn|19\n|\n|t:|1783283777\n|switch|p1a: Rhydon|Rhydon|100/100\n|switch|p2a: Snorlax|Snorlax|100/100\n|\n|upkeep\n|turn|20\n|\n|t:|1783283786\n|move|p1a: Rhydon|Substitute|p1a: Rhydon\n|-start|p1a: Rhydon|Substitute\n|-damage|p1a: Rhydon|76/100\n|move|p2a: Snorlax|Earthquake|p1a: Rhydon\n|-supereffective|p1a: Rhydon\n|-end|p1a: Rhydon|Substitute\n|\n|upkeep\n|turn|21\n|\n|t:|1783283794\n|move|p1a: Rhydon|Earthquake|p2a: Snorlax\n|-damage|p2a: Snorlax|65/100\n|move|p2a: Snorlax|Earthquake|p1a: Rhydon\n|-supereffective|p1a: Rhydon\n|-damage|p1a: Rhydon|41/100\n|\n|upkeep\n|turn|22\n|\n|t:|1783283808\n|switch|p1a: Cloyster|Cloyster|94/100\n|move|p2a: Snorlax|Earthquake|p1a: Cloyster\n|-damage|p1a: Cloyster|77/100\n|\n|upkeep\n|turn|23\n|\n|t:|1783283814\n|switch|p2a: Jynx|Jynx|100/100 slp\n|move|p1a: Cloyster|Clamp|p2a: Jynx|[miss]\n|-miss|p1a: Cloyster\n|\n|upkeep\n|turn|24\n|\n|t:|1783283824\n|switch|p2a: Cloyster|Cloyster|89/100\n|move|p1a: Cloyster|Clamp|p2a: Cloyster\n|-resisted|p2a: Cloyster\n|-damage|p2a: Cloyster|82/100\n|\n|upkeep\n|turn|25\n|\n|t:|1783283835\n|switch|p2a: Chansey|Chansey|80/100 par\n|switch|p1a: Starmie|Starmie|84/100\n|\n|upkeep\n|turn|26\n|\n|t:|1783283845\n|switch|p1a: Rhydon|Rhydon|41/100\n|move|p2a: Chansey|Seismic Toss|p1a: Rhydon\n|-damage|p1a: Rhydon|17/100\n|\n|upkeep\n|turn|27\n|\n|t:|1783283862\n|switch|p2a: Articuno|Articuno|100/100\n|move|p1a: Rhydon|Rest|p1a: Rhydon\n|-status|p1a: Rhydon|slp|[from] move: Rest\n|-heal|p1a: Rhydon|100/100 slp|[silent]\n|\n|upkeep\n|turn|28\n|\n|t:|1783283870\n|switch|p1a: Cloyster|Cloyster|77/100\n|move|p2a: Articuno|Ice Beam|p1a: Cloyster\n|-resisted|p1a: Cloyster\n|-damage|p1a: Cloyster|66/100\n|\n|upkeep\n|turn|29\n|\n|t:|1783283884\n|switch|p2a: Jynx|Jynx|100/100 slp\n|move|p1a: Cloyster|Clamp|p2a: Jynx\n|-damage|p2a: Jynx|89/100 slp\n|\n|upkeep\n|turn|30\n|\n|t:|1783283893\n|switch|p2a: Cloyster|Cloyster|82/100\n|switch|p1a: Starmie|Starmie|84/100\n|\n|upkeep\n|turn|31\n|\n|t:|1783283898\n|switch|p2a: Chansey|Chansey|80/100 par\n|move|p1a: Starmie|Surf|p2a: Chansey\n|-damage|p2a: Chansey|64/100 par\n|\n|upkeep\n|turn|32\n|inactive|Abucketofchubs has 270 seconds left.\n|\n|t:|1783283933\n|switch|p1a: Tauros|Tauros|100/100\n|move|p2a: Chansey|Soft-Boiled|p2a: Chansey\n|-heal|p2a: Chansey|100/100 par\n|\n|upkeep\n|turn|33\n|inactive|Abucketofchubs has 270 seconds left.\n|\n|t:|1783283950\n|switch|p1a: Rhydon|Rhydon|100/100 slp\n|move|p2a: Chansey|Thunder Wave|p1a: Rhydon\n|-immune|p1a: Rhydon\n|\n|upkeep\n|turn|34\n|inactive|Abucketofchubs has 270 seconds left.\n|\n|t:|1783283956\n|switch|p1a: Chansey|Chansey|86/100 par\n|switch|p2a: Tauros|Tauros|100/100\n|\n|upkeep\n|turn|35\n|\n|t:|1783283960\n|switch|p2a: Chansey|Chansey|100/100 par\n|move|p1a: Chansey|Thunder Wave|p2a: Chansey\n|-fail|p2a: Chansey|par\n|\n|upkeep\n|turn|36\n|\n|t:|1783283968\n|move|p2a: Chansey|Seismic Toss|p1a: Chansey\n|-damage|p1a: Chansey|72/100 par\n|move|p1a: Chansey|Thunder Wave|p2a: Chansey\n|-fail|p2a: Chansey|par\n|\n|upkeep\n|turn|37\n|\n|t:|1783283972\n|move|p1a: Chansey|Soft-Boiled|p1a: Chansey\n|-heal|p1a: Chansey|100/100 par\n|move|p2a: Chansey|Seismic Toss|p1a: Chansey\n|-damage|p1a: Chansey|86/100 par\n|\n|upkeep\n|turn|38\n|\n|t:|1783283981\n|move|p1a: Chansey|Thunder Wave|p2a: Chansey\n|-fail|p2a: Chansey|par\n|cant|p2a: Chansey|par\n|\n|upkeep\n|turn|39\n|\n|t:|1783283986\n|move|p2a: Chansey|Seismic Toss|p1a: Chansey\n|-damage|p1a: Chansey|72/100 par\n|move|p1a: Chansey|Thunder Wave|p2a: Chansey\n|-fail|p2a: Chansey|par\n|\n|upkeep\n|turn|40\n|\n|t:|1783283989\n|move|p2a: Chansey|Seismic Toss|p1a: Chansey\n|-damage|p1a: Chansey|58/100 par\n|move|p1a: Chansey|Soft-Boiled|p1a: Chansey\n|-heal|p1a: Chansey|100/100 par\n|\n|upkeep\n|turn|41\n|\n|t:|1783283996\n|cant|p2a: Chansey|par\n|move|p1a: Chansey|Thunder Wave|p2a: Chansey\n|-fail|p2a: Chansey|par\n|\n|upkeep\n|turn|42\n|\n|t:|1783284002\n|switch|p1a: Rhydon|Rhydon|100/100 slp\n|cant|p2a: Chansey|par\n|\n|upkeep\n|turn|43\n|\n|t:|1783284008\n|switch|p1a: Cloyster|Cloyster|66/100\n|switch|p2a: Tauros|Tauros|100/100\n|\n|upkeep\n|turn|44\n|\n|t:|1783284022\n|switch|p2a: Cloyster|Cloyster|82/100\n|move|p1a: Cloyster|Blizzard|p2a: Cloyster\n|-crit|p2a: Cloyster\n|-resisted|p2a: Cloyster\n|-damage|p2a: Cloyster|59/100\n|\n|upkeep\n|turn|45\n|\n|t:|1783284027\n|move|p2a: Cloyster|Clamp|p1a: Cloyster\n|-resisted|p1a: Cloyster\n|-damage|p1a: Cloyster|59/100\n|cant|p1a: Cloyster|partiallytrapped\n|\n|upkeep\n|turn|46\n|\n|t:|1783284032\n|switch|p2a: Chansey|Chansey|100/100 par\n|switch|p1a: Starmie|Starmie|84/100\n|\n|upkeep\n|turn|47\n|\n|t:|1783284036\n|switch|p1a: Chansey|Chansey|100/100 par\n|cant|p2a: Chansey|par\n|\n|upkeep\n|turn|48\n|\n|t:|1783284044\n|move|p2a: Chansey|Seismic Toss|p1a: Chansey\n|-damage|p1a: Chansey|86/100 par\n|move|p1a: Chansey|Thunder Wave|p2a: Chansey\n|-fail|p2a: Chansey|par\n|\n|upkeep\n|turn|49\n|\n|t:|1783284050\n|move|p2a: Chansey|Seismic Toss|p1a: Chansey\n|-damage|p1a: Chansey|72/100 par\n|cant|p1a: Chansey|par\n|\n|upkeep\n|turn|50\n|\n|t:|1783284053\n|move|p2a: Chansey|Seismic Toss|p1a: Chansey\n|-damage|p1a: Chansey|58/100 par\n|move|p1a: Chansey|Soft-Boiled|p1a: Chansey\n|-heal|p1a: Chansey|100/100 par\n|\n|upkeep\n|turn|51\n|\n|t:|1783284067\n|move|p1a: Chansey|Thunder Wave|p2a: Chansey\n|-fail|p2a: Chansey|par\n|cant|p2a: Chansey|par\n|\n|upkeep\n|turn|52\n|\n|t:|1783284096\n|move|p1a: Chansey|Thunder Wave|p2a: Chansey\n|-fail|p2a: Chansey|par\n|move|p2a: Chansey|Seismic Toss|p1a: Chansey\n|-damage|p1a: Chansey|86/100 par\n|\n|upkeep\n|turn|53\n|\n|t:|1783284100\n|move|p1a: Chansey|Thunder Wave|p2a: Chansey\n|-fail|p2a: Chansey|par\n|move|p2a: Chansey|Thunder Wave|p1a: Chansey\n|-fail|p1a: Chansey|par\n|\n|upkeep\n|turn|54\n|\n|t:|1783284107\n|switch|p1a: Rhydon|Rhydon|100/100 slp\n|cant|p2a: Chansey|par\n|\n|upkeep\n|turn|55\n|\n|t:|1783284115\n|switch|p1a: Chansey|Chansey|86/100 par\n|switch|p2a: Tauros|Tauros|100/100\n|\n|upkeep\n|turn|56\n|\n|t:|1783284118\n|switch|p2a: Chansey|Chansey|100/100 par\n|move|p1a: Chansey|Thunder Wave|p2a: Chansey\n|-fail|p2a: Chansey|par\n|\n|upkeep\n|turn|57\n|\n|t:|1783284138\n|cant|p2a: Chansey|par\n|move|p1a: Chansey|Ice Beam|p2a: Chansey\n|-damage|p2a: Chansey|90/100 par\n|\n|upkeep\n|turn|58\n|\n|t:|1783284141\n|move|p2a: Chansey|Seismic Toss|p1a: Chansey\n|-damage|p1a: Chansey|72/100 par\n|move|p1a: Chansey|Ice Beam|p2a: Chansey\n|-damage|p2a: Chansey|80/100 par\n|\n|upkeep\n|turn|59\n|\n|t:|1783284144\n|move|p1a: Chansey|Soft-Boiled|p1a: Chansey\n|-heal|p1a: Chansey|100/100 par\n|move|p2a: Chansey|Soft-Boiled|p2a: Chansey\n|-heal|p2a: Chansey|100/100 par\n|\n|upkeep\n|turn|60\n|\n|t:|1783284145\n|move|p2a: Chansey|Thunder Wave|p1a: Chansey\n|-fail|p1a: Chansey|par\n|move|p1a: Chansey|Ice Beam|p2a: Chansey\n|-damage|p2a: Chansey|89/100 par\n|\n|upkeep\n|turn|61\n|\n|t:|1783284148\n|move|p1a: Chansey|Ice Beam|p2a: Chansey\n|-crit|p2a: Chansey\n|-damage|p2a: Chansey|68/100 par\n|move|p2a: Chansey|Seismic Toss|p1a: Chansey\n|-damage|p1a: Chansey|86/100 par\n|\n|upkeep\n|turn|62\n|\n|t:|1783284150\n|switch|p1a: Tauros|Tauros|100/100\n|cant|p2a: Chansey|par\n|\n|upkeep\n|turn|63\n|\n|t:|1783284164\n|switch|p2a: Jynx|Jynx|89/100 slp\n|move|p1a: Tauros|Body Slam|p2a: Jynx\n|-damage|p2a: Jynx|37/100 slp\n|\n|upkeep\n|turn|64\n|\n|t:|1783284168\n|move|p1a: Tauros|Body Slam|p2a: Jynx\n|-crit|p2a: Jynx\n|-damage|p2a: Jynx|0 fnt\n|faint|p2a: Jynx\n|\n|t:|1783284174\n|switch|p2a: Cloyster|Cloyster|59/100\n|turn|65\n|inactive|Abucketofchubs has 270 seconds left.\n|\n|t:|1783284226\n|move|p1a: Tauros|Body Slam|p2a: Cloyster\n|-damage|p2a: Cloyster|38/100\n|-status|p2a: Cloyster|par\n|move|p2a: Cloyster|Blizzard|p1a: Tauros\n|-damage|p1a: Tauros|58/100\n|\n|upkeep\n|turn|66\n|\n|t:|1783284249\n|move|p1a: Tauros|Body Slam|p2a: Cloyster\n|-crit|p2a: Cloyster\n|-damage|p2a: Cloyster|0 fnt\n|faint|p2a: Cloyster\n|\n|t:|1783284254\n|switch|p2a: Tauros|Tauros|100/100\n|turn|67\n|inactive|Abucketofchubs has 270 seconds left.\n|\n|t:|1783284261\n|move|p1a: Tauros|Body Slam|p2a: Tauros\n|-damage|p2a: Tauros|71/100\n|move|p2a: Tauros|Body Slam|p1a: Tauros\n|-damage|p1a: Tauros|29/100\n|\n|upkeep\n|turn|68\n|inactive|Abucketofchubs has 270 seconds left.\n|\n|t:|1783284280\n|switch|p1a: Jynx|Jynx|76/100 slp\n|move|p2a: Tauros|Body Slam|p1a: Jynx\n|-crit|p1a: Jynx\n|-damage|p1a: Jynx|0 fnt\n|faint|p1a: Jynx\n|\n|t:|1783284293\n|switch|p1a: Starmie|Starmie|84/100\n|turn|69\n|\n|t:|1783284296\n|switch|p2a: Chansey|Chansey|68/100 par\n|move|p1a: Starmie|Surf|p2a: Chansey\n|-damage|p2a: Chansey|52/100 par\n|\n|upkeep\n|turn|70\n|\n|t:|1783284304\n|switch|p1a: Tauros|Tauros|29/100\n|cant|p2a: Chansey|par\n|\n|upkeep\n|turn|71\n|\n|t:|1783284315\n|switch|p2a: Articuno|Articuno|100/100\n|move|p1a: Tauros|Body Slam|p2a: Articuno\n|-damage|p2a: Articuno|74/100\n|\n|upkeep\n|turn|72\n|\n|t:|1783284322\n|switch|p1a: Cloyster|Cloyster|59/100\n|move|p2a: Articuno|Blizzard|p1a: Cloyster\n|-resisted|p1a: Cloyster\n|-damage|p1a: Cloyster|43/100\n|\n|upkeep\n|turn|73\n|\n|t:|1783284343\n|switch|p2a: Chansey|Chansey|52/100 par\n|move|p1a: Cloyster|Rest|p1a: Cloyster\n|-status|p1a: Cloyster|slp|[from] move: Rest\n|-heal|p1a: Cloyster|100/100 slp|[silent]\n|\n|upkeep\n|turn|74\n|\n|t:|1783284348\n|cant|p1a: Cloyster|slp\n|move|p2a: Chansey|Soft-Boiled|p2a: Chansey\n|-heal|p2a: Chansey|100/100 par\n|\n|upkeep\n|turn|75\n|\n|t:|1783284352\n|-curestatus|p1a: Cloyster|slp|[msg]\n|cant|p2a: Chansey|par\n|\n|upkeep\n|turn|76\n|\n|t:|1783284370\n|switch|p1a: Chansey|Chansey|86/100 par\n|switch|p2a: Articuno|Articuno|74/100\n|\n|upkeep\n|turn|77\n|\n|t:|1783284374\n|switch|p2a: Chansey|Chansey|100/100 par\n|switch|p1a: Cloyster|Cloyster|100/100\n|\n|upkeep\n|turn|78\n|\n|t:|1783284381\n|switch|p1a: Rhydon|Rhydon|100/100 slp\n|cant|p2a: Chansey|par\n|\n|upkeep\n|turn|79\n|\n|t:|1783284384\n|switch|p1a: Tauros|Tauros|29/100\n|switch|p2a: Tauros|Tauros|71/100\n|\n|upkeep\n|turn|80\n|\n|t:|1783284393\n|move|p1a: Tauros|Body Slam|p2a: Tauros\n|-damage|p2a: Tauros|43/100\n|move|p2a: Tauros|Body Slam|p1a: Tauros\n|-damage|p1a: Tauros|1/100\n|\n|upkeep\n|turn|81\n|\n|t:|1783284408\n|move|p2a: Tauros|Body Slam|p1a: Tauros\n|-damage|p1a: Tauros|0 fnt\n|faint|p1a: Tauros\n|\n|t:|1783284416\n|switch|p1a: Cloyster|Cloyster|100/100\n|turn|82\n|\n|t:|1783284427\n|switch|p2a: Chansey|Chansey|100/100 par\n|move|p1a: Cloyster|Blizzard|p2a: Chansey\n|-damage|p2a: Chansey|82/100 par\n|\n|upkeep\n|turn|83\n|\n|t:|1783284457\n|switch|p2a: Articuno|Articuno|74/100\n|move|p1a: Cloyster|Clamp|p2a: Articuno\n|-damage|p2a: Articuno|66/100\n|\n|upkeep\n|turn|84\n|\n|t:|1783284464\n|switch|p2a: Chansey|Chansey|82/100 par\n|move|p1a: Cloyster|Clamp|p2a: Chansey\n|-damage|p2a: Chansey|77/100 par\n|\n|upkeep\n|turn|85\n|\n|t:|1783284474\n|switch|p2a: Articuno|Articuno|66/100\n|move|p1a: Cloyster|Clamp|p2a: Articuno\n|-crit|p2a: Articuno\n|-damage|p2a: Articuno|48/100\n|\n|upkeep\n|turn|86\n|\n|t:|1783284480\n|switch|p2a: Chansey|Chansey|77/100 par\n|move|p1a: Cloyster|Clamp|p2a: Chansey\n|-damage|p2a: Chansey|72/100 par\n|\n|upkeep\n|turn|87\n|\n|t:|1783284486\n|move|p1a: Cloyster|Clamp|p2a: Chansey|[from] Clamp\n|-damage|p2a: Chansey|67/100 par\n|\n|upkeep\n|turn|88\n|\n|t:|1783284500\n|move|p1a: Cloyster|Clamp|p2a: Chansey|[from] Clamp\n|-damage|p2a: Chansey|62/100 par\n|\n|upkeep\n|turn|89\n|\n|t:|1783284504\n|move|p1a: Cloyster|Explosion|p2a: Chansey\n|-damage|p2a: Chansey|0 fnt\n|faint|p2a: Chansey\n|faint|p1a: Cloyster\n|\n|t:|1783284519\n|switch|p1a: Chansey|Chansey|86/100 par\n|switch|p2a: Snorlax|Snorlax|65/100\n|turn|90\n|inactive|TheStupe has 270 seconds left.\n|\n|t:|1783284560\n|switch|p2a: Articuno|Articuno|48/100\n|cant|p1a: Chansey|par\n|\n|upkeep\n|turn|91\n|\n|t:|1783284566\n|move|p2a: Articuno|Blizzard|p1a: Chansey\n|-crit|p1a: Chansey\n|-damage|p1a: Chansey|41/100 par\n|cant|p1a: Chansey|par\n|\n|upkeep\n|turn|92\n|inactive|TheStupe has 270 seconds left.\n|\n|t:|1783284589\n|move|p2a: Articuno|Blizzard|p1a: Chansey\n|-crit|p1a: Chansey\n|-damage|p1a: Chansey|0 fnt\n|faint|p1a: Chansey\n|\n|t:|1783284593\n|switch|p1a: Starmie|Starmie|84/100\n|turn|93\n|\n|t:|1783284601\n|move|p1a: Starmie|Thunderbolt|p2a: Articuno\n|-supereffective|p2a: Articuno\n|-damage|p2a: Articuno|13/100\n|move|p2a: Articuno|Ice Beam|p1a: Starmie\n|-resisted|p1a: Starmie\n|-damage|p1a: Starmie|65/100\n|\n|upkeep\n|turn|94\n|\n|t:|1783284627\n|move|p1a: Starmie|Surf|p2a: Articuno\n|-damage|p2a: Articuno|0 fnt\n|faint|p2a: Articuno\n|\n|t:|1783284629\n|switch|p2a: Snorlax|Snorlax|65/100\n|turn|95\n|inactive|Abucketofchubs has 270 seconds left.\n|inactive|TheStupe has 270 seconds left.\n|\n|t:|1783284669\n|move|p1a: Starmie|Thunder Wave|p2a: Snorlax\n|-status|p2a: Snorlax|par\n|move|p2a: Snorlax|Body Slam|p1a: Starmie\n|-damage|p1a: Starmie|27/100\n|-status|p1a: Starmie|par\n|\n|upkeep\n|turn|96\n|\n|t:|1783284676\n|move|p1a: Starmie|Recover|p1a: Starmie\n|-heal|p1a: Starmie|77/100 par\n|cant|p2a: Snorlax|par\n|\n|upkeep\n|turn|97\n|\n|t:|1783284685\n|switch|p1a: Rhydon|Rhydon|100/100 slp\n|move|p2a: Snorlax|Body Slam|p1a: Rhydon\n|-resisted|p1a: Rhydon\n|-damage|p1a: Rhydon|90/100 slp\n|\n|upkeep\n|turn|98\n|\n|t:|1783284699\n|cant|p1a: Rhydon|slp\n|move|p2a: Snorlax|Earthquake|p1a: Rhydon\n|-supereffective|p1a: Rhydon\n|-damage|p1a: Rhydon|51/100 slp\n|\n|upkeep\n|turn|99\n|\n|t:|1783284704\n|-curestatus|p1a: Rhydon|slp|[msg]\n|cant|p2a: Snorlax|par\n|\n|upkeep\n|turn|100\n|\n|t:|1783284709\n|move|p1a: Rhydon|Earthquake|p2a: Snorlax\n|-damage|p2a: Snorlax|30/100 par\n|move|p2a: Snorlax|Earthquake|p1a: Rhydon\n|-supereffective|p1a: Rhydon\n|-damage|p1a: Rhydon|16/100\n|\n|upkeep\n|turn|101\n|\n|t:|1783284734\n|move|p1a: Rhydon|Earthquake|p2a: Snorlax\n|-damage|p2a: Snorlax|0 fnt\n|faint|p2a: Snorlax\n|\n|t:|1783284736\n|switch|p2a: Tauros|Tauros|43/100\n|turn|102\n|\n|t:|1783284740\n|move|p2a: Tauros|Earthquake|p1a: Rhydon|[miss]\n|-miss|p2a: Tauros\n|-hint|In Gen 1, moves with 100% accuracy can still miss 1/256 of the time.\n|move|p1a: Rhydon|Earthquake|p2a: Tauros\n|-damage|p2a: Tauros|2/100\n|\n|upkeep\n|turn|103\n|\n|t:|1783284744\n|move|p2a: Tauros|Earthquake|p1a: Rhydon\n|-supereffective|p1a: Rhydon\n|-damage|p1a: Rhydon|0 fnt\n|faint|p1a: Rhydon\n|\n|t:|1783284747\n|switch|p1a: Starmie|Starmie|77/100 par\n|turn|104\n|\n|t:|1783284749\n|move|p2a: Tauros|Thunderbolt|p1a: Starmie\n|-supereffective|p1a: Starmie\n|-damage|p1a: Starmie|42/100 par\n|move|p1a: Starmie|Surf|p2a: Tauros\n|-crit|p2a: Tauros\n|-damage|p2a: Tauros|0 fnt\n|faint|p2a: Tauros\n|\n|win|Abucketofchubs\n|c|☆Abucketofchubs|Yo\n|c|☆TheStupe|gg\n|c|☆Abucketofchubs|you there\n|c|☆TheStupe|Yeah\n|c|☆Abucketofchubs|Hate to do this to you but can we finish this in a couple hours? Got family agro\n|c|☆Abucketofchubs|save the games? \n|c|☆TheStupe|Righto\n|c|☆Abucketofchubs|I lost them from disconnect \n","uploadtime":1783284749,"views":"71","formatid":"gen1ou","rating":null,"private":0,"password":null}