{"id":"smogtours-gen1ou-945407","format":"[Gen 1] OU","players":["YBW","Soda Krys"],"log":"|inactive|Battle timer is ON: inactive players will automatically lose when time's up.\n|t:|1781200956\n|gametype|singles\n|player|p1|YBW|#rbtt9moons|\n|player|p2|Soda Krys|gwynn|\n|gen|1\n|tier|[Gen 1] OU\n|rule|Desync Clause Mod: Desyncs changed to move failure.\n|rule|HP Percentage Mod: HP is shown in percentages\n|rule|Endless Battle Clause: Forcing endless battles is banned\n|rule|Sleep Clause Mod: Limit one foe put to sleep\n|rule|Freeze Clause Mod: Limit one foe frozen\n|rule|Species Clause: Limit one of each Pokémon\n|rule|OHKO Clause: OHKO moves are banned\n|rule|Evasion Moves Clause: Evasion moves are banned\n|\n|t:|1781200956\n|teamsize|p1|6\n|teamsize|p2|6\n|start\n|switch|p1a: Alakazam|Alakazam|100/100\n|switch|p2a: Shouko Komi|Gengar|100/100\n|turn|1\n|c|☆YBW|hf\n|c|☆Soda Krys|jesus fucking christ i labeled this team wrong\n|\n|t:|1781200974\n|switch|p1a: Exeggutor|Exeggutor|100/100\n|switch|p2a: Nene Onemine|Exeggutor|100/100\n|\n|upkeep\n|turn|2\n|\n|t:|1781200979\n|switch|p2a: Shouko Komi|Gengar|100/100\n|move|p1a: Exeggutor|Sleep Powder|p2a: Shouko Komi|[miss]\n|-miss|p1a: Exeggutor\n|\n|upkeep\n|turn|3\n|\n|t:|1781200986\n|move|p2a: Shouko Komi|Hypnosis|p1a: Exeggutor\n|-status|p1a: Exeggutor|slp|[from] move: Hypnosis\n|-curestatus|p1a: Exeggutor|slp|[msg]\n|\n|upkeep\n|turn|4\n|\n|t:|1781200990\n|move|p2a: Shouko Komi|Hypnosis|p1a: Exeggutor\n|-status|p1a: Exeggutor|slp|[from] move: Hypnosis\n|-curestatus|p1a: Exeggutor|slp|[msg]\n|\n|upkeep\n|turn|5\n|\n|t:|1781200994\n|move|p2a: Shouko Komi|Hypnosis|p1a: Exeggutor\n|-status|p1a: Exeggutor|slp|[from] move: Hypnosis\n|cant|p1a: Exeggutor|slp\n|\n|upkeep\n|turn|6\n|\n|t:|1781200999\n|move|p2a: Shouko Komi|Night Shade|p1a: Exeggutor\n|-damage|p1a: Exeggutor|75/100 slp\n|cant|p1a: Exeggutor|slp\n|\n|upkeep\n|turn|7\n|\n|t:|1781201003\n|move|p2a: Shouko Komi|Night Shade|p1a: Exeggutor\n|-damage|p1a: Exeggutor|50/100 slp\n|cant|p1a: Exeggutor|slp\n|\n|upkeep\n|turn|8\n|\n|t:|1781201008\n|switch|p1a: Alakazam|Alakazam|100/100\n|move|p2a: Shouko Komi|Night Shade|p1a: Alakazam\n|-damage|p1a: Alakazam|69/100\n|\n|upkeep\n|turn|9\n|\n|t:|1781201015\n|switch|p2a: Rumiko Manbagi|Chansey|100/100\n|move|p1a: Alakazam|Psychic|p2a: Rumiko Manbagi\n|-damage|p2a: Rumiko Manbagi|83/100\n|\n|upkeep\n|turn|10\n|\n|t:|1781201019\n|move|p1a: Alakazam|Thunder Wave|p2a: Rumiko Manbagi\n|-status|p2a: Rumiko Manbagi|par\n|move|p2a: Rumiko Manbagi|Thunder Wave|p1a: Alakazam\n|-status|p1a: Alakazam|par\n|\n|upkeep\n|turn|11\n|\n|t:|1781201025\n|move|p1a: Alakazam|Recover|p1a: Alakazam\n|-heal|p1a: Alakazam|100/100 par\n|move|p2a: Rumiko Manbagi|Soft-Boiled|p2a: Rumiko Manbagi\n|-heal|p2a: Rumiko Manbagi|100/100 par\n|\n|upkeep\n|turn|12\n|\n|t:|1781201029\n|move|p1a: Alakazam|Psychic|p2a: Rumiko Manbagi\n|-crit|p2a: Rumiko Manbagi\n|-damage|p2a: Rumiko Manbagi|65/100 par\n|-unboost|p2a: Rumiko Manbagi|spa|1\n|-unboost|p2a: Rumiko Manbagi|spd|1\n|move|p2a: Rumiko Manbagi|Ice Beam|p1a: Alakazam\n|-damage|p1a: Alakazam|88/100 par\n|\n|upkeep\n|turn|13\n|\n|t:|1781201035\n|move|p1a: Alakazam|Psychic|p2a: Rumiko Manbagi\n|-damage|p2a: Rumiko Manbagi|36/100 par\n|-unboost|p2a: Rumiko Manbagi|spa|1\n|-unboost|p2a: Rumiko Manbagi|spd|1\n|cant|p2a: Rumiko Manbagi|par\n|\n|upkeep\n|turn|14\n|\n|t:|1781201041\n|switch|p2a: Nene Onemine|Exeggutor|100/100\n|move|p1a: Alakazam|Psychic|p2a: Nene Onemine\n|-crit|p2a: Nene Onemine\n|-resisted|p2a: Nene Onemine\n|-damage|p2a: Nene Onemine|75/100\n|\n|upkeep\n|turn|15\n|\n|t:|1781201046\n|switch|p2a: Rumiko Manbagi|Chansey|36/100 par\n|move|p1a: Alakazam|Seismic Toss|p2a: Rumiko Manbagi\n|-damage|p2a: Rumiko Manbagi|21/100 par\n|\n|upkeep\n|turn|16\n|\n|t:|1781201052\n|switch|p1a: Snorlax|Snorlax|100/100\n|move|p2a: Rumiko Manbagi|Soft-Boiled|p2a: Rumiko Manbagi\n|-heal|p2a: Rumiko Manbagi|71/100 par\n|\n|upkeep\n|turn|17\n|\n|t:|1781201058\n|move|p1a: Snorlax|Earthquake|p2a: Rumiko Manbagi\n|-damage|p2a: Rumiko Manbagi|37/100 par\n|cant|p2a: Rumiko Manbagi|par\n|\n|upkeep\n|turn|18\n|\n|t:|1781201062\n|switch|p2a: Hitohito Todano|Snorlax|100/100\n|move|p1a: Snorlax|Body Slam|p2a: Hitohito Todano\n|-damage|p2a: Hitohito Todano|74/100\n|\n|upkeep\n|turn|19\n|\n|t:|1781201065\n|move|p2a: Hitohito Todano|Reflect|p2a: Hitohito Todano\n|-start|p2a: Hitohito Todano|Reflect\n|move|p1a: Snorlax|Counter|p2a: Hitohito Todano\n|-fail|p1a: Snorlax\n|\n|upkeep\n|turn|20\n|\n|t:|1781201069\n|move|p2a: Hitohito Todano|Ice Beam|p1a: Snorlax\n|-crit|p1a: Snorlax\n|-damage|p1a: Snorlax|73/100\n|-status|p1a: Snorlax|frz\n|cant|p1a: Snorlax|frz\n|\n|upkeep\n|turn|21\n|c|☆YBW|yeah\n|c|☆YBW|memest series oat\n|c|☆Soda Krys|unserious game sorry\n|\n|t:|1781201088\n|switch|p1a: Chansey|Chansey|100/100\n|move|p2a: Hitohito Todano|Body Slam|p1a: Chansey\n|-damage|p1a: Chansey|58/100\n|\n|upkeep\n|turn|22\n|\n|t:|1781201094\n|switch|p2a: Shouko Komi|Gengar|100/100\n|move|p1a: Chansey|Soft-Boiled|p1a: Chansey\n|-heal|p1a: Chansey|100/100\n|\n|upkeep\n|turn|23\n|\n|t:|1781201104\n|switch|p1a: Alakazam|Alakazam|88/100 par\n|move|p2a: Shouko Komi|Night Shade|p1a: Alakazam\n|-damage|p1a: Alakazam|56/100 par\n|\n|upkeep\n|turn|24\n|\n|t:|1781201110\n|switch|p2a: Hitohito Todano|Snorlax|74/100\n|move|p1a: Alakazam|Recover|p1a: Alakazam\n|-heal|p1a: Alakazam|100/100 par\n|\n|upkeep\n|turn|25\n|\n|t:|1781201115\n|switch|p1a: Chansey|Chansey|100/100\n|move|p2a: Hitohito Todano|Body Slam|p1a: Chansey\n|-damage|p1a: Chansey|62/100\n|\n|upkeep\n|turn|26\n|\n|t:|1781201120\n|move|p1a: Chansey|Soft-Boiled|p1a: Chansey\n|-heal|p1a: Chansey|100/100\n|move|p2a: Hitohito Todano|Body Slam|p1a: Chansey\n|-damage|p1a: Chansey|60/100\n|\n|upkeep\n|turn|27\n|\n|t:|1781201125\n|switch|p2a: Rumiko Manbagi|Chansey|37/100 par\n|move|p1a: Chansey|Thunder Wave|p2a: Rumiko Manbagi\n|-fail|p2a: Rumiko Manbagi|par\n|\n|upkeep\n|turn|28\n|\n|t:|1781201130\n|switch|p1a: Alakazam|Alakazam|100/100 par\n|move|p2a: Rumiko Manbagi|Thunder Wave|p1a: Alakazam\n|-fail|p1a: Alakazam|par\n|\n|upkeep\n|turn|29\n|\n|t:|1781201137\n|move|p1a: Alakazam|Psychic|p2a: Rumiko Manbagi\n|-damage|p2a: Rumiko Manbagi|19/100 par\n|move|p2a: Rumiko Manbagi|Soft-Boiled|p2a: Rumiko Manbagi\n|-heal|p2a: Rumiko Manbagi|69/100 par\n|\n|upkeep\n|turn|30\n|\n|t:|1781201141\n|move|p1a: Alakazam|Psychic|p2a: Rumiko Manbagi\n|-crit|p2a: Rumiko Manbagi\n|-damage|p2a: Rumiko Manbagi|36/100 par\n|move|p2a: Rumiko Manbagi|Soft-Boiled|p2a: Rumiko Manbagi\n|-heal|p2a: Rumiko Manbagi|86/100 par\n|\n|upkeep\n|turn|31\n|\n|t:|1781201144\n|switch|p2a: Nene Onemine|Exeggutor|75/100\n|move|p1a: Alakazam|Psychic|p2a: Nene Onemine\n|-crit|p2a: Nene Onemine\n|-resisted|p2a: Nene Onemine\n|-damage|p2a: Nene Onemine|49/100\n|-unboost|p2a: Nene Onemine|spa|1\n|-unboost|p2a: Nene Onemine|spd|1\n|\n|upkeep\n|turn|32\n|\n|t:|1781201156\n|switch|p1a: Exeggutor|Exeggutor|50/100 slp\n|move|p2a: Nene Onemine|Psychic|p1a: Exeggutor\n|-resisted|p1a: Exeggutor\n|-damage|p1a: Exeggutor|41/100 slp\n|\n|upkeep\n|turn|33\n|\n|t:|1781201161\n|switch|p2a: Najimi Osana|Tauros|100/100\n|switch|p1a: Chansey|Chansey|60/100\n|\n|upkeep\n|turn|34\n|\n|t:|1781201178\n|move|p2a: Najimi Osana|Body Slam|p1a: Chansey\n|-damage|p1a: Chansey|23/100\n|move|p1a: Chansey|Thunder Wave|p2a: Najimi Osana\n|-status|p2a: Najimi Osana|par\n|\n|upkeep\n|turn|35\n|\n|t:|1781201185\n|move|p1a: Chansey|Soft-Boiled|p1a: Chansey\n|-heal|p1a: Chansey|73/100\n|cant|p2a: Najimi Osana|par\n|\n|upkeep\n|turn|36\n|\n|t:|1781201195\n|switch|p1a: Snorlax|Snorlax|73/100 frz\n|switch|p2a: Rumiko Manbagi|Chansey|86/100 par\n|\n|upkeep\n|turn|37\n|\n|t:|1781201201\n|switch|p1a: Alakazam|Alakazam|100/100 par\n|switch|p2a: Shouko Komi|Gengar|100/100\n|\n|upkeep\n|turn|38\n|\n|t:|1781201206\n|move|p2a: Shouko Komi|Explosion|p1a: Alakazam\n|-damage|p1a: Alakazam|5/100 par\n|faint|p2a: Shouko Komi\n|\n|t:|1781201212\n|switch|p2a: Nene Onemine|Exeggutor|49/100\n|turn|39\n|\n|t:|1781201223\n|switch|p1a: Chansey|Chansey|73/100\n|move|p2a: Nene Onemine|Psychic|p1a: Chansey\n|-damage|p1a: Chansey|55/100\n|\n|upkeep\n|turn|40\n|\n|t:|1781201227\n|move|p2a: Nene Onemine|Stun Spore|p1a: Chansey\n|-status|p1a: Chansey|par\n|cant|p1a: Chansey|par\n|\n|upkeep\n|turn|41\n|\n|t:|1781201231\n|move|p2a: Nene Onemine|Psychic|p1a: Chansey\n|-damage|p1a: Chansey|39/100 par\n|move|p1a: Chansey|Soft-Boiled|p1a: Chansey\n|-heal|p1a: Chansey|89/100 par\n|\n|upkeep\n|turn|42\n|\n|t:|1781201236\n|move|p2a: Nene Onemine|Explosion|p1a: Chansey\n|-damage|p1a: Chansey|0 fnt\n|faint|p1a: Chansey\n|faint|p2a: Nene Onemine\n|\n|t:|1781201243\n|switch|p2a: Kaede Otori|Zapdos|100/100\n|switch|p1a: Tauros|Tauros|100/100\n|turn|43\n|\n|t:|1781201249\n|switch|p1a: Nidoking|Nidoking|100/100\n|move|p2a: Kaede Otori|Drill Peck|p1a: Nidoking\n|-crit|p1a: Nidoking\n|-damage|p1a: Nidoking|42/100\n|\n|upkeep\n|turn|44\n|\n|t:|1781201257\n|move|p2a: Kaede Otori|Drill Peck|p1a: Nidoking\n|-damage|p1a: Nidoking|16/100\n|move|p1a: Nidoking|Blizzard|p2a: Kaede Otori|[miss]\n|-miss|p1a: Nidoking\n|\n|upkeep\n|turn|45\n|c|☆YBW|gj nico\n|c|☆YBW|nido\n|\n|t:|1781201271\n|move|p2a: Kaede Otori|Drill Peck|p1a: Nidoking\n|-crit|p1a: Nidoking\n|-damage|p1a: Nidoking|0 fnt\n|faint|p1a: Nidoking\n|\n|t:|1781201280\n|switch|p1a: Tauros|Tauros|100/100\n|turn|46\n|\n|t:|1781201283\n|move|p1a: Tauros|Blizzard|p2a: Kaede Otori\n|-supereffective|p2a: Kaede Otori\n|-damage|p2a: Kaede Otori|65/100\n|move|p2a: Kaede Otori|Thunder Wave|p1a: Tauros\n|-status|p1a: Tauros|par\n|\n|upkeep\n|turn|47\n|c|☆YBW|ggs\n|-message|YBW forfeited.\n|\n|win|Soda Krys\n|c|☆Soda Krys|gg sorry\n|c|☆YBW|gl in tour\n|c|☆YBW|all g\n|c|☆Soda Krys|ty o7\n|player|p1|\n","uploadtime":1781201290,"views":"161","formatid":"gen1ou","rating":null,"private":0,"password":null}