{"id":"smogtours-gen1ou-956815","format":"[Gen 1] OU","players":["wooooo rby","RoboKyII"],"log":"|inactive|Battle timer is ON: inactive players will automatically lose when time's up.\n|t:|1784363874\n|gametype|singles\n|player|p1|wooooo rby|lucas|\n|player|p2|RoboKyII|rosa-pokestar3|\n|gen|1\n|tier|[Gen 1] OU\n|rule|Desync Clause Mod: Desyncs resolve to link battle behavior from the acting player's perspective.\n|rule|HP Percentage Mod: HP is shown in percentages\n|rule|Endless Battle Clause: Forcing endless battles is banned\n|rule|Sleep Clause Mod: Limit one foe put to sleep\n|rule|Freeze Clause Mod: Limit one foe frozen\n|rule|Species Clause: Limit one of each Pokémon\n|rule|OHKO Clause: OHKO moves are banned\n|rule|Evasion Moves Clause: Evasion moves are banned\n|\n|t:|1784363874\n|teamsize|p1|6\n|teamsize|p2|6\n|start\n|switch|p1a: Jynx|Jynx|100/100\n|switch|p2a: Jynx|Jynx|100/100\n|turn|1\n|c|☆RoboKyII|glhf\n|c|☆wooooo rby|hf\n|inactive|wooooo rby has 270 seconds left.\n|\n|t:|1784363905\n|move|p2a: Jynx|Lovely Kiss|p1a: Jynx\n|-status|p1a: Jynx|slp|[from] move: Lovely Kiss\n|cant|p1a: Jynx|slp\n|\n|upkeep\n|turn|2\n|\n|t:|1784363912\n|switch|p2a: Tauros|Tauros|100/100\n|-curestatus|p1a: Jynx|slp|[msg]\n|\n|upkeep\n|turn|3\n|\n|t:|1784363918\n|switch|p2a: Jynx|Jynx|100/100\n|move|p1a: Jynx|Lovely Kiss|p2a: Jynx|[miss]\n|-miss|p1a: Jynx\n|\n|upkeep\n|turn|4\n|\n|t:|1784363924\n|move|p2a: Jynx|Lovely Kiss|p1a: Jynx|[miss]\n|-miss|p2a: Jynx\n|move|p1a: Jynx|Lovely Kiss|p2a: Jynx\n|-status|p2a: Jynx|slp|[from] move: Lovely Kiss\n|\n|upkeep\n|turn|5\n|\n|t:|1784363930\n|move|p1a: Jynx|Blizzard|p2a: Jynx\n|-resisted|p2a: Jynx\n|-damage|p2a: Jynx|81/100 slp\n|cant|p2a: Jynx|slp\n|\n|upkeep\n|turn|6\n|\n|t:|1784363936\n|move|p1a: Jynx|Body Slam|p2a: Jynx\n|-damage|p2a: Jynx|59/100 slp\n|-curestatus|p2a: Jynx|slp|[msg]\n|\n|upkeep\n|turn|7\n|\n|t:|1784363943\n|move|p1a: Jynx|Lovely Kiss|p2a: Jynx|[miss]\n|-miss|p1a: Jynx\n|move|p2a: Jynx|Lovely Kiss|p1a: Jynx|[miss]\n|-miss|p2a: Jynx\n|\n|upkeep\n|turn|8\n|\n|t:|1784363949\n|move|p1a: Jynx|Lovely Kiss|p2a: Jynx|[miss]\n|-miss|p1a: Jynx\n|move|p2a: Jynx|Lovely Kiss|p1a: Jynx\n|-status|p1a: Jynx|slp|[from] move: Lovely Kiss\n|\n|upkeep\n|turn|9\n|c|☆RoboKyII|9 turn jynx mirror \n|\n|t:|1784363963\n|cant|p1a: Jynx|slp\n|move|p2a: Jynx|Rest|p2a: Jynx\n|-status|p2a: Jynx|slp|[from] move: Rest\n|-heal|p2a: Jynx|100/100 slp|[silent]\n|\n|upkeep\n|turn|10\n|\n|t:|1784363969\n|switch|p2a: Tauros|Tauros|100/100\n|cant|p1a: Jynx|slp\n|\n|upkeep\n|turn|11\n|\n|t:|1784363975\n|switch|p1a: Snorlax|Snorlax|100/100\n|move|p2a: Tauros|Body Slam|p1a: Snorlax\n|-crit|p1a: Snorlax\n|-damage|p1a: Snorlax|52/100\n|\n|upkeep\n|turn|12\n|\n|t:|1784363993\n|move|p2a: Tauros|Blizzard|p1a: Snorlax\n|-damage|p1a: Snorlax|34/100\n|move|p1a: Snorlax|Counter|p2a: Tauros\n|-fail|p1a: Snorlax\n|\n|upkeep\n|turn|13\n|inactive|RoboKyII has 270 seconds left.\n|\n|t:|1784364026\n|switch|p1a: Starmie|Starmie|100/100\n|move|p2a: Tauros|Hyper Beam|p1a: Starmie\n|-damage|p1a: Starmie|35/100\n|-mustrecharge|p2a: Tauros\n|\n|upkeep\n|turn|14\n|inactive|RoboKyII has 270 seconds left.\n|\n|t:|1784364032\n|move|p1a: Starmie|Thunder Wave|p2a: Tauros\n|-status|p2a: Tauros|par\n|cant|p2a: Tauros|recharge\n|\n|upkeep\n|turn|15\n|\n|t:|1784364038\n|move|p1a: Starmie|Recover|p1a: Starmie\n|-heal|p1a: Starmie|85/100\n|cant|p2a: Tauros|par\n|\n|upkeep\n|turn|16\n|\n|t:|1784364044\n|switch|p2a: Chansey|Chansey|100/100\n|move|p1a: Starmie|Blizzard|p2a: Chansey\n|-crit|p2a: Chansey\n|-damage|p2a: Chansey|76/100\n|\n|upkeep\n|turn|17\n|\n|t:|1784364051\n|switch|p1a: Jynx|Jynx|100/100 slp\n|move|p2a: Chansey|Thunderbolt|p1a: Jynx\n|-damage|p1a: Jynx|78/100 slp\n|\n|upkeep\n|turn|18\n|\n|t:|1784364062\n|switch|p1a: Exeggutor|Exeggutor|100/100\n|switch|p2a: Snorlax|Snorlax|100/100\n|\n|upkeep\n|turn|19\n|\n|t:|1784364070\n|switch|p2a: Jynx|Jynx|100/100 slp\n|move|p1a: Exeggutor|Sleep Powder|p2a: Jynx\n|-fail|p2a: Jynx|slp\n|\n|upkeep\n|turn|20\n|\n|t:|1784364076\n|switch|p2a: Chansey|Chansey|76/100\n|switch|p1a: Tauros|Tauros|100/100\n|\n|upkeep\n|turn|21\n|\n|t:|1784364085\n|switch|p1a: Jynx|Jynx|78/100 slp\n|move|p2a: Chansey|Thunder Wave|p1a: Jynx\n|-fail|p1a: Jynx\n|\n|upkeep\n|turn|22\n|\n|t:|1784364092\n|cant|p1a: Jynx|slp\n|move|p2a: Chansey|Thunderbolt|p1a: Jynx\n|-damage|p1a: Jynx|54/100 slp\n|\n|upkeep\n|turn|23\n|\n|t:|1784364098\n|switch|p2a: Snorlax|Snorlax|100/100\n|cant|p1a: Jynx|slp\n|\n|upkeep\n|turn|24\n|\n|t:|1784364104\n|switch|p1a: Starmie|Starmie|85/100\n|move|p2a: Snorlax|Body Slam|p1a: Starmie\n|-damage|p1a: Starmie|46/100\n|\n|upkeep\n|turn|25\n|\n|t:|1784364111\n|move|p1a: Starmie|Recover|p1a: Starmie\n|-heal|p1a: Starmie|96/100\n|move|p2a: Snorlax|Body Slam|p1a: Starmie\n|-damage|p1a: Starmie|61/100\n|-status|p1a: Starmie|par\n|\n|upkeep\n|turn|26\n|\n|t:|1784364118\n|switch|p2a: Chansey|Chansey|76/100\n|move|p1a: Starmie|Recover|p1a: Starmie\n|-heal|p1a: Starmie|100/100 par\n|\n|upkeep\n|turn|27\n|\n|t:|1784364130\n|move|p2a: Chansey|Thunder Wave|p1a: Starmie\n|-fail|p1a: Starmie|par\n|move|p1a: Starmie|Thunder Wave|p2a: Chansey\n|-status|p2a: Chansey|par\n|\n|upkeep\n|turn|28\n|\n|t:|1784364148\n|switch|p1a: Snorlax|Snorlax|34/100\n|move|p2a: Chansey|Thunderbolt|p1a: Snorlax\n|-damage|p1a: Snorlax|14/100\n|\n|upkeep\n|turn|29\n|\n|t:|1784364154\n|switch|p2a: Jynx|Jynx|100/100 slp\n|move|p1a: Snorlax|Body Slam|p2a: Jynx\n|-damage|p2a: Jynx|43/100 slp\n|\n|upkeep\n|turn|30\n|\n|t:|1784364160\n|switch|p2a: Snorlax|Snorlax|100/100\n|move|p1a: Snorlax|Body Slam|p2a: Snorlax\n|-damage|p2a: Snorlax|74/100\n|\n|upkeep\n|turn|31\n|\n|t:|1784364171\n|switch|p1a: Starmie|Starmie|100/100 par\n|move|p2a: Snorlax|Reflect|p2a: Snorlax\n|-start|p2a: Snorlax|Reflect\n|\n|upkeep\n|turn|32\n|\n|t:|1784364179\n|move|p2a: Snorlax|Body Slam|p1a: Starmie\n|-crit|p1a: Starmie\n|-damage|p1a: Starmie|26/100 par\n|move|p1a: Starmie|Thunder Wave|p2a: Snorlax\n|-status|p2a: Snorlax|par\n|\n|upkeep\n|turn|33\n|\n|t:|1784364185\n|move|p1a: Starmie|Recover|p1a: Starmie\n|-heal|p1a: Starmie|75/100 par\n|move|p2a: Snorlax|Body Slam|p1a: Starmie\n|-damage|p1a: Starmie|38/100 par\n|\n|upkeep\n|turn|34\n|\n|t:|1784364191\n|cant|p1a: Starmie|par\n|move|p2a: Snorlax|Body Slam|p1a: Starmie\n|-damage|p1a: Starmie|0 fnt\n|faint|p1a: Starmie\n|\n|t:|1784364198\n|switch|p1a: Exeggutor|Exeggutor|100/100\n|turn|35\n|\n|t:|1784364206\n|move|p1a: Exeggutor|Psychic|p2a: Snorlax\n|-crit|p2a: Snorlax\n|-damage|p2a: Snorlax|11/100 par\n|cant|p2a: Snorlax|par\n|\n|upkeep\n|turn|36\n|\n|t:|1784364214\n|switch|p2a: Chansey|Chansey|76/100 par\n|move|p1a: Exeggutor|Psychic|p2a: Chansey\n|-damage|p2a: Chansey|58/100 par\n|\n|upkeep\n|turn|37\n|\n|t:|1784364224\n|switch|p1a: Jynx|Jynx|54/100 slp\n|cant|p2a: Chansey|par\n|\n|upkeep\n|turn|38\n|\n|t:|1784364230\n|switch|p2a: Snorlax|Snorlax|11/100 par\n|cant|p1a: Jynx|slp\n|\n|upkeep\n|turn|39\n|\n|t:|1784364238\n|switch|p1a: Tauros|Tauros|100/100\n|move|p2a: Snorlax|Rest|p2a: Snorlax\n|-status|p2a: Snorlax|slp|[from] move: Rest\n|-heal|p2a: Snorlax|100/100 slp|[silent]\n|\n|upkeep\n|turn|40\n|c|☆RoboKyII|mb\n|\n|t:|1784364257\n|move|p1a: Tauros|Body Slam|p2a: Snorlax\n|-damage|p2a: Snorlax|75/100 slp\n|cant|p2a: Snorlax|slp\n|\n|upkeep\n|turn|41\n|\n|t:|1784364265\n|move|p1a: Tauros|Body Slam|p2a: Snorlax\n|-damage|p2a: Snorlax|52/100 slp\n|-curestatus|p2a: Snorlax|slp|[msg]\n|\n|upkeep\n|turn|42\n|\n|t:|1784364274\n|switch|p2a: Jynx|Jynx|43/100 slp\n|move|p1a: Tauros|Body Slam|p2a: Jynx\n|-crit|p2a: Jynx\n|-damage|p2a: Jynx|0 fnt\n|faint|p2a: Jynx\n|\n|t:|1784364287\n|switch|p2a: Moltres|Moltres|100/100\n|turn|43\n|\n|t:|1784364308\n|switch|p1a: Jynx|Jynx|54/100 slp\n|move|p2a: Moltres|Agility|p2a: Moltres\n|-boost|p2a: Moltres|spe|2\n|\n|upkeep\n|turn|44\n|\n|t:|1784364316\n|move|p2a: Moltres|Fire Blast|p1a: Jynx\n|-supereffective|p1a: Jynx\n|-damage|p1a: Jynx|0 fnt\n|faint|p1a: Jynx\n|\n|t:|1784364318\n|switch|p1a: Zapdos|Zapdos|100/100\n|turn|45\n|\n|t:|1784364330\n|move|p2a: Moltres|Fire Blast|p1a: Zapdos\n|-damage|p1a: Zapdos|66/100\n|move|p1a: Zapdos|Thunder Wave|p2a: Moltres\n|-status|p2a: Moltres|par\n|\n|upkeep\n|turn|46\n|\n|t:|1784364339\n|switch|p2a: Chansey|Chansey|58/100 par\n|move|p1a: Zapdos|Thunderbolt|p2a: Chansey\n|-damage|p2a: Chansey|40/100 par\n|\n|upkeep\n|turn|47\n|\n|t:|1784364345\n|move|p1a: Zapdos|Drill Peck|p2a: Chansey\n|-damage|p2a: Chansey|6/100 par\n|move|p2a: Chansey|Thunder Wave|p1a: Zapdos\n|-status|p1a: Zapdos|par\n|\n|upkeep\n|turn|48\n|\n|t:|1784364351\n|move|p1a: Zapdos|Thunderbolt|p2a: Chansey\n|-damage|p2a: Chansey|0 fnt\n|faint|p2a: Chansey\n|\n|t:|1784364354\n|switch|p2a: Snorlax|Snorlax|52/100\n|turn|49\n|\n|t:|1784364364\n|move|p2a: Snorlax|Body Slam|p1a: Zapdos\n|-damage|p1a: Zapdos|34/100 par\n|cant|p1a: Zapdos|par\n|\n|upkeep\n|turn|50\n|\n|t:|1784364371\n|move|p2a: Snorlax|Body Slam|p1a: Zapdos\n|-damage|p1a: Zapdos|4/100 par\n|move|p1a: Zapdos|Agility|p1a: Zapdos\n|-boost|p1a: Zapdos|spe|2\n|\n|upkeep\n|turn|51\n|\n|t:|1784364377\n|move|p1a: Zapdos|Thunderbolt|p2a: Snorlax\n|-crit|p2a: Snorlax\n|-damage|p2a: Snorlax|0 fnt\n|faint|p2a: Snorlax\n|\n|t:|1784364388\n|switch|p2a: Moltres|Moltres|100/100 par\n|turn|52\n|\n|t:|1784364394\n|move|p1a: Zapdos|Thunderbolt|p2a: Moltres\n|-supereffective|p2a: Moltres\n|-damage|p2a: Moltres|42/100 par\n|move|p2a: Moltres|Agility|p2a: Moltres\n|-boost|p2a: Moltres|spe|2\n|\n|upkeep\n|turn|53\n|\n|t:|1784364401\n|cant|p2a: Moltres|par\n|move|p1a: Zapdos|Agility|p1a: Zapdos\n|-boost|p1a: Zapdos|spe|2\n|\n|upkeep\n|turn|54\n|\n|t:|1784364407\n|move|p1a: Zapdos|Thunderbolt|p2a: Moltres\n|-crit|p2a: Moltres\n|-supereffective|p2a: Moltres\n|-damage|p2a: Moltres|0 fnt\n|faint|p2a: Moltres\n|\n|t:|1784364412\n|switch|p2a: Starmie|Starmie|100/100\n|turn|55\n|\n|t:|1784364417\n|move|p1a: Zapdos|Thunder Wave|p2a: Starmie\n|-status|p2a: Starmie|par\n|move|p2a: Starmie|Surf|p1a: Zapdos\n|-damage|p1a: Zapdos|0 fnt\n|faint|p1a: Zapdos\n|\n|t:|1784364420\n|switch|p1a: Snorlax|Snorlax|14/100\n|turn|56\n|\n|t:|1784364426\n|switch|p2a: Tauros|Tauros|100/100 par\n|move|p1a: Snorlax|Self-Destruct|p2a: Tauros\n|-damage|p2a: Tauros|5/100 par\n|faint|p1a: Snorlax\n|\n|t:|1784364441\n|switch|p1a: Exeggutor|Exeggutor|100/100\n|turn|57\n|\n|t:|1784364450\n|switch|p2a: Starmie|Starmie|100/100 par\n|move|p1a: Exeggutor|Psychic|p2a: Starmie\n|-resisted|p2a: Starmie\n|-damage|p2a: Starmie|81/100 par\n|\n|upkeep\n|turn|58\n|\n|t:|1784364456\n|move|p1a: Exeggutor|Psychic|p2a: Starmie\n|-resisted|p2a: Starmie\n|-damage|p2a: Starmie|62/100 par\n|move|p2a: Starmie|Thunder Wave|p1a: Exeggutor\n|-status|p1a: Exeggutor|par\n|\n|upkeep\n|turn|59\n|\n|t:|1784364462\n|move|p2a: Starmie|Surf|p1a: Exeggutor\n|-crit|p1a: Exeggutor\n|-resisted|p1a: Exeggutor\n|-damage|p1a: Exeggutor|77/100 par\n|cant|p1a: Exeggutor|par\n|\n|upkeep\n|turn|60\n|\n|t:|1784364471\n|move|p2a: Starmie|Surf|p1a: Exeggutor\n|-crit|p1a: Exeggutor\n|-resisted|p1a: Exeggutor\n|-damage|p1a: Exeggutor|54/100 par\n|move|p1a: Exeggutor|Psychic|p2a: Starmie\n|-resisted|p2a: Starmie\n|-damage|p2a: Starmie|42/100 par\n|\n|upkeep\n|turn|61\n|\n|t:|1784364488\n|move|p2a: Starmie|Recover|p2a: Starmie\n|-heal|p2a: Starmie|92/100 par\n|move|p1a: Exeggutor|Explosion|p2a: Starmie\n|-crit|p2a: Starmie\n|-damage|p2a: Starmie|0 fnt\n|faint|p2a: Starmie\n|faint|p1a: Exeggutor\n|\n|t:|1784364493\n|switch|p2a: Tauros|Tauros|5/100 par\n|switch|p1a: Tauros|Tauros|100/100\n|turn|62\n|c|☆wooooo rby|gg\n|c|☆RoboKyII|gg\n|\n|t:|1784364501\n|move|p1a: Tauros|Body Slam|p2a: Tauros\n|-damage|p2a: Tauros|0 fnt\n|faint|p2a: Tauros\n|\n|win|wooooo rby\n","uploadtime":1784364501,"views":"122","formatid":"gen1ou","rating":null,"private":0,"password":null}