{"id":"smogtours-gen1ou-814936","format":"[Gen 1] OU","players":["Prinz","Sceptross"],"log":"|inactive|Battle timer is ON: inactive players will automatically lose when time's up.\n|t:|1737296136\n|gametype|singles\n|player|p1|Prinz|ethan|\n|player|p2|Sceptross|norman|\n|teamsize|p1|6\n|teamsize|p2|6\n|gen|1\n|tier|[Gen 1] OU\n|rule|Desync Clause Mod: Desyncs changed to move failure.\n|rule|Sleep Clause Mod: Limit one foe put to sleep\n|rule|Freeze Clause Mod: Limit one foe frozen\n|rule|Species Clause: Limit one of each Pokémon\n|rule|OHKO Clause: OHKO moves are banned\n|rule|Evasion Moves Clause: Evasion moves are banned\n|rule|Endless Battle Clause: Forcing endless battles is banned\n|rule|HP Percentage Mod: HP is shown in percentages\n|\n|t:|1737296136\n|start\n|switch|p1a: Starmie|Starmie|100/100\n|switch|p2a: Starmie|Starmie|100/100\n|turn|1\n|rated|Smogon Premier League\n|c|☆Sceptross|gl hf\n|raw|<div class=\"broadcast-red\"><strong>Moderated chat was set to ☆!</strong><br />Only users of rank ☆ and higher can talk.</div>\n|c|☆Prinz|u2\n|\n|t:|1737296159\n|switch|p2a: Chansey|Chansey|100/100\n|move|p1a: Starmie|Ice Beam|p2a: Chansey\n|-crit|p2a: Chansey\n|-damage|p2a: Chansey|82/100\n|\n|upkeep\n|turn|2\n|\n|t:|1737296166\n|move|p1a: Starmie|Ice Beam|p2a: Chansey\n|-damage|p2a: Chansey|71/100\n|move|p2a: Chansey|Sing|p1a: Starmie|[miss]\n|-miss|p2a: Chansey\n|\n|upkeep\n|turn|3\n|\n|t:|1737296170\n|move|p1a: Starmie|Ice Beam|p2a: Chansey\n|-damage|p2a: Chansey|62/100\n|move|p2a: Chansey|Sing|p1a: Starmie\n|-status|p1a: Starmie|slp|[from] move: Sing\n|\n|upkeep\n|turn|4\n|\n|t:|1737296179\n|switch|p1a: Chansey|Chansey|100/100\n|move|p2a: Chansey|Thunder Wave|p1a: Chansey\n|-status|p1a: Chansey|par\n|\n|upkeep\n|turn|5\n|\n|t:|1737296187\n|move|p2a: Chansey|Seismic Toss|p1a: Chansey\n|-damage|p1a: Chansey|86/100 par\n|move|p1a: Chansey|Sing|p2a: Chansey\n|-status|p2a: Chansey|slp|[from] move: Sing\n|\n|upkeep\n|turn|6\n|\n|t:|1737296200\n|switch|p2a: Snorlax|Snorlax|100/100\n|switch|p1a: Snorlax|Snorlax|100/100\n|\n|upkeep\n|turn|7\n|\n|t:|1737296206\n|move|p2a: Snorlax|Body Slam|p1a: Snorlax\n|-damage|p1a: Snorlax|73/100\n|move|p1a: Snorlax|Amnesia|p1a: Snorlax\n|-boost|p1a: Snorlax|spa|2\n|-boost|p1a: Snorlax|spd|2\n|\n|upkeep\n|turn|8\n|\n|t:|1737296232\n|move|p2a: Snorlax|Body Slam|p1a: Snorlax\n|-damage|p1a: Snorlax|47/100\n|move|p1a: Snorlax|Blizzard|p2a: Snorlax\n|-damage|p2a: Snorlax|64/100\n|\n|upkeep\n|turn|9\n|\n|t:|1737296242\n|move|p1a: Snorlax|Self-Destruct|p2a: Snorlax\n|-damage|p2a: Snorlax|0 fnt\n|faint|p2a: Snorlax\n|faint|p1a: Snorlax\n|inactive|Sceptross has 270 seconds left.\n|inactive|Sceptross has 240 seconds left.\n|\n|t:|1737296298\n|switch|p2a: Starmie|Starmie|100/100\n|switch|p1a: Tauros|Tauros|100/100\n|turn|10\n|inactive|Sceptross has 240 seconds left.\n|\n|t:|1737296311\n|switch|p1a: Chansey|Chansey|86/100 par\n|move|p2a: Starmie|Psychic|p1a: Chansey\n|-damage|p1a: Chansey|73/100 par\n|\n|upkeep\n|turn|11\n|inactive|Sceptross has 240 seconds left.\n|inactive|Sceptross has 210 seconds left.\n|\n|t:|1737296371\n|switch|p2a: Chansey|Chansey|62/100 slp\n|cant|p1a: Chansey|par\n|\n|upkeep\n|turn|12\n|\n|t:|1737296378\n|switch|p2a: Exeggutor|Exeggutor|100/100\n|switch|p1a: Tauros|Tauros|100/100\n|\n|upkeep\n|turn|13\n|\n|t:|1737296387\n|switch|p1a: Chansey|Chansey|73/100 par\n|move|p2a: Exeggutor|Psychic|p1a: Chansey\n|-damage|p1a: Chansey|55/100 par\n|\n|upkeep\n|turn|14\n|\n|t:|1737296394\n|switch|p2a: Rhydon|Rhydon|100/100\n|move|p1a: Chansey|Soft-Boiled|p1a: Chansey\n|-heal|p1a: Chansey|100/100 par\n|\n|upkeep\n|turn|15\n|\n|t:|1737296400\n|switch|p1a: Exeggutor|Exeggutor|100/100\n|move|p2a: Rhydon|Earthquake|p1a: Exeggutor\n|-resisted|p1a: Exeggutor\n|-damage|p1a: Exeggutor|81/100\n|\n|upkeep\n|turn|16\n|inactive|Sceptross has 210 seconds left.\n|\n|t:|1737296409\n|switch|p2a: Chansey|Chansey|62/100 slp\n|move|p1a: Exeggutor|Psychic|p2a: Chansey\n|-damage|p2a: Chansey|44/100 slp\n|\n|upkeep\n|turn|17\n|\n|t:|1737296430\n|switch|p2a: Exeggutor|Exeggutor|100/100\n|move|p1a: Exeggutor|Psychic|p2a: Exeggutor\n|-resisted|p2a: Exeggutor\n|-damage|p2a: Exeggutor|87/100\n|\n|upkeep\n|turn|18\n|\n|t:|1737296437\n|switch|p1a: Chansey|Chansey|100/100 par\n|move|p2a: Exeggutor|Stun Spore|p1a: Chansey|[miss]\n|-miss|p2a: Exeggutor\n|\n|upkeep\n|turn|19\n|inactive|Sceptross has 210 seconds left.\n|\n|t:|1737296465\n|move|p2a: Exeggutor|Psychic|p1a: Chansey\n|-damage|p1a: Chansey|85/100 par\n|move|p1a: Chansey|Seismic Toss|p2a: Exeggutor\n|-damage|p2a: Exeggutor|62/100\n|\n|upkeep\n|turn|20\n|inactive|Sceptross has 210 seconds left.\n|\n|t:|1737296496\n|switch|p2a: Rhydon|Rhydon|100/100\n|switch|p1a: Starmie|Starmie|100/100 slp\n|\n|upkeep\n|turn|21\n|\n|t:|1737296510\n|switch|p1a: Exeggutor|Exeggutor|81/100\n|move|p2a: Rhydon|Body Slam|p1a: Exeggutor\n|-damage|p1a: Exeggutor|59/100\n|\n|upkeep\n|turn|22\n|inactive|Sceptross has 180 seconds left.\n|\n|t:|1737296539\n|switch|p2a: Exeggutor|Exeggutor|62/100\n|move|p1a: Exeggutor|Mega Drain|p2a: Exeggutor\n|-resisted|p2a: Exeggutor\n|-damage|p2a: Exeggutor|56/100\n|-heal|p1a: Exeggutor|62/100|[from] drain|[of] p2a: Exeggutor\n|\n|upkeep\n|turn|23\n|inactive|Sceptross has 180 seconds left.\n|\n|t:|1737296549\n|move|p2a: Exeggutor|Psychic|p1a: Exeggutor\n|-resisted|p1a: Exeggutor\n|-damage|p1a: Exeggutor|48/100\n|move|p1a: Exeggutor|Psychic|p2a: Exeggutor\n|-resisted|p2a: Exeggutor\n|-damage|p2a: Exeggutor|42/100\n|\n|upkeep\n|turn|24\n|\n|t:|1737296559\n|switch|p1a: Chansey|Chansey|85/100 par\n|move|p2a: Exeggutor|Psychic|p1a: Chansey\n|-damage|p1a: Chansey|69/100 par\n|-unboost|p1a: Chansey|spa|1\n|-unboost|p1a: Chansey|spd|1\n|\n|upkeep\n|turn|25\n|\n|t:|1737296570\n|move|p2a: Exeggutor|Psychic|p1a: Chansey\n|-crit|p1a: Chansey\n|-damage|p1a: Chansey|38/100 par\n|move|p1a: Chansey|Seismic Toss|p2a: Exeggutor\n|-damage|p2a: Exeggutor|17/100\n|\n|upkeep\n|turn|26\n|inactive|Sceptross has 180 seconds left.\n|\n|t:|1737296586\n|switch|p2a: Rhydon|Rhydon|100/100\n|switch|p1a: Starmie|Starmie|100/100 slp\n|\n|upkeep\n|turn|27\n|\n|t:|1737296593\n|switch|p1a: Exeggutor|Exeggutor|48/100\n|move|p2a: Rhydon|Body Slam|p1a: Exeggutor\n|-damage|p1a: Exeggutor|26/100\n|\n|upkeep\n|turn|28\n|inactive|Sceptross has 180 seconds left.\n|inactive|Sceptross has 150 seconds left.\n|\n|t:|1737296648\n|switch|p2a: Starmie|Starmie|100/100\n|move|p1a: Exeggutor|Mega Drain|p2a: Starmie\n|-supereffective|p2a: Starmie\n|-damage|p2a: Starmie|69/100\n|-heal|p1a: Exeggutor|39/100|[from] drain|[of] p2a: Starmie\n|\n|upkeep\n|turn|29\n|inactive|Sceptross has 150 seconds left.\n|\n|t:|1737296664\n|switch|p1a: Chansey|Chansey|38/100 par\n|move|p2a: Starmie|Blizzard|p1a: Chansey\n|-damage|p1a: Chansey|25/100 par\n|\n|upkeep\n|turn|30\n|\n|t:|1737296672\n|switch|p2a: Rhydon|Rhydon|100/100\n|cant|p1a: Chansey|par\n|\n|upkeep\n|turn|31\n|\n|t:|1737296686\n|switch|p1a: Exeggutor|Exeggutor|39/100\n|move|p2a: Rhydon|Body Slam|p1a: Exeggutor\n|-damage|p1a: Exeggutor|18/100\n|-status|p1a: Exeggutor|par\n|\n|upkeep\n|turn|32\n|\n|t:|1737296693\n|move|p2a: Rhydon|Body Slam|p1a: Exeggutor\n|-damage|p1a: Exeggutor|0 fnt\n|faint|p1a: Exeggutor\n|\n|t:|1737296697\n|switch|p1a: Tauros|Tauros|100/100\n|turn|33\n|inactive|Sceptross has 150 seconds left.\n|inactive|Sceptross has 120 seconds left.\n|inactive|Sceptross has 90 seconds left.\n|\n|t:|1737296810\n|switch|p2a: Exeggutor|Exeggutor|17/100\n|move|p1a: Tauros|Earthquake|p2a: Exeggutor\n|-resisted|p2a: Exeggutor\n|-damage|p2a: Exeggutor|7/100\n|\n|upkeep\n|turn|34\n|\n|t:|1737296817\n|move|p1a: Tauros|Body Slam|p2a: Exeggutor\n|-damage|p2a: Exeggutor|0 fnt\n|faint|p2a: Exeggutor\n|\n|t:|1737296826\n|switch|p2a: Tauros|Tauros|100/100\n|turn|35\n|\n|t:|1737296848\n|switch|p1a: Starmie|Starmie|100/100 slp\n|move|p2a: Tauros|Body Slam|p1a: Starmie\n|-damage|p1a: Starmie|65/100 slp\n|\n|upkeep\n|turn|36\n|\n|t:|1737296852\n|cant|p1a: Starmie|slp\n|move|p2a: Tauros|Body Slam|p1a: Starmie\n|-crit|p1a: Starmie\n|-damage|p1a: Starmie|0 fnt\n|faint|p1a: Starmie\n|\n|t:|1737296856\n|switch|p1a: Articuno|Articuno|100/100\n|turn|37\n|inactive|Sceptross has 90 seconds left.\n|inactive|Sceptross has 60 seconds left.\n|inactive|Sceptross has 30 seconds left.\n|\n|t:|1737296934\n|move|p2a: Tauros|Body Slam|p1a: Articuno\n|-damage|p1a: Articuno|73/100\n|move|p1a: Articuno|Blizzard|p2a: Tauros\n|-crit|p2a: Tauros\n|-damage|p2a: Tauros|0 fnt\n|faint|p2a: Tauros\n|inactive|Sceptross has 30 seconds left.\n|\n|t:|1737296940\n|switch|p2a: Starmie|Starmie|69/100\n|turn|38\n|inactive|Prinz has 270 seconds left.\n|\n|t:|1737297000\n|move|p2a: Starmie|Psychic|p1a: Articuno\n|-damage|p1a: Articuno|48/100\n|move|p1a: Articuno|Blizzard|p2a: Starmie\n|-resisted|p2a: Starmie\n|-damage|p2a: Starmie|41/100\n|\n|upkeep\n|turn|39\n|inactive|Prinz has 240 seconds left.\n|inactive|Sceptross has 30 seconds left.\n|inactive|Sceptross has 20 seconds left.\n|\n|t:|1737297028\n|switch|p1a: Tauros|Tauros|100/100\n|move|p2a: Starmie|Psychic|p1a: Tauros\n|-damage|p1a: Tauros|60/100\n|\n|upkeep\n|turn|40\n|inactive|Sceptross has 30 seconds left this turn.\n|inactive|Prinz has 240 seconds left.\n|inactive|Sceptross has 20 seconds left.\n|inactive|Sceptross has 15 seconds left.\n|inactive|Sceptross has 10 seconds left.\n|\n|t:|1737297058\n|move|p2a: Starmie|Recover|p2a: Starmie\n|-heal|p2a: Starmie|91/100\n|move|p1a: Tauros|Body Slam|p2a: Starmie\n|-damage|p2a: Starmie|56/100\n|\n|upkeep\n|turn|41\n|inactive|Sceptross has 20 seconds left this turn.\n|inactive|Sceptross has 15 seconds left.\n|inactive|Sceptross has 10 seconds left.\n|\n|t:|1737297071\n|move|p2a: Starmie|Thunder Wave|p1a: Tauros\n|-status|p1a: Tauros|par\n|cant|p1a: Tauros|par\n|\n|upkeep\n|turn|42\n|inactive|Sceptross has 20 seconds left this turn.\n|\n|t:|1737297075\n|move|p2a: Starmie|Recover|p2a: Starmie\n|-heal|p2a: Starmie|100/100\n|cant|p1a: Tauros|par\n|\n|upkeep\n|turn|43\n|inactive|Sceptross has 30 seconds left this turn.\n|\n|t:|1737297079\n|move|p2a: Starmie|Psychic|p1a: Tauros\n|-damage|p1a: Tauros|19/100 par\n|move|p1a: Tauros|Body Slam|p2a: Starmie\n|-damage|p2a: Starmie|68/100\n|\n|upkeep\n|turn|44\n|inactive|Prinz has 240 seconds left.\n|\n|t:|1737297094\n|move|p2a: Starmie|Psychic|p1a: Tauros\n|-crit|p1a: Tauros\n|-damage|p1a: Tauros|0 fnt\n|faint|p1a: Tauros\n|\n|t:|1737297098\n|switch|p1a: Articuno|Articuno|48/100\n|turn|45\n|\n|t:|1737297103\n|move|p2a: Starmie|Psychic|p1a: Articuno\n|-damage|p1a: Articuno|26/100\n|move|p1a: Articuno|Agility|p1a: Articuno\n|-boost|p1a: Articuno|spe|2\n|\n|upkeep\n|turn|46\n|\n|t:|1737297111\n|move|p1a: Articuno|Blizzard|p2a: Starmie\n|-resisted|p2a: Starmie\n|-damage|p2a: Starmie|43/100\n|move|p2a: Starmie|Thunder Wave|p1a: Articuno\n|-status|p1a: Articuno|par\n|\n|upkeep\n|turn|47\n|inactive|Sceptross has 60 seconds left.\n|\n|t:|1737297129\n|move|p2a: Starmie|Psychic|p1a: Articuno\n|-damage|p1a: Articuno|0 fnt\n|faint|p1a: Articuno\n|\n|t:|1737297133\n|switch|p1a: Chansey|Chansey|25/100 par\n|turn|48\n|c|☆Prinz|gg\n|c|☆Sceptross|gg\n|inactive|Sceptross has 60 seconds left.\n|\n|t:|1737297143\n|switch|p2a: Rhydon|Rhydon|100/100\n|move|p1a: Chansey|Soft-Boiled|p1a: Chansey\n|-heal|p1a: Chansey|75/100 par\n|\n|upkeep\n|turn|49\n|\n|t:|1737297153\n|move|p2a: Rhydon|Substitute|p2a: Rhydon\n|-start|p2a: Rhydon|Substitute\n|-damage|p2a: Rhydon|76/100\n|cant|p1a: Chansey|par\n|\n|upkeep\n|turn|50\n|\n|t:|1737297156\n|move|p2a: Rhydon|Earthquake|p1a: Chansey\n|-damage|p1a: Chansey|20/100 par\n|move|p1a: Chansey|Seismic Toss|p2a: Rhydon\n|-activate|p2a: Rhydon|Substitute|[damage]\n|\n|upkeep\n|turn|51\n|\n|t:|1737297160\n|move|p2a: Rhydon|Earthquake|p1a: Chansey\n|-damage|p1a: Chansey|0 fnt\n|faint|p1a: Chansey\n|\n|win|Sceptross\n","uploadtime":1737297160,"views":"2154","formatid":"gen1ou","rating":null,"private":0,"password":null}