{"id":"smogtours-gen1ou-900393","format":"[Gen 1] OU","players":["Sceptross","BeeOrSomething"],"log":"|inactive|Battle timer is ON: inactive players will automatically lose when time's up.\n|t:|1768752375\n|gametype|singles\n|player|p1|Sceptross|#splxviicryonicles|\n|player|p2|BeeOrSomething|#beeorsomething|\n|gen|1\n|tier|[Gen 1] OU\n|rule|Desync Clause Mod: Desyncs changed to move failure.\n|rule|Sleep Clause Mod: Limit one foe put to sleep\n|rule|Freeze Clause Mod: Limit one foe frozen\n|rule|Species Clause: Limit one of each Pokémon\n|rule|OHKO Clause: OHKO moves are banned\n|rule|Evasion Moves Clause: Evasion moves are banned\n|rule|Endless Battle Clause: Forcing endless battles is banned\n|rule|HP Percentage Mod: HP is shown in percentages\n|\n|t:|1768752375\n|teamsize|p1|6\n|teamsize|p2|6\n|start\n|switch|p1a: Gengar|Gengar|100/100\n|switch|p2a: Grave of Fireflies|Gengar|100/100\n|turn|1\n|c|☆BeeOrSomething|glhf\n|c|☆Sceptross|gl hf\n|inactive|Sceptross has 270 seconds left.\n|\n|t:|1768752415\n|move|p1a: Gengar|Psychic|p2a: Grave of Fireflies\n|-supereffective|p2a: Grave of Fireflies\n|-damage|p2a: Grave of Fireflies|57/100\n|move|p2a: Grave of Fireflies|Psychic|p1a: Gengar\n|-crit|p1a: Gengar\n|-supereffective|p1a: Gengar\n|-damage|p1a: Gengar|22/100\n|\n|upkeep\n|turn|2\n|rated|Smogon Premier League\n|inactive|BeeOrSomething has 270 seconds left.\n|\n|t:|1768752473\n|move|p2a: Grave of Fireflies|Psychic|p1a: Gengar\n|-crit|p1a: Gengar\n|-supereffective|p1a: Gengar\n|-damage|p1a: Gengar|0 fnt\n|faint|p1a: Gengar\n|inactive|Sceptross has 270 seconds left.\n|inactive|Sceptross has 240 seconds left.\n|\n|t:|1768752528\n|switch|p1a: Tauros|Tauros|100/100\n|turn|3\n|\n|t:|1768752553\n|switch|p1a: Exeggutor|Exeggutor|100/100\n|switch|p2a: Whiplash|Starmie|100/100\n|\n|upkeep\n|turn|4\n|\n|t:|1768752561\n|switch|p2a: Grave of Fireflies|Gengar|57/100\n|move|p1a: Exeggutor|Sleep Powder|p2a: Grave of Fireflies\n|-status|p2a: Grave of Fireflies|slp|[from] move: Sleep Powder\n|\n|upkeep\n|turn|5\n|\n|t:|1768752574\n|switch|p2a: Parasite|Jynx|100/100\n|move|p1a: Exeggutor|Stun Spore|p2a: Parasite|[miss]\n|-miss|p1a: Exeggutor\n|\n|upkeep\n|turn|6\n|inactive|BeeOrSomething has 270 seconds left.\n|inactive|Sceptross has 240 seconds left.\n|inactive|BeeOrSomething has 240 seconds left.\n|inactive|Sceptross has 210 seconds left.\n|\n|t:|1768752627\n|move|p2a: Parasite|Lovely Kiss|p1a: Exeggutor|[miss]\n|-miss|p2a: Parasite\n|move|p1a: Exeggutor|Explosion|p2a: Parasite\n|-damage|p2a: Parasite|0 fnt\n|faint|p2a: Parasite\n|faint|p1a: Exeggutor\n|inactive|Sceptross has 180 seconds left.\n|inactive|BeeOrSomething has 210 seconds left.\n|\n|t:|1768752684\n|switch|p2a: 100 Meters|Snorlax|100/100\n|switch|p1a: Chansey|Chansey|100/100\n|turn|7\n|inactive|Sceptross has 150 seconds left.\n|\n|t:|1768752710\n|switch|p1a: Snorlax|Snorlax|100/100\n|move|p2a: 100 Meters|Self-Destruct|p1a: Snorlax\n|-damage|p1a: Snorlax|17/100\n|faint|p2a: 100 Meters\n|\n|t:|1768752714\n|switch|p2a: Taxi Driver|Tauros|100/100\n|turn|8\n|inactive|Sceptross has 150 seconds left.\n|\n|t:|1768752753\n|move|p2a: Taxi Driver|Body Slam|p1a: Snorlax\n|-crit|p1a: Snorlax\n|-damage|p1a: Snorlax|0 fnt\n|faint|p1a: Snorlax\n|\n|t:|1768752756\n|switch|p1a: Starmie|Starmie|100/100\n|turn|9\n|\n|t:|1768752760\n|switch|p2a: WolfOfWallStreet|Chansey|100/100\n|move|p1a: Starmie|Thunder Wave|p2a: WolfOfWallStreet\n|-status|p2a: WolfOfWallStreet|par\n|\n|upkeep\n|turn|10\n|inactive|Sceptross has 120 seconds left.\n|\n|t:|1768752812\n|move|p1a: Starmie|Psychic|p2a: WolfOfWallStreet\n|-damage|p2a: WolfOfWallStreet|86/100 par\n|move|p2a: WolfOfWallStreet|Ice Beam|p1a: Starmie\n|-resisted|p1a: Starmie\n|-damage|p1a: Starmie|88/100\n|\n|upkeep\n|turn|11\n|\n|t:|1768752817\n|move|p1a: Starmie|Psychic|p2a: WolfOfWallStreet\n|-damage|p2a: WolfOfWallStreet|71/100 par\n|move|p2a: WolfOfWallStreet|Thunderbolt|p1a: Starmie\n|-supereffective|p1a: Starmie\n|-damage|p1a: Starmie|42/100\n|\n|upkeep\n|turn|12\n|\n|t:|1768752822\n|move|p1a: Starmie|Recover|p1a: Starmie\n|-heal|p1a: Starmie|92/100\n|cant|p2a: WolfOfWallStreet|par\n|\n|upkeep\n|turn|13\n|inactive|Sceptross has 120 seconds left.\n|\n|t:|1768752845\n|switch|p1a: Tauros|Tauros|100/100\n|move|p2a: WolfOfWallStreet|Soft-Boiled|p2a: WolfOfWallStreet\n|-heal|p2a: WolfOfWallStreet|100/100 par\n|\n|upkeep\n|turn|14\n|\n|t:|1768752860\n|switch|p1a: Chansey|Chansey|100/100\n|switch|p2a: Grave of Fireflies|Gengar|57/100 slp\n|\n|upkeep\n|turn|15\n|inactive|Sceptross has 120 seconds left.\n|\n|t:|1768752871\n|switch|p2a: WolfOfWallStreet|Chansey|100/100 par\n|switch|p1a: Tauros|Tauros|100/100\n|\n|upkeep\n|turn|16\n|inactive|Sceptross has 120 seconds left.\n|\n|t:|1768752877\n|switch|p1a: Chansey|Chansey|100/100\n|switch|p2a: Grave of Fireflies|Gengar|57/100 slp\n|\n|upkeep\n|turn|17\n|\n|t:|1768752882\n|switch|p2a: WolfOfWallStreet|Chansey|100/100 par\n|switch|p1a: Tauros|Tauros|100/100\n|\n|upkeep\n|turn|18\n|\n|t:|1768752894\n|switch|p1a: Chansey|Chansey|100/100\n|switch|p2a: Grave of Fireflies|Gengar|57/100 slp\n|\n|upkeep\n|turn|19\n|\n|t:|1768752901\n|switch|p1a: Tauros|Tauros|100/100\n|cant|p2a: Grave of Fireflies|slp\n|\n|upkeep\n|turn|20\n|\n|t:|1768752910\n|move|p1a: Tauros|Earthquake|p2a: Grave of Fireflies\n|-supereffective|p2a: Grave of Fireflies\n|-damage|p2a: Grave of Fireflies|0 fnt\n|faint|p2a: Grave of Fireflies\n|\n|t:|1768752912\n|switch|p2a: Whiplash|Starmie|100/100\n|turn|21\n|inactive|Sceptross has 150 seconds left.\n|\n|t:|1768752935\n|switch|p1a: Chansey|Chansey|100/100\n|move|p2a: Whiplash|Blizzard|p1a: Chansey\n|-damage|p1a: Chansey|88/100\n|\n|upkeep\n|turn|22\n|\n|t:|1768752962\n|switch|p2a: WolfOfWallStreet|Chansey|100/100 par\n|switch|p1a: Tauros|Tauros|100/100\n|\n|upkeep\n|turn|23\n|inactive|BeeOrSomething has 270 seconds left.\n|inactive|BeeOrSomething has 240 seconds left.\n|\n|t:|1768753013\n|move|p1a: Tauros|Earthquake|p2a: WolfOfWallStreet\n|-crit|p2a: WolfOfWallStreet\n|-damage|p2a: WolfOfWallStreet|38/100 par\n|move|p2a: WolfOfWallStreet|Thunder Wave|p1a: Tauros\n|-status|p1a: Tauros|par\n|\n|upkeep\n|turn|24\n|\n|t:|1768753020\n|switch|p2a: Whiplash|Starmie|100/100\n|move|p1a: Tauros|Body Slam|p2a: Whiplash\n|-damage|p2a: Whiplash|69/100\n|\n|upkeep\n|turn|25\n|\n|t:|1768753028\n|switch|p1a: Chansey|Chansey|88/100\n|move|p2a: Whiplash|Blizzard|p1a: Chansey\n|-crit|p1a: Chansey\n|-damage|p1a: Chansey|64/100\n|\n|upkeep\n|turn|26\n|\n|t:|1768753037\n|move|p2a: Whiplash|Blizzard|p1a: Chansey\n|-damage|p1a: Chansey|50/100\n|move|p1a: Chansey|Soft-Boiled|p1a: Chansey\n|-heal|p1a: Chansey|99/100\n|\n|upkeep\n|turn|27\n|\n|t:|1768753049\n|move|p2a: Whiplash|Blizzard|p1a: Chansey|[miss]\n|-miss|p2a: Whiplash\n|move|p1a: Chansey|Thunderbolt|p2a: Whiplash\n|-supereffective|p2a: Whiplash\n|-damage|p2a: Whiplash|17/100\n|\n|upkeep\n|turn|28\n|inactive|Sceptross has 150 seconds left.\n|\n|t:|1768753069\n|switch|p2a: WolfOfWallStreet|Chansey|38/100 par\n|move|p1a: Chansey|Thunder Wave|p2a: WolfOfWallStreet\n|-fail|p2a: WolfOfWallStreet|par\n|\n|upkeep\n|turn|29\n|inactive|Sceptross has 150 seconds left.\n|\n|t:|1768753088\n|move|p1a: Chansey|Thunderbolt|p2a: WolfOfWallStreet\n|-damage|p2a: WolfOfWallStreet|29/100 par\n|move|p2a: WolfOfWallStreet|Ice Beam|p1a: Chansey\n|-damage|p1a: Chansey|89/100\n|-status|p1a: Chansey|frz\n|\n|upkeep\n|turn|30\n|\n|t:|1768753095\n|switch|p1a: Tauros|Tauros|100/100 par\n|switch|p2a: Whiplash|Starmie|17/100\n|\n|upkeep\n|turn|31\n|\n|t:|1768753101\n|move|p2a: Whiplash|Recover|p2a: Whiplash\n|-heal|p2a: Whiplash|67/100\n|move|p1a: Tauros|Body Slam|p2a: Whiplash\n|-damage|p2a: Whiplash|33/100\n|\n|upkeep\n|turn|32\n|\n|t:|1768753107\n|move|p2a: Whiplash|Recover|p2a: Whiplash\n|-heal|p2a: Whiplash|83/100\n|cant|p1a: Tauros|par\n|\n|upkeep\n|turn|33\n|\n|t:|1768753127\n|switch|p1a: Chansey|Chansey|89/100 frz\n|move|p2a: Whiplash|Psychic|p1a: Chansey\n|-damage|p1a: Chansey|74/100 frz\n|\n|upkeep\n|turn|34\n|\n|t:|1768753131\n|switch|p1a: Starmie|Starmie|92/100\n|move|p2a: Whiplash|Recover|p2a: Whiplash\n|-heal|p2a: Whiplash|100/100\n|\n|upkeep\n|turn|35\n|\n|t:|1768753134\n|move|p2a: Whiplash|Thunder Wave|p1a: Starmie\n|-status|p1a: Starmie|par\n|move|p1a: Starmie|Thunder Wave|p2a: Whiplash\n|-status|p2a: Whiplash|par\n|\n|upkeep\n|turn|36\n|\n|t:|1768753138\n|move|p2a: Whiplash|Psychic|p1a: Starmie\n|-resisted|p1a: Starmie\n|-damage|p1a: Starmie|76/100 par\n|cant|p1a: Starmie|par\n|\n|upkeep\n|turn|37\n|\n|t:|1768753143\n|move|p1a: Starmie|Recover|p1a: Starmie\n|-heal|p1a: Starmie|100/100 par\n|cant|p2a: Whiplash|par\n|\n|upkeep\n|turn|38\n|\n|t:|1768753146\n|move|p2a: Whiplash|Psychic|p1a: Starmie\n|-resisted|p1a: Starmie\n|-damage|p1a: Starmie|84/100 par\n|move|p1a: Starmie|Psychic|p2a: Whiplash\n|-resisted|p2a: Whiplash\n|-damage|p2a: Whiplash|84/100 par\n|\n|upkeep\n|turn|39\n|inactive|Sceptross has 210 seconds left.\n|\n|t:|1768753152\n|move|p1a: Starmie|Psychic|p2a: Whiplash\n|-resisted|p2a: Whiplash\n|-damage|p2a: Whiplash|68/100 par\n|cant|p2a: Whiplash|par\n|\n|upkeep\n|turn|40\n|\n|t:|1768753156\n|move|p2a: Whiplash|Recover|p2a: Whiplash\n|-heal|p2a: Whiplash|100/100 par\n|move|p1a: Starmie|Psychic|p2a: Whiplash\n|-crit|p2a: Whiplash\n|-resisted|p2a: Whiplash\n|-damage|p2a: Whiplash|70/100 par\n|\n|upkeep\n|turn|41\n|\n|t:|1768753163\n|cant|p1a: Starmie|par\n|move|p2a: Whiplash|Recover|p2a: Whiplash\n|-heal|p2a: Whiplash|100/100 par\n|\n|upkeep\n|turn|42\n|\n|t:|1768753165\n|move|p1a: Starmie|Psychic|p2a: Whiplash\n|-resisted|p2a: Whiplash\n|-damage|p2a: Whiplash|84/100 par\n|-unboost|p2a: Whiplash|spa|1\n|-unboost|p2a: Whiplash|spd|1\n|move|p2a: Whiplash|Psychic|p1a: Starmie\n|-resisted|p1a: Starmie\n|-damage|p1a: Starmie|72/100 par\n|-unboost|p1a: Starmie|spa|1\n|-unboost|p1a: Starmie|spd|1\n|\n|upkeep\n|turn|43\n|inactive|Sceptross has 240 seconds left.\n|\n|t:|1768753176\n|switch|p2a: Taxi Driver|Tauros|100/100\n|cant|p1a: Starmie|par\n|\n|upkeep\n|turn|44\n|\n|t:|1768753181\n|switch|p2a: WolfOfWallStreet|Chansey|29/100 par\n|move|p1a: Starmie|Thunder Wave|p2a: WolfOfWallStreet\n|-fail|p2a: WolfOfWallStreet|par\n|\n|upkeep\n|turn|45\n|\n|t:|1768753184\n|switch|p1a: Tauros|Tauros|100/100 par\n|cant|p2a: WolfOfWallStreet|par\n|\n|upkeep\n|turn|46\n|\n|t:|1768753213\n|switch|p2a: Whiplash|Starmie|84/100 par\n|move|p1a: Tauros|Body Slam|p2a: Whiplash\n|-damage|p2a: Whiplash|50/100 par\n|\n|upkeep\n|turn|47\n|\n|t:|1768753220\n|move|p2a: Whiplash|Psychic|p1a: Tauros\n|-damage|p1a: Tauros|61/100 par\n|-unboost|p1a: Tauros|spa|1\n|-unboost|p1a: Tauros|spd|1\n|move|p1a: Tauros|Body Slam|p2a: Whiplash\n|-crit|p2a: Whiplash\n|-damage|p2a: Whiplash|0 fnt\n|faint|p2a: Whiplash\n|\n|t:|1768753223\n|switch|p2a: Taxi Driver|Tauros|100/100\n|turn|48\n|\n|t:|1768753229\n|switch|p1a: Chansey|Chansey|74/100 frz\n|move|p2a: Taxi Driver|Body Slam|p1a: Chansey\n|-crit|p1a: Chansey\n|-damage|p1a: Chansey|4/100 frz\n|\n|upkeep\n|turn|49\n|\n|t:|1768753238\n|switch|p2a: WolfOfWallStreet|Chansey|29/100 par\n|cant|p1a: Chansey|frz\n|\n|upkeep\n|turn|50\n|\n|t:|1768753242\n|switch|p1a: Tauros|Tauros|61/100 par\n|move|p2a: WolfOfWallStreet|Soft-Boiled|p2a: WolfOfWallStreet\n|-heal|p2a: WolfOfWallStreet|79/100 par\n|\n|upkeep\n|turn|51\n|\n|t:|1768753256\n|cant|p1a: Tauros|par\n|cant|p2a: WolfOfWallStreet|par\n|\n|upkeep\n|turn|52\n|\n|t:|1768753259\n|move|p1a: Tauros|Body Slam|p2a: WolfOfWallStreet\n|-damage|p2a: WolfOfWallStreet|38/100 par\n|move|p2a: WolfOfWallStreet|Ice Beam|p1a: Tauros\n|-damage|p1a: Tauros|33/100 par\n|\n|upkeep\n|turn|53\n|\n|t:|1768753267\n|switch|p2a: Taxi Driver|Tauros|100/100\n|move|p1a: Tauros|Body Slam|p2a: Taxi Driver\n|-damage|p2a: Taxi Driver|73/100\n|\n|upkeep\n|turn|54\n|\n|t:|1768753273\n|switch|p1a: Chansey|Chansey|4/100 frz\n|move|p2a: Taxi Driver|Body Slam|p1a: Chansey\n|-damage|p1a: Chansey|0 fnt\n|faint|p1a: Chansey\n|\n|t:|1768753276\n|switch|p1a: Starmie|Starmie|72/100 par\n|turn|55\n|inactive|Sceptross has 270 seconds left.\n|\n|t:|1768753311\n|switch|p2a: WolfOfWallStreet|Chansey|38/100 par\n|move|p1a: Starmie|Thunder Wave|p2a: WolfOfWallStreet\n|-fail|p2a: WolfOfWallStreet|par\n|\n|upkeep\n|turn|56\n|\n|t:|1768753318\n|cant|p1a: Starmie|par\n|cant|p2a: WolfOfWallStreet|par\n|\n|upkeep\n|turn|57\n|\n|t:|1768753326\n|switch|p1a: Tauros|Tauros|33/100 par\n|cant|p2a: WolfOfWallStreet|par\n|\n|upkeep\n|turn|58\n|inactive|BeeOrSomething has 270 seconds left.\n|inactive|Sceptross has 270 seconds left.\n|inactive|BeeOrSomething has 240 seconds left.\n|inactive|BeeOrSomething has 210 seconds left.\n|inactive|Sceptross has 240 seconds left.\n|inactive|BeeOrSomething has 180 seconds left.\n|\n|t:|1768753461\n|cant|p1a: Tauros|par\n|move|p2a: WolfOfWallStreet|Thunderbolt|p1a: Tauros\n|-damage|p1a: Tauros|7/100 par\n|\n|upkeep\n|turn|59\n|inactive|Sceptross has 210 seconds left.\n|\n|t:|1768753476\n|switch|p1a: Starmie|Starmie|72/100 par\n|switch|p2a: Taxi Driver|Tauros|73/100\n|\n|upkeep\n|turn|60\n|inactive|Sceptross has 210 seconds left.\n|inactive|BeeOrSomething has 180 seconds left.\n|\n|t:|1768753504\n|move|p2a: Taxi Driver|Body Slam|p1a: Starmie\n|-damage|p1a: Starmie|38/100 par\n|move|p1a: Starmie|Psychic|p2a: Taxi Driver\n|-crit|p2a: Taxi Driver\n|-damage|p2a: Taxi Driver|5/100\n|-unboost|p2a: Taxi Driver|spa|1\n|-unboost|p2a: Taxi Driver|spd|1\n|\n|upkeep\n|turn|61\n|inactive|Sceptross has 210 seconds left.\n|\n|t:|1768753511\n|move|p2a: Taxi Driver|Hyper Beam|p1a: Starmie\n|-damage|p1a: Starmie|0 fnt\n|faint|p1a: Starmie\n|\n|t:|1768753512\n|switch|p1a: Tauros|Tauros|7/100 par\n|turn|62\n|\n|t:|1768753513\n|move|p2a: Taxi Driver|Body Slam|p1a: Tauros\n|-damage|p1a: Tauros|0 fnt\n|faint|p1a: Tauros\n|\n|win|BeeOrSomething\n|c|☆BeeOrSomething|gg\n|c|☆Sceptross|gg\n|player|p2|\n","uploadtime":1768753513,"views":"1674","formatid":"gen1ou","rating":null,"private":0,"password":null}