{"id":"smogtours-gen1ou-917738","format":"[Gen 1] OU","players":["Ct0wn","Girls See Ghosts"],"log":"|inactive|Battle timer is ON: inactive players will automatically lose when time's up.\n|t:|1773606543\n|gametype|singles\n|player|p1|Ct0wn|battlegirl-gen4|\n|player|p2|Girls See Ghosts|#rbywc2025|\n|gen|1\n|tier|[Gen 1] OU\n|rule|Desync Clause Mod: Desyncs changed to move failure.\n|rule|HP Percentage Mod: HP is shown in percentages\n|rule|Endless Battle Clause: Forcing endless battles is banned\n|rule|Sleep Clause Mod: Limit one foe put to sleep\n|rule|Freeze Clause Mod: Limit one foe frozen\n|rule|Species Clause: Limit one of each Pokémon\n|rule|OHKO Clause: OHKO moves are banned\n|rule|Evasion Moves Clause: Evasion moves are banned\n|\n|t:|1773606543\n|teamsize|p1|6\n|teamsize|p2|6\n|start\n|switch|p1a: Exeggutor|Exeggutor|100/100\n|switch|p2a: Alakazam|Alakazam|100/100\n|turn|1\n|c|☆Girls See Ghosts|glhf\n|c|☆Ct0wn|U2\n|\n|t:|1773606560\n|move|p2a: Alakazam|Thunder Wave|p1a: Exeggutor\n|-status|p1a: Exeggutor|par\n|move|p1a: Exeggutor|Sleep Powder|p2a: Alakazam\n|-status|p2a: Alakazam|slp|[from] move: Sleep Powder\n|\n|upkeep\n|turn|2\n|rated|Smogon Premier League\n|\n|t:|1773606567\n|switch|p2a: Chansey|Chansey|100/100\n|move|p1a: Exeggutor|Double-Edge|p2a: Chansey\n|-damage|p2a: Chansey|69/100\n|-damage|p1a: Exeggutor|87/100 par|[from] Recoil|[of] p2a: Chansey\n|\n|upkeep\n|turn|3\n|\n|t:|1773606579\n|move|p2a: Chansey|Seismic Toss|p1a: Exeggutor\n|-damage|p1a: Exeggutor|61/100 par\n|move|p1a: Exeggutor|Explosion|p2a: Chansey\n|-damage|p2a: Chansey|0 fnt\n|faint|p2a: Chansey\n|faint|p1a: Exeggutor\n|\n|t:|1773606584\n|switch|p2a: Exeggutor|Exeggutor|100/100\n|switch|p1a: Zapdos|Zapdos|100/100\n|turn|4\n|\n|t:|1773606597\n|move|p1a: Zapdos|Drill Peck|p2a: Exeggutor\n|-supereffective|p2a: Exeggutor\n|-damage|p2a: Exeggutor|54/100\n|move|p2a: Exeggutor|Sleep Powder|p1a: Zapdos\n|-status|p1a: Zapdos|slp|[from] move: Sleep Powder\n|\n|upkeep\n|turn|5\n|\n|t:|1773606604\n|switch|p1a: Starmie|Starmie|100/100\n|switch|p2a: Tauros|Tauros|100/100\n|\n|upkeep\n|turn|6\n|\n|t:|1773606610\n|switch|p2a: Alakazam|Alakazam|100/100 slp\n|move|p1a: Starmie|Blizzard|p2a: Alakazam\n|-damage|p2a: Alakazam|75/100 slp\n|\n|upkeep\n|turn|7\n|\n|t:|1773606615\n|switch|p2a: Starmie|Starmie|100/100\n|move|p1a: Starmie|Surf|p2a: Starmie\n|-resisted|p2a: Starmie\n|-damage|p2a: Starmie|85/100\n|\n|upkeep\n|turn|8\n|\n|t:|1773606619\n|move|p2a: Starmie|Thunder Wave|p1a: Starmie\n|-status|p1a: Starmie|par\n|cant|p1a: Starmie|par\n|\n|upkeep\n|turn|9\n|\n|t:|1773606628\n|move|p2a: Starmie|Thunderbolt|p1a: Starmie\n|-supereffective|p1a: Starmie\n|-damage|p1a: Starmie|53/100 par\n|move|p1a: Starmie|Thunder Wave|p2a: Starmie\n|-status|p2a: Starmie|par\n|\n|upkeep\n|turn|10\n|\n|t:|1773606632\n|switch|p1a: Snorlax|Snorlax|100/100\n|move|p2a: Starmie|Psychic|p1a: Snorlax\n|-crit|p1a: Snorlax\n|-damage|p1a: Snorlax|47/100\n|\n|upkeep\n|turn|11\n|inactive|Girls See Ghosts has 270 seconds left.\n|inactive|Girls See Ghosts has 240 seconds left.\n|inactive|Girls See Ghosts has 210 seconds left.\n|inactive|Girls See Ghosts has 180 seconds left.\n|inactive|Girls See Ghosts has 150 seconds left.\n|\n|t:|1773606789\n|switch|p2a: Snorlax|Snorlax|100/100\n|move|p1a: Snorlax|Body Slam|p2a: Snorlax\n|-damage|p2a: Snorlax|76/100\n|\n|upkeep\n|turn|12\n|inactive|Girls See Ghosts has 150 seconds left.\n|\n|t:|1773606806\n|switch|p2a: Alakazam|Alakazam|75/100 slp\n|move|p1a: Snorlax|Self-Destruct|p2a: Alakazam\n|-crit|p2a: Alakazam\n|-damage|p2a: Alakazam|0 fnt\n|faint|p2a: Alakazam\n|faint|p1a: Snorlax\n|inactive|Girls See Ghosts has 120 seconds left.\n|inactive|Girls See Ghosts has 90 seconds left.\n|\n|t:|1773606873\n|switch|p2a: Tauros|Tauros|100/100\n|switch|p1a: IRISH SPRING GREEN|Venusaur|100/100\n|turn|13\n|inactive|Girls See Ghosts has 60 seconds left.\n|\n|t:|1773606910\n|move|p2a: Tauros|Body Slam|p1a: IRISH SPRING GREEN\n|-damage|p1a: IRISH SPRING GREEN|72/100\n|move|p1a: IRISH SPRING GREEN|Sleep Powder|p2a: Tauros\n|-status|p2a: Tauros|slp|[from] move: Sleep Powder\n|\n|upkeep\n|turn|14\n|inactive|Girls See Ghosts has 60 seconds left.\n|\n|t:|1773606928\n|switch|p2a: Starmie|Starmie|85/100 par\n|move|p1a: IRISH SPRING GREEN|Razor Leaf|p2a: Starmie\n|-crit|p2a: Starmie\n|-supereffective|p2a: Starmie\n|-damage|p2a: Starmie|2/100 par\n|\n|upkeep\n|turn|15\n|\n|t:|1773606942\n|switch|p2a: Exeggutor|Exeggutor|54/100\n|move|p1a: IRISH SPRING GREEN|Razor Leaf|p2a: Exeggutor\n|-crit|p2a: Exeggutor\n|-resisted|p2a: Exeggutor\n|-damage|p2a: Exeggutor|40/100\n|\n|upkeep\n|turn|16\n|inactive|Ct0wn has 270 seconds left.\n|\n|t:|1773606972\n|switch|p1a: Starmie|Starmie|53/100 par\n|move|p2a: Exeggutor|Psychic|p1a: Starmie\n|-resisted|p1a: Starmie\n|-damage|p1a: Starmie|33/100 par\n|\n|upkeep\n|turn|17\n|inactive|Ct0wn has 270 seconds left.\n|inactive|Girls See Ghosts has 60 seconds left.\n|\n|t:|1773606988\n|switch|p2a: Starmie|Starmie|2/100 par\n|move|p1a: Starmie|Blizzard|p2a: Starmie\n|-resisted|p2a: Starmie\n|-damage|p2a: Starmie|0 fnt\n|faint|p2a: Starmie\n|\n|t:|1773606992\n|switch|p2a: Snorlax|Snorlax|76/100\n|turn|18\n|\n|t:|1773606997\n|move|p2a: Snorlax|Body Slam|p1a: Starmie\n|-damage|p1a: Starmie|0 fnt\n|faint|p1a: Starmie\n|\n|t:|1773607001\n|switch|p1a: IRISH SPRING GREEN|Venusaur|72/100\n|turn|19\n|\n|t:|1773607005\n|move|p1a: IRISH SPRING GREEN|Razor Leaf|p2a: Snorlax\n|-crit|p2a: Snorlax\n|-damage|p2a: Snorlax|44/100\n|move|p2a: Snorlax|Body Slam|p1a: IRISH SPRING GREEN\n|-damage|p1a: IRISH SPRING GREEN|37/100\n|\n|upkeep\n|turn|20\n|inactive|Girls See Ghosts has 90 seconds left.\n|\n|t:|1773607033\n|move|p1a: IRISH SPRING GREEN|Razor Leaf|p2a: Snorlax\n|-crit|p2a: Snorlax\n|-damage|p2a: Snorlax|12/100\n|move|p2a: Snorlax|Body Slam|p1a: IRISH SPRING GREEN\n|-damage|p1a: IRISH SPRING GREEN|6/100\n|\n|upkeep\n|turn|21\n|\n|t:|1773607039\n|move|p1a: IRISH SPRING GREEN|Swords Dance|p1a: IRISH SPRING GREEN\n|-boost|p1a: IRISH SPRING GREEN|atk|2\n|move|p2a: Snorlax|Body Slam|p1a: IRISH SPRING GREEN\n|-damage|p1a: IRISH SPRING GREEN|0 fnt\n|faint|p1a: IRISH SPRING GREEN\n|\n|t:|1773607041\n|switch|p1a: Tauros|Tauros|100/100\n|turn|22\n|\n|t:|1773607043\n|move|p1a: Tauros|Body Slam|p2a: Snorlax\n|-damage|p2a: Snorlax|0 fnt\n|faint|p2a: Snorlax\n|\n|t:|1773607045\n|switch|p2a: Tauros|Tauros|100/100 slp\n|turn|23\n|\n|t:|1773607046\n|-curestatus|p2a: Tauros|slp|[msg]\n|move|p1a: Tauros|Body Slam|p2a: Tauros\n|-damage|p2a: Tauros|69/100\n|\n|upkeep\n|turn|24\n|\n|t:|1773607052\n|move|p1a: Tauros|Body Slam|p2a: Tauros\n|-damage|p2a: Tauros|41/100\n|move|p2a: Tauros|Body Slam|p1a: Tauros\n|-damage|p1a: Tauros|71/100\n|\n|upkeep\n|turn|25\n|\n|t:|1773607054\n|move|p2a: Tauros|Hyper Beam|p1a: Tauros\n|-crit|p1a: Tauros\n|-damage|p1a: Tauros|0 fnt\n|faint|p1a: Tauros\n|c|☆Ct0wn|Man\n|c|☆Girls See Ghosts|yea\n|\n|t:|1773607078\n|switch|p1a: Zapdos|Zapdos|100/100 slp\n|turn|26\n|c|☆Girls See Ghosts|mb\n|\n|t:|1773607082\n|move|p2a: Tauros|Body Slam|p1a: Zapdos\n|-crit|p1a: Zapdos\n|-damage|p1a: Zapdos|40/100 slp\n|cant|p1a: Zapdos|slp\n|\n|upkeep\n|turn|27\n|\n|t:|1773607087\n|move|p2a: Tauros|Body Slam|p1a: Zapdos\n|-damage|p1a: Zapdos|12/100 slp\n|cant|p1a: Zapdos|slp\n|\n|upkeep\n|turn|28\n|c|☆Ct0wn|Ggs\n|c|☆Girls See Ghosts|ggs\n|-message|Ct0wn forfeited.\n|\n|win|Girls See Ghosts\n","uploadtime":1773607092,"views":"872","formatid":"gen1ou","rating":null,"private":0,"password":null}