{"id":"smogtours-gen1ou-946618","format":"[Gen 1] OU","players":["Bedal Roscoe","KeshBa45"],"log":"|inactive|Battle timer is ON: inactive players will automatically lose when time's up.\n|t:|1781449640\n|gametype|singles\n|player|p1|Bedal Roscoe|sabrina-gen1|\n|player|p2|KeshBa45|red|\n|gen|1\n|tier|[Gen 1] OU\n|rule|Desync Clause Mod: Desyncs changed to move failure.\n|rule|HP Percentage Mod: HP is shown in percentages\n|rule|Endless Battle Clause: Forcing endless battles is banned\n|rule|Sleep Clause Mod: Limit one foe put to sleep\n|rule|Freeze Clause Mod: Limit one foe frozen\n|rule|Species Clause: Limit one of each Pokémon\n|rule|OHKO Clause: OHKO moves are banned\n|rule|Evasion Moves Clause: Evasion moves are banned\n|\n|t:|1781449640\n|teamsize|p1|6\n|teamsize|p2|6\n|start\n|switch|p1a: Alakazam|Alakazam|100/100\n|switch|p2a: Jynx|Jynx|100/100\n|turn|1\n|c|☆Bedal Roscoe|glhf\n|inactive|Bedal Roscoe has 270 seconds left.\n|inactive|Bedal Roscoe has 240 seconds left.\n|\n|t:|1781449721\n|switch|p2a: Chansey|Chansey|100/100\n|move|p1a: Alakazam|Thunder Wave|p2a: Chansey\n|-status|p2a: Chansey|par\n|\n|upkeep\n|turn|2\n|\n|t:|1781449736\n|move|p1a: Alakazam|Psychic|p2a: Chansey\n|-damage|p2a: Chansey|83/100 par\n|move|p2a: Chansey|Sing|p1a: Alakazam\n|-status|p1a: Alakazam|slp|[from] move: Sing\n|\n|upkeep\n|turn|3\n|\n|t:|1781449753\n|switch|p1a: Snorlax|Snorlax|100/100\n|move|p2a: Chansey|Seismic Toss|p1a: Snorlax\n|-damage|p1a: Snorlax|81/100\n|\n|upkeep\n|turn|4\n|\n|t:|1781449766\n|switch|p2a: Cloyster|Cloyster|100/100\n|move|p1a: Snorlax|Body Slam|p2a: Cloyster\n|-damage|p2a: Cloyster|77/100\n|\n|upkeep\n|turn|5\n|\n|t:|1781449778\n|switch|p1a: Chansey|Chansey|100/100\n|move|p2a: Cloyster|Blizzard|p1a: Chansey\n|-damage|p1a: Chansey|83/100\n|\n|upkeep\n|turn|6\n|inactive|Bedal Roscoe has 270 seconds left.\n|\n|t:|1781449802\n|switch|p1a: Starmie|Starmie|100/100\n|move|p2a: Cloyster|Clamp|p1a: Starmie\n|-crit|p1a: Starmie\n|-resisted|p1a: Starmie\n|-damage|p1a: Starmie|90/100\n|\n|upkeep\n|turn|7\n|\n|t:|1781449809\n|switch|p2a: Chansey|Chansey|83/100 par\n|\n|upkeep\n|turn|8\n|inactive|Bedal Roscoe has 270 seconds left.\n|\n|t:|1781449830\n|switch|p1a: Alakazam|Alakazam|100/100 slp\n|move|p2a: Chansey|Thunder Wave|p1a: Alakazam\n|-fail|p1a: Alakazam\n|\n|upkeep\n|turn|9\n|inactive|Bedal Roscoe has 270 seconds left.\n|\n|t:|1781449838\n|switch|p1a: Snorlax|Snorlax|81/100\n|move|p2a: Chansey|Thunder Wave|p1a: Snorlax\n|-status|p1a: Snorlax|par\n|\n|upkeep\n|turn|10\n|inactive|Bedal Roscoe has 270 seconds left.\n|\n|t:|1781449859\n|switch|p2a: Rhydon|Rhydon|100/100\n|move|p1a: Snorlax|Body Slam|p2a: Rhydon\n|-resisted|p2a: Rhydon\n|-damage|p2a: Rhydon|89/100\n|-status|p2a: Rhydon|par\n|\n|upkeep\n|turn|11\n|inactive|Bedal Roscoe has 270 seconds left.\n|\n|t:|1781449875\n|switch|p1a: Exeggutor|Exeggutor|100/100\n|cant|p2a: Rhydon|par\n|\n|upkeep\n|turn|12\n|inactive|Bedal Roscoe has 270 seconds left.\n|\n|t:|1781449884\n|switch|p2a: Jynx|Jynx|100/100\n|move|p1a: Exeggutor|Double-Edge|p2a: Jynx\n|-damage|p2a: Jynx|58/100\n|-damage|p1a: Exeggutor|92/100|[from] Recoil|[of] p2a: Jynx\n|\n|upkeep\n|turn|13\n|inactive|Bedal Roscoe has 270 seconds left.\n|inactive|Bedal Roscoe has 240 seconds left.\n|\n|t:|1781449925\n|switch|p1a: Chansey|Chansey|83/100\n|move|p2a: Jynx|Blizzard|p1a: Chansey\n|-damage|p1a: Chansey|64/100\n|\n|upkeep\n|turn|14\n|inactive|Bedal Roscoe has 240 seconds left.\n|inactive|KeshBa45 has 270 seconds left.\n|inactive|KeshBa45 has 240 seconds left.\n|\n|t:|1781449998\n|move|p2a: Jynx|Blizzard|p1a: Chansey\n|-crit|p1a: Chansey\n|-damage|p1a: Chansey|28/100\n|move|p1a: Chansey|Seismic Toss|p2a: Jynx\n|-damage|p2a: Jynx|28/100\n|\n|upkeep\n|turn|15\n|inactive|Bedal Roscoe has 240 seconds left.\n|\n|t:|1781450006\n|move|p2a: Jynx|Blizzard|p1a: Chansey\n|-damage|p1a: Chansey|8/100\n|move|p1a: Chansey|Soft-Boiled|p1a: Chansey\n|-heal|p1a: Chansey|58/100\n|\n|upkeep\n|turn|16\n|inactive|KeshBa45 has 240 seconds left.\n|inactive|Bedal Roscoe has 240 seconds left.\n|\n|t:|1781450024\n|move|p2a: Jynx|Blizzard|p1a: Chansey\n|-damage|p1a: Chansey|39/100\n|move|p1a: Chansey|Seismic Toss|p2a: Jynx\n|-damage|p2a: Jynx|0 fnt\n|faint|p2a: Jynx\n|inactive|KeshBa45 has 240 seconds left.\n|\n|t:|1781450031\n|switch|p2a: Tauros|Tauros|100/100\n|turn|17\n|\n|t:|1781450038\n|move|p2a: Tauros|Body Slam|p1a: Chansey\n|-damage|p1a: Chansey|1/100\n|move|p1a: Chansey|Thunder Wave|p2a: Tauros\n|-status|p2a: Tauros|par\n|\n|upkeep\n|turn|18\n|inactive|KeshBa45 has 240 seconds left.\n|inactive|KeshBa45 has 210 seconds left.\n|\n|t:|1781450099\n|move|p1a: Chansey|Seismic Toss|p2a: Tauros\n|-damage|p2a: Tauros|72/100 par\n|cant|p2a: Tauros|par\n|\n|upkeep\n|turn|19\n|\n|t:|1781450103\n|move|p1a: Chansey|Seismic Toss|p2a: Tauros\n|-damage|p2a: Tauros|44/100 par\n|cant|p2a: Tauros|par\n|\n|upkeep\n|turn|20\n|\n|t:|1781450109\n|move|p1a: Chansey|Seismic Toss|p2a: Tauros\n|-damage|p2a: Tauros|16/100 par\n|move|p2a: Tauros|Body Slam|p1a: Chansey\n|-damage|p1a: Chansey|0 fnt\n|faint|p1a: Chansey\n|\n|t:|1781450118\n|switch|p1a: Tauros|Tauros|100/100\n|turn|21\n|inactive|Bedal Roscoe has 270 seconds left.\n|inactive|KeshBa45 has 210 seconds left.\n|inactive|KeshBa45 has 180 seconds left.\n|inactive|KeshBa45 has 150 seconds left.\n|\n|t:|1781450210\n|move|p1a: Tauros|Earthquake|p2a: Tauros\n|-damage|p2a: Tauros|0 fnt\n|faint|p2a: Tauros\n|\n|t:|1781450212\n|switch|p2a: Cloyster|Cloyster|77/100\n|turn|22\n|\n|t:|1781450228\n|switch|p1a: Alakazam|Alakazam|100/100 slp\n|move|p2a: Cloyster|Blizzard|p1a: Alakazam\n|-damage|p1a: Alakazam|69/100 slp\n|\n|upkeep\n|turn|23\n|inactive|KeshBa45 has 150 seconds left.\n|inactive|KeshBa45 has 120 seconds left.\n|\n|t:|1781450282\n|cant|p1a: Alakazam|slp\n|move|p2a: Cloyster|Blizzard|p1a: Alakazam\n|-damage|p1a: Alakazam|34/100 slp\n|\n|upkeep\n|turn|24\n|\n|t:|1781450288\n|cant|p1a: Alakazam|slp\n|move|p2a: Cloyster|Blizzard|p1a: Alakazam\n|-damage|p1a: Alakazam|0 fnt\n|faint|p1a: Alakazam\n|\n|t:|1781450292\n|switch|p1a: Starmie|Starmie|90/100\n|turn|25\n|inactive|Bedal Roscoe has 270 seconds left.\n|inactive|KeshBa45 has 120 seconds left.\n|\n|t:|1781450328\n|switch|p2a: Chansey|Chansey|83/100 par\n|move|p1a: Starmie|Thunderbolt|p2a: Chansey|[miss]\n|-miss|p1a: Starmie\n|-hint|In Gen 1, moves with 100% accuracy can still miss 1/256 of the time.\n|\n|upkeep\n|turn|26\n|\n|t:|1781450339\n|switch|p1a: Snorlax|Snorlax|81/100 par\n|move|p2a: Chansey|Seismic Toss|p1a: Snorlax\n|-damage|p1a: Snorlax|62/100 par\n|\n|upkeep\n|turn|27\n|\n|t:|1781450351\n|switch|p2a: Rhydon|Rhydon|89/100 par\n|move|p1a: Snorlax|Body Slam|p2a: Rhydon\n|-resisted|p2a: Rhydon\n|-damage|p2a: Rhydon|78/100 par\n|\n|upkeep\n|turn|28\n|inactive|KeshBa45 has 120 seconds left.\n|\n|t:|1781450373\n|switch|p1a: Exeggutor|Exeggutor|92/100\n|move|p2a: Rhydon|Body Slam|p1a: Exeggutor\n|-crit|p1a: Exeggutor\n|-damage|p1a: Exeggutor|51/100\n|\n|upkeep\n|turn|29\n|\n|t:|1781450387\n|switch|p2a: Chansey|Chansey|83/100 par\n|move|p1a: Exeggutor|Psychic|p2a: Chansey\n|-crit|p2a: Chansey\n|-damage|p2a: Chansey|48/100 par\n|\n|upkeep\n|turn|30\n|inactive|Bedal Roscoe has 240 seconds left.\n|\n|t:|1781450407\n|move|p1a: Exeggutor|Double-Edge|p2a: Chansey\n|-crit|p2a: Chansey\n|-damage|p2a: Chansey|0 fnt\n|-damage|p1a: Exeggutor|30/100|[from] Recoil|[of] p2a: Chansey\n|faint|p2a: Chansey\n|\n|t:|1781450417\n|switch|p2a: Cloyster|Cloyster|77/100\n|turn|31\n|inactive|Bedal Roscoe has 240 seconds left.\n|inactive|Bedal Roscoe has 210 seconds left.\n|\n|t:|1781450479\n|move|p2a: Cloyster|Blizzard|p1a: Exeggutor\n|-supereffective|p1a: Exeggutor\n|-damage|p1a: Exeggutor|0 fnt\n|faint|p1a: Exeggutor\n|\n|t:|1781450483\n|switch|p1a: Starmie|Starmie|90/100\n|turn|32\n|inactive|KeshBa45 has 120 seconds left.\n|inactive|KeshBa45 has 90 seconds left.\n|\n|t:|1781450544\n|switch|p1a: Snorlax|Snorlax|62/100 par\n|switch|p2a: Rhydon|Rhydon|78/100 par\n|\n|upkeep\n|turn|33\n|inactive|Bedal Roscoe has 210 seconds left.\n|\n|t:|1781450562\n|move|p2a: Rhydon|Earthquake|p1a: Snorlax\n|-damage|p1a: Snorlax|27/100 par\n|move|p1a: Snorlax|Earthquake|p2a: Rhydon\n|-supereffective|p2a: Rhydon\n|-damage|p2a: Rhydon|41/100 par\n|\n|upkeep\n|turn|34\n|inactive|Bedal Roscoe has 210 seconds left.\n|inactive|KeshBa45 has 90 seconds left.\n|\n|t:|1781450588\n|move|p2a: Rhydon|Earthquake|p1a: Snorlax\n|-crit|p1a: Snorlax\n|-damage|p1a: Snorlax|0 fnt\n|faint|p1a: Snorlax\n|inactive|Bedal Roscoe has 180 seconds left.\n|\n|t:|1781450631\n|switch|p1a: Starmie|Starmie|90/100\n|turn|35\n|inactive|Bedal Roscoe has 150 seconds left.\n|inactive|KeshBa45 has 90 seconds left.\n|inactive|KeshBa45 has 60 seconds left.\n|\n|t:|1781450679\n|move|p1a: Starmie|Blizzard|p2a: Rhydon|[miss]\n|-miss|p1a: Starmie\n|move|p2a: Rhydon|Body Slam|p1a: Starmie\n|-damage|p1a: Starmie|63/100\n|\n|upkeep\n|turn|36\n|inactive|Bedal Roscoe has 120 seconds left.\n|\n|t:|1781450699\n|move|p1a: Starmie|Blizzard|p2a: Rhydon|[miss]\n|-miss|p1a: Starmie\n|cant|p2a: Rhydon|par\n|\n|upkeep\n|turn|37\n|inactive|Bedal Roscoe has 120 seconds left.\n|\n|t:|1781450710\n|move|p1a: Starmie|Blizzard|p2a: Rhydon\n|-supereffective|p2a: Rhydon\n|-damage|p2a: Rhydon|0 fnt\n|faint|p2a: Rhydon\n|\n|t:|1781450712\n|switch|p2a: Starmie|Starmie|100/100\n|turn|38\n|inactive|Bedal Roscoe has 120 seconds left.\n|\n|t:|1781450735\n|move|p1a: Starmie|Thunder Wave|p2a: Starmie\n|-status|p2a: Starmie|par\n|move|p2a: Starmie|Thunder Wave|p1a: Starmie\n|-status|p1a: Starmie|par\n|\n|upkeep\n|turn|39\n|inactive|Bedal Roscoe has 120 seconds left.\n|inactive|Bedal Roscoe has 90 seconds left.\n|\n|t:|1781450772\n|switch|p1a: Tauros|Tauros|100/100\n|move|p2a: Starmie|Thunderbolt|p1a: Tauros\n|-damage|p1a: Tauros|72/100\n|\n|upkeep\n|turn|40\n|inactive|KeshBa45 has 90 seconds left.\n|inactive|Bedal Roscoe has 90 seconds left.\n|\n|t:|1781450796\n|move|p1a: Tauros|Body Slam|p2a: Starmie\n|-damage|p2a: Starmie|65/100 par\n|cant|p2a: Starmie|par\n|\n|upkeep\n|turn|41\n|inactive|Bedal Roscoe has 90 seconds left.\n|\n|t:|1781450804\n|move|p1a: Tauros|Body Slam|p2a: Starmie\n|-crit|p2a: Starmie\n|-damage|p2a: Starmie|0 fnt\n|faint|p2a: Starmie\n|\n|t:|1781450810\n|switch|p2a: Cloyster|Cloyster|77/100\n|turn|42\n|inactive|Bedal Roscoe has 90 seconds left.\n|\n|t:|1781450835\n|move|p1a: Tauros|Body Slam|p2a: Cloyster\n|-damage|p2a: Cloyster|56/100\n|-status|p2a: Cloyster|par\n|move|p2a: Cloyster|Blizzard|p1a: Tauros\n|-crit|p1a: Tauros\n|-damage|p1a: Tauros|0 fnt\n|faint|p1a: Tauros\n|\n|t:|1781450842\n|switch|p1a: Starmie|Starmie|63/100 par\n|turn|43\n|inactive|Bedal Roscoe has 90 seconds left.\n|\n|t:|1781450853\n|move|p1a: Starmie|Thunderbolt|p2a: Cloyster\n|-supereffective|p2a: Cloyster\n|-damage|p2a: Cloyster|0 fnt\n|faint|p2a: Cloyster\n|\n|win|Bedal Roscoe\n|c|☆Bedal Roscoe|gg\n|player|p2|\n|c|☆Bedal Roscoe|i'm dead and it's game 1\n","uploadtime":1781450853,"views":"84","formatid":"gen1ou","rating":null,"private":0,"password":null}