{"id":"smogtours-gen1ou-815969","format":"[Gen 1] OU","players":["Serpi n_n","spies (psychic)"],"log":"|inactive|Battle timer is ON: inactive players will automatically lose when time's up.\n|t:|1737837144\n|gametype|singles\n|player|p1|Serpi n_n|#splxviraiders|\n|player|p2|spies (psychic)|psychic-gen1rb|\n|teamsize|p1|6\n|teamsize|p2|6\n|gen|1\n|tier|[Gen 1] OU\n|rule|Desync Clause Mod: Desyncs changed to move failure.\n|rule|Sleep Clause Mod: Limit one foe put to sleep\n|rule|Freeze Clause Mod: Limit one foe frozen\n|rule|Species Clause: Limit one of each Pokémon\n|rule|OHKO Clause: OHKO moves are banned\n|rule|Evasion Moves Clause: Evasion moves are banned\n|rule|Endless Battle Clause: Forcing endless battles is banned\n|rule|HP Percentage Mod: HP is shown in percentages\n|\n|t:|1737837144\n|start\n|switch|p1a: Starmie|Starmie|100/100\n|switch|p2a: Jynx|Jynx|100/100\n|turn|1\n|rated|Smogon Premier League\n|c|☆Serpi n_n|hf\n|c|☆spies (psychic)|hf\n|\n|t:|1737837155\n|switch|p2a: Chansey|Chansey|100/100\n|move|p1a: Starmie|Thunder Wave|p2a: Chansey\n|-status|p2a: Chansey|par\n|\n|upkeep\n|turn|2\n|inactive|Serpi n_n has 270 seconds left.\n|\n|t:|1737837186\n|move|p1a: Starmie|Surf|p2a: Chansey\n|-crit|p2a: Chansey\n|-damage|p2a: Chansey|71/100 par\n|cant|p2a: Chansey|par\n|\n|upkeep\n|turn|3\n|inactive|Serpi n_n has 270 seconds left.\n|\n|t:|1737837206\n|switch|p1a: Rhydon|Rhydon|100/100\n|cant|p2a: Chansey|par\n|\n|upkeep\n|turn|4\n|inactive|spies (psychic) has 270 seconds left.\n|\n|t:|1737837238\n|switch|p2a: Exeggutor|Exeggutor|100/100\n|move|p1a: Rhydon|Rock Slide|p2a: Exeggutor\n|-damage|p2a: Exeggutor|71/100\n|\n|upkeep\n|turn|5\n|inactive|spies (psychic) has 270 seconds left.\n|inactive|Serpi n_n has 240 seconds left.\n|\n|t:|1737837277\n|switch|p2a: Chansey|Chansey|71/100 par\n|switch|p1a: Starmie|Starmie|100/100\n|\n|upkeep\n|turn|6\n|inactive|Serpi n_n has 240 seconds left.\n|\n|t:|1737837286\n|move|p1a: Starmie|Surf|p2a: Chansey\n|-damage|p2a: Chansey|56/100 par\n|move|p2a: Chansey|Soft-Boiled|p2a: Chansey\n|-heal|p2a: Chansey|100/100 par\n|\n|upkeep\n|turn|7\n|\n|t:|1737837291\n|move|p1a: Starmie|Surf|p2a: Chansey\n|-damage|p2a: Chansey|84/100 par\n|move|p2a: Chansey|Ice Beam|p1a: Starmie\n|-resisted|p1a: Starmie\n|-damage|p1a: Starmie|89/100\n|\n|upkeep\n|turn|8\n|\n|t:|1737837300\n|switch|p1a: Exeggutor|Exeggutor|100/100\n|move|p2a: Chansey|Soft-Boiled|p2a: Chansey\n|-heal|p2a: Chansey|100/100 par\n|\n|upkeep\n|turn|9\n|\n|t:|1737837316\n|move|p1a: Exeggutor|Sleep Powder|p2a: Chansey\n|-fail|p2a: Chansey\n|cant|p2a: Chansey|par\n|\n|upkeep\n|turn|10\n|\n|t:|1737837326\n|move|p1a: Exeggutor|Sleep Powder|p2a: Chansey\n|-fail|p2a: Chansey\n|move|p2a: Chansey|Ice Beam|p1a: Exeggutor\n|-supereffective|p1a: Exeggutor\n|-damage|p1a: Exeggutor|69/100\n|-status|p1a: Exeggutor|frz\n|\n|upkeep\n|turn|11\n|\n|t:|1737837335\n|switch|p1a: Starmie|Starmie|89/100\n|move|p2a: Chansey|Ice Beam|p1a: Starmie\n|-resisted|p1a: Starmie\n|-damage|p1a: Starmie|77/100\n|\n|upkeep\n|turn|12\n|\n|t:|1737837344\n|move|p1a: Starmie|Recover|p1a: Starmie\n|-heal|p1a: Starmie|100/100\n|cant|p2a: Chansey|par\n|\n|upkeep\n|turn|13\n|\n|t:|1737837354\n|switch|p1a: Snorlax|Snorlax|100/100\n|move|p2a: Chansey|Thunderbolt|p1a: Snorlax\n|-crit|p1a: Snorlax\n|-damage|p1a: Snorlax|61/100\n|\n|upkeep\n|turn|14\n|inactive|Serpi n_n has 270 seconds left.\n|\n|t:|1737837369\n|move|p1a: Snorlax|Reflect|p1a: Snorlax\n|-start|p1a: Snorlax|Reflect\n|move|p2a: Chansey|Counter|p1a: Snorlax\n|-fail|p2a: Chansey\n|\n|upkeep\n|turn|15\n|\n|t:|1737837400\n|move|p1a: Snorlax|Ice Beam|p2a: Chansey\n|-damage|p2a: Chansey|93/100 par\n|cant|p2a: Chansey|par\n|\n|upkeep\n|turn|16\n|\n|t:|1737837414\n|move|p1a: Snorlax|Ice Beam|p2a: Chansey\n|-damage|p2a: Chansey|85/100 par\n|cant|p2a: Chansey|par\n|\n|upkeep\n|turn|17\n|\n|t:|1737837425\n|move|p1a: Snorlax|Body Slam|p2a: Chansey\n|-damage|p2a: Chansey|43/100 par\n|move|p2a: Chansey|Ice Beam|p1a: Snorlax\n|-damage|p1a: Snorlax|43/100\n|\n|upkeep\n|turn|18\n|inactive|Serpi n_n has 270 seconds left.\n|inactive|spies (psychic) has 270 seconds left.\n|\n|t:|1737837457\n|switch|p2a: Snorlax|Snorlax|100/100\n|move|p1a: Snorlax|Body Slam|p2a: Snorlax\n|-damage|p2a: Snorlax|73/100\n|\n|upkeep\n|turn|19\n|inactive|Serpi n_n has 270 seconds left.\n|\n|t:|1737837468\n|move|p1a: Snorlax|Body Slam|p2a: Snorlax\n|-damage|p2a: Snorlax|48/100\n|move|p2a: Snorlax|Counter|p1a: Snorlax\n|-damage|p1a: Snorlax|0 fnt\n|faint|p1a: Snorlax\n|inactive|Serpi n_n has 270 seconds left.\n|inactive|Serpi n_n has 240 seconds left.\n|\n|t:|1737837520\n|switch|p1a: Rhydon|Rhydon|100/100\n|turn|20\n|\n|t:|1737837529\n|switch|p2a: Exeggutor|Exeggutor|71/100\n|move|p1a: Rhydon|Rock Slide|p2a: Exeggutor\n|-damage|p2a: Exeggutor|40/100\n|\n|upkeep\n|turn|21\n|inactive|Serpi n_n has 240 seconds left.\n|inactive|spies (psychic) has 270 seconds left.\n|\n|t:|1737837553\n|switch|p1a: Chansey|Chansey|100/100\n|move|p2a: Exeggutor|Stun Spore|p1a: Chansey|[miss]\n|-miss|p2a: Exeggutor\n|\n|upkeep\n|turn|22\n|inactive|spies (psychic) has 270 seconds left.\n|inactive|Serpi n_n has 210 seconds left.\n|\n|t:|1737837592\n|switch|p2a: Chansey|Chansey|43/100 par\n|move|p1a: Chansey|Sing|p2a: Chansey\n|-fail|p2a: Chansey\n|\n|upkeep\n|turn|23\n|\n|t:|1737837598\n|switch|p1a: Tauros|Tauros|100/100\n|move|p2a: Chansey|Soft-Boiled|p2a: Chansey\n|-heal|p2a: Chansey|93/100 par\n|\n|upkeep\n|turn|24\n|inactive|spies (psychic) has 270 seconds left.\n|inactive|Serpi n_n has 210 seconds left.\n|\n|t:|1737837624\n|switch|p2a: Starmie|Starmie|100/100\n|move|p1a: Tauros|Earthquake|p2a: Starmie\n|-crit|p2a: Starmie\n|-damage|p2a: Starmie|50/100\n|\n|upkeep\n|turn|25\n|inactive|spies (psychic) has 240 seconds left.\n|\n|t:|1737837647\n|switch|p1a: Chansey|Chansey|100/100\n|move|p2a: Starmie|Thunder Wave|p1a: Chansey\n|-status|p1a: Chansey|par\n|\n|upkeep\n|turn|26\n|\n|t:|1737837654\n|switch|p2a: Chansey|Chansey|93/100 par\n|cant|p1a: Chansey|par\n|\n|upkeep\n|turn|27\n|\n|t:|1737837671\n|move|p2a: Chansey|Ice Beam|p1a: Chansey\n|-damage|p1a: Chansey|89/100 par\n|move|p1a: Chansey|Thunder Wave|p2a: Chansey\n|-fail|p2a: Chansey|par\n|\n|upkeep\n|turn|28\n|\n|t:|1737837681\n|move|p1a: Chansey|Thunder Wave|p2a: Chansey\n|-fail|p2a: Chansey|par\n|move|p2a: Chansey|Ice Beam|p1a: Chansey\n|-damage|p1a: Chansey|79/100 par\n|\n|upkeep\n|turn|29\n|\n|t:|1737837692\n|switch|p2a: Snorlax|Snorlax|48/100\n|move|p1a: Chansey|Sing|p2a: Snorlax\n|-status|p2a: Snorlax|slp|[from] move: Sing\n|\n|upkeep\n|turn|30\n|inactive|Serpi n_n has 180 seconds left.\n|\n|t:|1737837713\n|switch|p2a: Starmie|Starmie|50/100\n|move|p1a: Chansey|Seismic Toss|p2a: Starmie\n|-damage|p2a: Starmie|19/100\n|\n|upkeep\n|turn|31\n|inactive|spies (psychic) has 270 seconds left.\n|\n|t:|1737837720\n|move|p2a: Starmie|Recover|p2a: Starmie\n|-heal|p2a: Starmie|69/100\n|move|p1a: Chansey|Thunder Wave|p2a: Starmie\n|-status|p2a: Starmie|par\n|\n|upkeep\n|turn|32\n|inactive|spies (psychic) has 270 seconds left.\n|\n|t:|1737837737\n|move|p2a: Starmie|Recover|p2a: Starmie\n|-heal|p2a: Starmie|100/100 par\n|move|p1a: Chansey|Seismic Toss|p2a: Starmie\n|-damage|p2a: Starmie|70/100 par\n|\n|upkeep\n|turn|33\n|\n|t:|1737837742\n|move|p2a: Starmie|Recover|p2a: Starmie\n|-heal|p2a: Starmie|100/100 par\n|move|p1a: Chansey|Seismic Toss|p2a: Starmie\n|-damage|p2a: Starmie|70/100 par\n|\n|upkeep\n|turn|34\n|\n|t:|1737837747\n|cant|p2a: Starmie|par\n|move|p1a: Chansey|Seismic Toss|p2a: Starmie\n|-damage|p2a: Starmie|39/100 par\n|\n|upkeep\n|turn|35\n|inactive|Serpi n_n has 210 seconds left.\n|\n|t:|1737837756\n|cant|p2a: Starmie|par\n|move|p1a: Chansey|Seismic Toss|p2a: Starmie\n|-damage|p2a: Starmie|8/100 par\n|\n|upkeep\n|turn|36\n|\n|t:|1737837760\n|move|p2a: Starmie|Recover|p2a: Starmie\n|-heal|p2a: Starmie|57/100 par\n|move|p1a: Chansey|Seismic Toss|p2a: Starmie\n|-damage|p2a: Starmie|27/100 par\n|\n|upkeep\n|turn|37\n|\n|t:|1737837763\n|move|p2a: Starmie|Recover|p2a: Starmie\n|-heal|p2a: Starmie|76/100 par\n|move|p1a: Chansey|Seismic Toss|p2a: Starmie\n|-damage|p2a: Starmie|45/100 par\n|\n|upkeep\n|turn|38\n|\n|t:|1737837767\n|switch|p1a: Rhydon|Rhydon|100/100\n|cant|p2a: Starmie|par\n|\n|upkeep\n|turn|39\n|inactive|Serpi n_n has 240 seconds left.\n|\n|t:|1737837791\n|switch|p2a: Exeggutor|Exeggutor|40/100\n|move|p1a: Rhydon|Body Slam|p2a: Exeggutor\n|-damage|p2a: Exeggutor|20/100\n|-status|p2a: Exeggutor|par\n|\n|upkeep\n|turn|40\n|\n|t:|1737837807\n|move|p1a: Rhydon|Body Slam|p2a: Exeggutor\n|-damage|p2a: Exeggutor|0 fnt\n|faint|p2a: Exeggutor\n|\n|t:|1737837812\n|switch|p2a: Tauros|Tauros|100/100\n|turn|41\n|inactive|Serpi n_n has 240 seconds left.\n|\n|t:|1737837835\n|switch|p1a: Starmie|Starmie|100/100\n|move|p2a: Tauros|Body Slam|p1a: Starmie\n|-damage|p1a: Starmie|63/100\n|\n|upkeep\n|turn|42\n|\n|t:|1737837852\n|switch|p2a: Chansey|Chansey|93/100 par\n|move|p1a: Starmie|Recover|p1a: Starmie\n|-heal|p1a: Starmie|100/100\n|\n|upkeep\n|turn|43\n|\n|t:|1737837875\n|switch|p2a: Starmie|Starmie|45/100 par\n|move|p1a: Starmie|Surf|p2a: Starmie\n|-resisted|p2a: Starmie\n|-damage|p2a: Starmie|29/100 par\n|\n|upkeep\n|turn|44\n|\n|t:|1737837885\n|switch|p1a: Rhydon|Rhydon|100/100\n|switch|p2a: Chansey|Chansey|93/100 par\n|\n|upkeep\n|turn|45\n|inactive|Serpi n_n has 210 seconds left.\n|\n|t:|1737837925\n|switch|p2a: Snorlax|Snorlax|48/100 slp\n|move|p1a: Rhydon|Earthquake|p2a: Snorlax\n|-damage|p2a: Snorlax|13/100 slp\n|\n|upkeep\n|turn|46\n|inactive|Serpi n_n has 180 seconds left.\n|\n|t:|1737837966\n|switch|p1a: Tauros|Tauros|100/100\n|cant|p2a: Snorlax|slp\n|\n|upkeep\n|turn|47\n|\n|t:|1737837973\n|move|p1a: Tauros|Earthquake|p2a: Snorlax\n|-damage|p2a: Snorlax|0 fnt\n|faint|p2a: Snorlax\n|\n|t:|1737837987\n|switch|p2a: Jynx|Jynx|100/100\n|turn|48\n|inactive|Serpi n_n has 180 seconds left.\n|inactive|spies (psychic) has 270 seconds left.\n|inactive|spies (psychic) has 240 seconds left.\n|\n|t:|1737838048\n|switch|p1a: Chansey|Chansey|79/100 par\n|move|p2a: Jynx|Lovely Kiss|p1a: Chansey|[miss]\n|-miss|p2a: Jynx\n|\n|upkeep\n|turn|49\n|inactive|Serpi n_n has 150 seconds left.\n|\n|t:|1737838073\n|switch|p2a: Chansey|Chansey|93/100 par\n|cant|p1a: Chansey|par\n|\n|upkeep\n|turn|50\n|\n|t:|1737838079\n|cant|p2a: Chansey|par\n|move|p1a: Chansey|Soft-Boiled|p1a: Chansey\n|-heal|p1a: Chansey|100/100 par\n|\n|upkeep\n|turn|51\n|\n|t:|1737838089\n|move|p2a: Chansey|Thunderbolt|p1a: Chansey\n|-damage|p1a: Chansey|90/100 par\n|move|p1a: Chansey|Thunder Wave|p2a: Chansey\n|-fail|p2a: Chansey|par\n|\n|upkeep\n|turn|52\n|\n|t:|1737838098\n|move|p1a: Chansey|Seismic Toss|p2a: Chansey\n|-damage|p2a: Chansey|79/100 par\n|move|p2a: Chansey|Thunderbolt|p1a: Chansey\n|-damage|p1a: Chansey|79/100 par\n|\n|upkeep\n|turn|53\n|\n|t:|1737838110\n|switch|p2a: Starmie|Starmie|29/100 par\n|move|p1a: Chansey|Seismic Toss|p2a: Starmie\n|-damage|p2a: Starmie|0 fnt\n|faint|p2a: Starmie\n|\n|t:|1737838115\n|switch|p2a: Tauros|Tauros|100/100\n|turn|54\n|\n|t:|1737838123\n|move|p2a: Tauros|Body Slam|p1a: Chansey\n|-damage|p1a: Chansey|40/100 par\n|move|p1a: Chansey|Thunder Wave|p2a: Tauros\n|-status|p2a: Tauros|par\n|\n|upkeep\n|turn|55\n|\n|t:|1737838135\n|switch|p1a: Starmie|Starmie|100/100\n|move|p2a: Tauros|Body Slam|p1a: Starmie\n|-damage|p1a: Starmie|67/100\n|\n|upkeep\n|turn|56\n|\n|t:|1737838152\n|switch|p2a: Chansey|Chansey|79/100 par\n|move|p1a: Starmie|Surf|p2a: Chansey\n|-damage|p2a: Chansey|63/100 par\n|\n|upkeep\n|turn|57\n|\n|t:|1737838160\n|move|p1a: Starmie|Recover|p1a: Starmie\n|-heal|p1a: Starmie|100/100\n|move|p2a: Chansey|Thunderbolt|p1a: Starmie\n|-supereffective|p1a: Starmie\n|-damage|p1a: Starmie|51/100\n|\n|upkeep\n|turn|58\n|inactive|Serpi n_n has 180 seconds left.\n|\n|t:|1737838191\n|move|p1a: Starmie|Recover|p1a: Starmie\n|-heal|p1a: Starmie|100/100\n|move|p2a: Chansey|Thunderbolt|p1a: Starmie\n|-supereffective|p1a: Starmie\n|-damage|p1a: Starmie|50/100\n|\n|upkeep\n|turn|59\n|\n|t:|1737838198\n|move|p1a: Starmie|Recover|p1a: Starmie\n|-heal|p1a: Starmie|99/100\n|cant|p2a: Chansey|par\n|\n|upkeep\n|turn|60\n|inactive|Serpi n_n has 150 seconds left.\n|\n|t:|1737838225\n|switch|p1a: Rhydon|Rhydon|100/100\n|move|p2a: Chansey|Thunderbolt|p1a: Rhydon\n|-immune|p1a: Rhydon\n|\n|upkeep\n|turn|61\n|\n|t:|1737838241\n|move|p1a: Rhydon|Earthquake|p2a: Chansey\n|-damage|p2a: Chansey|10/100 par\n|move|p2a: Chansey|Ice Beam|p1a: Rhydon\n|-supereffective|p1a: Rhydon\n|-damage|p1a: Rhydon|46/100\n|\n|upkeep\n|turn|62\n|\n|t:|1737838248\n|move|p1a: Rhydon|Earthquake|p2a: Chansey\n|-damage|p2a: Chansey|0 fnt\n|faint|p2a: Chansey\n|\n|t:|1737838252\n|switch|p2a: Jynx|Jynx|100/100\n|turn|63\n|inactive|Serpi n_n has 150 seconds left.\n|\n|t:|1737838290\n|switch|p1a: Exeggutor|Exeggutor|69/100 frz\n|move|p2a: Jynx|Blizzard|p1a: Exeggutor\n|-supereffective|p1a: Exeggutor\n|-damage|p1a: Exeggutor|7/100 frz\n|\n|upkeep\n|turn|64\n|\n|t:|1737838298\n|move|p2a: Jynx|Blizzard|p1a: Exeggutor\n|-crit|p1a: Exeggutor\n|-supereffective|p1a: Exeggutor\n|-damage|p1a: Exeggutor|0 fnt\n|faint|p1a: Exeggutor\n|\n|t:|1737838303\n|switch|p1a: Chansey|Chansey|40/100 par\n|turn|65\n|\n|t:|1737838307\n|switch|p2a: Tauros|Tauros|100/100 par\n|move|p1a: Chansey|Soft-Boiled|p1a: Chansey\n|-heal|p1a: Chansey|90/100 par\n|\n|upkeep\n|turn|66\n|\n|t:|1737838324\n|switch|p1a: Starmie|Starmie|99/100\n|move|p2a: Tauros|Body Slam|p1a: Starmie\n|-damage|p1a: Starmie|66/100\n|\n|upkeep\n|turn|67\n|\n|t:|1737838339\n|switch|p2a: Jynx|Jynx|100/100\n|move|p1a: Starmie|Surf|p2a: Jynx\n|-damage|p2a: Jynx|66/100\n|\n|upkeep\n|turn|68\n|inactive|Serpi n_n has 150 seconds left.\n|inactive|Serpi n_n has 120 seconds left.\n|\n|t:|1737838400\n|switch|p1a: Chansey|Chansey|90/100 par\n|move|p2a: Jynx|Lovely Kiss|p1a: Chansey\n|-fail|p1a: Chansey\n|\n|upkeep\n|turn|69\n|\n|t:|1737838406\n|switch|p2a: Tauros|Tauros|100/100 par\n|move|p1a: Chansey|Seismic Toss|p2a: Tauros|[miss]\n|-miss|p1a: Chansey\n|-hint|In Gen 1, moves with 100% accuracy can still miss 1/256 of the time.\n|\n|upkeep\n|turn|70\n|inactive|Serpi n_n has 120 seconds left.\n|\n|t:|1737838445\n|switch|p1a: Rhydon|Rhydon|46/100\n|move|p2a: Tauros|Body Slam|p1a: Rhydon\n|-resisted|p1a: Rhydon\n|-damage|p1a: Rhydon|35/100\n|-status|p1a: Rhydon|par\n|\n|upkeep\n|turn|71\n|\n|t:|1737838455\n|move|p2a: Tauros|Blizzard|p1a: Rhydon\n|-supereffective|p1a: Rhydon\n|-damage|p1a: Rhydon|0 fnt\n|faint|p1a: Rhydon\n|\n|t:|1737838469\n|switch|p1a: Starmie|Starmie|66/100\n|turn|72\n|inactive|spies (psychic) has 270 seconds left.\n|inactive|spies (psychic) has 240 seconds left.\n|\n|t:|1737838529\n|switch|p2a: Jynx|Jynx|66/100\n|move|p1a: Starmie|Surf|p2a: Jynx\n|-damage|p2a: Jynx|31/100\n|\n|upkeep\n|turn|73\n|\n|t:|1737838535\n|move|p1a: Starmie|Surf|p2a: Jynx\n|-crit|p2a: Jynx\n|-damage|p2a: Jynx|0 fnt\n|faint|p2a: Jynx\n|\n|t:|1737838538\n|switch|p2a: Tauros|Tauros|100/100 par\n|turn|74\n|\n|t:|1737838544\n|move|p1a: Starmie|Surf|p2a: Tauros\n|-crit|p2a: Tauros\n|-damage|p2a: Tauros|18/100 par\n|move|p2a: Tauros|Body Slam|p1a: Starmie\n|-damage|p1a: Starmie|34/100\n|\n|upkeep\n|turn|75\n|\n|t:|1737838551\n|move|p1a: Starmie|Surf|p2a: Tauros\n|-damage|p2a: Tauros|0 fnt\n|faint|p2a: Tauros\n|\n|win|Serpi n_n\n|c|☆Serpi n_n|ggs\n|c|☆spies (psychic)|ggs\n|player|p1|\n","uploadtime":1737838057,"views":"2183","formatid":"gen1ou","rating":null,"private":0,"password":null}