{"id":"smogtours-gen1ou-959754","format":"[Gen 1] OU","players":["BlazingDark","marcoasd"],"log":"|inactive|Battle timer is ON: inactive players will automatically lose when time's up.\n|t:|1785173942\n|gametype|singles\n|player|p1|BlazingDark|blue-gen1|\n|player|p2|marcoasd|265|\n|gen|1\n|tier|[Gen 1] OU\n|rule|Desync Clause Mod: Desyncs resolve to link battle behavior from the acting player's perspective.\n|rule|HP Percentage Mod: HP is shown in percentages\n|rule|Endless Battle Clause: Forcing endless battles is banned\n|rule|Sleep Clause Mod: Limit one foe put to sleep\n|rule|Freeze Clause Mod: Limit one foe frozen\n|rule|Species Clause: Limit one of each Pokémon\n|rule|OHKO Clause: OHKO moves are banned\n|rule|Evasion Moves Clause: Evasion moves are banned\n|\n|t:|1785173942\n|teamsize|p1|6\n|teamsize|p2|6\n|start\n|switch|p1a: Jolteon|Jolteon|100/100\n|switch|p2a: Starmie|Starmie|100/100\n|turn|1\n|inactive|BlazingDark also wants the timer to be on.\n|c|☆BlazingDark|hf\n|c|☆marcoasd|u2\n|\n|t:|1785173959\n|switch|p2a: Chansey|Chansey|100/100\n|move|p1a: Jolteon|Toxic|p2a: Chansey\n|-status|p2a: Chansey|tox\n|\n|upkeep\n|turn|2\n|\n|t:|1785173982\n|move|p1a: Jolteon|Double Kick|p2a: Chansey\n|-crit|p2a: Chansey\n|-supereffective|p2a: Chansey\n|-damage|p2a: Chansey|74/100 tox\n|-damage|p2a: Chansey|47/100 tox\n|-hitcount|p2a: Chansey|2\n|move|p2a: Chansey|Sing|p1a: Jolteon\n|-status|p1a: Jolteon|slp|[from] move: Sing\n|-damage|p2a: Chansey|41/100 tox|[from] psn\n|\n|upkeep\n|turn|3\n|inactive|BlazingDark has 270 seconds left.\n|\n|t:|1785174005\n|cant|p1a: Jolteon|slp\n|move|p2a: Chansey|Soft-Boiled|p2a: Chansey\n|-heal|p2a: Chansey|91/100 tox\n|-damage|p2a: Chansey|79/100 tox|[from] psn\n|\n|upkeep\n|turn|4\n|\n|t:|1785174013\n|switch|p1a: Chansey|Chansey|100/100\n|switch|p2a: Starmie|Starmie|100/100\n|\n|upkeep\n|turn|5\n|\n|t:|1785174019\n|switch|p2a: Chansey|Chansey|79/100 tox\n|-status|p2a: Chansey|psn|[silent]\n|-damage|p2a: Chansey|72/100 psn|[from] psn\n|move|p1a: Chansey|Toxic|p2a: Chansey\n|-fail|p2a: Chansey\n|\n|upkeep\n|turn|6\n|\n|t:|1785174033\n|switch|p1a: Jolteon|Jolteon|100/100 slp\n|move|p2a: Chansey|Seismic Toss|p1a: Jolteon\n|-damage|p1a: Jolteon|70/100 slp\n|-damage|p2a: Chansey|66/100 psn|[from] psn|[of] p1a: Jolteon\n|\n|upkeep\n|turn|7\n|\n|t:|1785174038\n|switch|p1a: Chansey|Chansey|100/100\n|move|p2a: Chansey|Soft-Boiled|p2a: Chansey\n|-heal|p2a: Chansey|100/100 psn\n|-damage|p2a: Chansey|94/100 psn|[from] psn\n|\n|upkeep\n|turn|8\n|\n|t:|1785174046\n|switch|p1a: Exeggutor|Exeggutor|100/100\n|move|p2a: Chansey|Thunder Wave|p1a: Exeggutor\n|-status|p1a: Exeggutor|par\n|-damage|p2a: Chansey|88/100 psn|[from] psn|[of] p1a: Exeggutor\n|\n|upkeep\n|turn|9\n|\n|t:|1785174055\n|move|p2a: Chansey|Seismic Toss|p1a: Exeggutor\n|-damage|p1a: Exeggutor|75/100 par\n|-damage|p2a: Chansey|82/100 psn|[from] psn|[of] p1a: Exeggutor\n|move|p1a: Exeggutor|Psychic|p2a: Chansey\n|-crit|p2a: Chansey\n|-damage|p2a: Chansey|49/100 psn\n|\n|upkeep\n|turn|10\n|\n|t:|1785174075\n|move|p2a: Chansey|Soft-Boiled|p2a: Chansey\n|-heal|p2a: Chansey|99/100 psn\n|-damage|p2a: Chansey|93/100 psn|[from] psn\n|move|p1a: Exeggutor|Psychic|p2a: Chansey\n|-damage|p2a: Chansey|75/100 psn\n|\n|upkeep\n|turn|11\n|\n|t:|1785174092\n|move|p2a: Chansey|Seismic Toss|p1a: Exeggutor\n|-damage|p1a: Exeggutor|50/100 par\n|-damage|p2a: Chansey|69/100 psn|[from] psn|[of] p1a: Exeggutor\n|cant|p1a: Exeggutor|par\n|\n|upkeep\n|turn|12\n|\n|t:|1785174106\n|switch|p2a: Starmie|Starmie|100/100\n|cant|p1a: Exeggutor|par\n|\n|upkeep\n|turn|13\n|\n|t:|1785174117\n|switch|p1a: Chansey|Chansey|100/100\n|move|p2a: Starmie|Blizzard|p1a: Chansey\n|-damage|p1a: Chansey|88/100\n|\n|upkeep\n|turn|14\n|\n|t:|1785174139\n|switch|p2a: Chansey|Chansey|69/100 psn\n|-damage|p2a: Chansey|63/100 psn|[from] psn\n|switch|p1a: Exeggutor|Exeggutor|50/100 par\n|\n|upkeep\n|turn|15\n|\n|t:|1785174148\n|move|p2a: Chansey|Seismic Toss|p1a: Exeggutor\n|-damage|p1a: Exeggutor|24/100 par\n|-damage|p2a: Chansey|56/100 psn|[from] psn|[of] p1a: Exeggutor\n|cant|p1a: Exeggutor|par\n|\n|upkeep\n|turn|16\n|c|☆BlazingDark|sucks\n|\n|t:|1785174163\n|switch|p1a: Jolteon|Jolteon|70/100 slp\n|move|p2a: Chansey|Seismic Toss|p1a: Jolteon\n|-damage|p1a: Jolteon|40/100 slp\n|-damage|p2a: Chansey|50/100 psn|[from] psn|[of] p1a: Jolteon\n|\n|upkeep\n|turn|17\n|\n|t:|1785174170\n|-curestatus|p1a: Jolteon|slp|[msg]\n|move|p2a: Chansey|Soft-Boiled|p2a: Chansey\n|-heal|p2a: Chansey|99/100 psn\n|-damage|p2a: Chansey|94/100 psn|[from] psn\n|\n|upkeep\n|turn|18\n|\n|t:|1785174178\n|switch|p2a: Exeggutor|Exeggutor|100/100\n|move|p1a: Jolteon|Double Kick|p2a: Exeggutor\n|-crit|p2a: Exeggutor\n|-resisted|p2a: Exeggutor\n|-damage|p2a: Exeggutor|96/100\n|-damage|p2a: Exeggutor|91/100\n|-hitcount|p2a: Exeggutor|2\n|\n|upkeep\n|turn|19\n|\n|t:|1785174186\n|switch|p2a: Rhydon|Rhydon|100/100\n|move|p1a: Jolteon|Thunder Wave|p2a: Rhydon\n|-immune|p2a: Rhydon\n|\n|upkeep\n|turn|20\n|\n|t:|1785174200\n|move|p1a: Jolteon|Toxic|p2a: Rhydon|[miss]\n|-miss|p1a: Jolteon\n|move|p2a: Rhydon|Earthquake|p1a: Jolteon\n|-supereffective|p1a: Jolteon\n|-damage|p1a: Jolteon|0 fnt\n|faint|p1a: Jolteon\n|\n|t:|1785174205\n|switch|p1a: Chansey|Chansey|88/100\n|turn|21\n|\n|t:|1785174210\n|switch|p1a: Tauros|Tauros|100/100\n|switch|p2a: Chansey|Chansey|94/100 psn\n|-damage|p2a: Chansey|88/100 psn|[from] psn\n|\n|upkeep\n|turn|22\n|\n|t:|1785174216\n|move|p1a: Tauros|Body Slam|p2a: Chansey\n|-damage|p2a: Chansey|47/100 psn\n|move|p2a: Chansey|Thunder Wave|p1a: Tauros\n|-status|p1a: Tauros|par\n|-damage|p2a: Chansey|41/100 psn|[from] psn|[of] p1a: Tauros\n|\n|upkeep\n|turn|23\n|\n|t:|1785174226\n|switch|p2a: Snorlax|Snorlax|100/100\n|move|p1a: Tauros|Earthquake|p2a: Snorlax\n|-damage|p2a: Snorlax|80/100\n|\n|upkeep\n|turn|24\n|\n|t:|1785174230\n|move|p2a: Snorlax|Body Slam|p1a: Tauros\n|-crit|p1a: Tauros\n|-damage|p1a: Tauros|41/100 par\n|move|p1a: Tauros|Body Slam|p2a: Snorlax\n|-crit|p2a: Snorlax\n|-damage|p2a: Snorlax|31/100\n|\n|upkeep\n|turn|25\n|\n|t:|1785174247\n|move|p2a: Snorlax|Reflect|p2a: Snorlax\n|-start|p2a: Snorlax|Reflect\n|cant|p1a: Tauros|par\n|\n|upkeep\n|turn|26\n|\n|t:|1785174252\n|move|p2a: Snorlax|Body Slam|p1a: Tauros\n|-damage|p1a: Tauros|11/100 par\n|move|p1a: Tauros|Rest|p1a: Tauros\n|-status|p1a: Tauros|slp|[from] move: Rest\n|-heal|p1a: Tauros|100/100 slp|[silent]\n|\n|upkeep\n|turn|27\n|\n|t:|1785174259\n|move|p2a: Snorlax|Body Slam|p1a: Tauros\n|-damage|p1a: Tauros|68/100 slp\n|cant|p1a: Tauros|slp\n|\n|upkeep\n|turn|28\n|\n|t:|1785174261\n|move|p2a: Snorlax|Body Slam|p1a: Tauros\n|-damage|p1a: Tauros|34/100 slp\n|-curestatus|p1a: Tauros|slp|[msg]\n|\n|upkeep\n|turn|29\n|\n|t:|1785174269\n|move|p2a: Snorlax|Body Slam|p1a: Tauros\n|-damage|p1a: Tauros|3/100\n|move|p1a: Tauros|Body Slam|p2a: Snorlax\n|-damage|p2a: Snorlax|18/100\n|\n|upkeep\n|turn|30\n|\n|t:|1785174278\n|switch|p1a: Exeggutor|Exeggutor|24/100 par\n|move|p2a: Snorlax|Body Slam|p1a: Exeggutor\n|-damage|p1a: Exeggutor|0 fnt\n|faint|p1a: Exeggutor\n|\n|t:|1785174283\n|switch|p1a: Alakazam|Alakazam|100/100\n|turn|31\n|inactive|marcoasd has 270 seconds left.\n|\n|t:|1785174319\n|move|p1a: Alakazam|Psychic|p2a: Snorlax\n|-damage|p2a: Snorlax|0 fnt\n|faint|p2a: Snorlax\n|\n|t:|1785174322\n|switch|p2a: Chansey|Chansey|41/100 psn\n|turn|32\n|inactive|BlazingDark has 270 seconds left.\n|\n|t:|1785174362\n|move|p1a: Alakazam|Psychic|p2a: Chansey\n|-damage|p2a: Chansey|22/100 psn\n|move|p2a: Chansey|Soft-Boiled|p2a: Chansey\n|-heal|p2a: Chansey|72/100 psn\n|-damage|p2a: Chansey|66/100 psn|[from] psn\n|\n|upkeep\n|turn|33\n|\n|t:|1785174371\n|move|p1a: Alakazam|Psychic|p2a: Chansey\n|-crit|p2a: Chansey\n|-damage|p2a: Chansey|29/100 psn\n|-unboost|p2a: Chansey|spa|1\n|-unboost|p2a: Chansey|spd|1\n|move|p2a: Chansey|Soft-Boiled|p2a: Chansey\n|-heal|p2a: Chansey|79/100 psn\n|-damage|p2a: Chansey|73/100 psn|[from] psn\n|\n|upkeep\n|turn|34\n|\n|t:|1785174384\n|move|p1a: Alakazam|Thunder Wave|p2a: Chansey\n|-fail|p2a: Chansey\n|move|p2a: Chansey|Soft-Boiled|p2a: Chansey\n|-heal|p2a: Chansey|100/100 psn\n|-damage|p2a: Chansey|94/100 psn|[from] psn\n|\n|upkeep\n|turn|35\n|\n|t:|1785174389\n|move|p1a: Alakazam|Psychic|p2a: Chansey\n|-damage|p2a: Chansey|68/100 psn\n|-unboost|p2a: Chansey|spa|1\n|-unboost|p2a: Chansey|spd|1\n|move|p2a: Chansey|Sing|p1a: Alakazam|[miss]\n|-miss|p2a: Chansey\n|-damage|p2a: Chansey|62/100 psn|[from] psn|[of] p1a: Alakazam\n|\n|upkeep\n|turn|36\n|\n|t:|1785174398\n|move|p1a: Alakazam|Thunder Wave|p2a: Chansey\n|-fail|p2a: Chansey\n|move|p2a: Chansey|Thunder Wave|p1a: Alakazam\n|-status|p1a: Alakazam|par\n|-damage|p2a: Chansey|56/100 psn|[from] psn|[of] p1a: Alakazam\n|\n|upkeep\n|turn|37\n|\n|t:|1785174405\n|move|p2a: Chansey|Soft-Boiled|p2a: Chansey\n|-heal|p2a: Chansey|100/100 psn\n|-damage|p2a: Chansey|94/100 psn|[from] psn\n|move|p1a: Alakazam|Psychic|p2a: Chansey\n|-damage|p2a: Chansey|60/100 psn\n|\n|upkeep\n|turn|38\n|\n|t:|1785174412\n|move|p2a: Chansey|Soft-Boiled|p2a: Chansey\n|-heal|p2a: Chansey|100/100 psn\n|-damage|p2a: Chansey|94/100 psn|[from] psn\n|move|p1a: Alakazam|Psychic|p2a: Chansey\n|-damage|p2a: Chansey|60/100 psn\n|\n|upkeep\n|turn|39\n|\n|t:|1785174420\n|switch|p2a: Exeggutor|Exeggutor|91/100\n|switch|p1a: Tauros|Tauros|3/100\n|\n|upkeep\n|turn|40\n|\n|t:|1785174429\n|switch|p1a: Alakazam|Alakazam|100/100 par\n|move|p2a: Exeggutor|Psychic|p1a: Alakazam\n|-resisted|p1a: Alakazam\n|-damage|p1a: Alakazam|86/100 par\n|\n|upkeep\n|turn|41\n|\n|t:|1785174436\n|move|p2a: Exeggutor|Psychic|p1a: Alakazam\n|-resisted|p1a: Alakazam\n|-damage|p1a: Alakazam|70/100 par\n|move|p1a: Alakazam|Psychic|p2a: Exeggutor\n|-resisted|p2a: Exeggutor\n|-damage|p2a: Exeggutor|77/100\n|\n|upkeep\n|turn|42\n|\n|t:|1785174442\n|switch|p2a: Chansey|Chansey|60/100 psn\n|-damage|p2a: Chansey|54/100 psn|[from] psn\n|move|p1a: Alakazam|Psychic|p2a: Chansey\n|-damage|p2a: Chansey|35/100 psn\n|\n|upkeep\n|turn|43\n|\n|t:|1785174450\n|move|p2a: Chansey|Soft-Boiled|p2a: Chansey\n|-heal|p2a: Chansey|85/100 psn\n|-damage|p2a: Chansey|79/100 psn|[from] psn\n|cant|p1a: Alakazam|par\n|\n|upkeep\n|turn|44\n|\n|t:|1785174456\n|move|p2a: Chansey|Seismic Toss|p1a: Alakazam\n|-damage|p1a: Alakazam|39/100 par\n|-damage|p2a: Chansey|73/100 psn|[from] psn|[of] p1a: Alakazam\n|move|p1a: Alakazam|Psychic|p2a: Chansey\n|-crit|p2a: Chansey\n|-damage|p2a: Chansey|38/100 psn\n|\n|upkeep\n|turn|45\n|\n|t:|1785174463\n|move|p2a: Chansey|Soft-Boiled|p2a: Chansey\n|-heal|p2a: Chansey|88/100 psn\n|-damage|p2a: Chansey|82/100 psn|[from] psn\n|cant|p1a: Alakazam|par\n|\n|upkeep\n|turn|46\n|\n|t:|1785174469\n|move|p2a: Chansey|Seismic Toss|p1a: Alakazam\n|-damage|p1a: Alakazam|7/100 par\n|-damage|p2a: Chansey|76/100 psn|[from] psn|[of] p1a: Alakazam\n|cant|p1a: Alakazam|par\n|\n|upkeep\n|turn|47\n|\n|t:|1785174476\n|move|p2a: Chansey|Seismic Toss|p1a: Alakazam\n|-damage|p1a: Alakazam|0 fnt\n|faint|p1a: Alakazam\n|\n|t:|1785174478\n|switch|p1a: Tauros|Tauros|3/100\n|turn|48\n|\n|t:|1785174492\n|switch|p2a: Rhydon|Rhydon|100/100\n|move|p1a: Tauros|Hyper Beam|p2a: Rhydon\n|-resisted|p2a: Rhydon\n|-damage|p2a: Rhydon|81/100\n|-mustrecharge|p1a: Tauros\n|\n|upkeep\n|turn|49\n|\n|t:|1785174507\n|cant|p1a: Tauros|recharge\n|move|p2a: Rhydon|Body Slam|p1a: Tauros\n|-damage|p1a: Tauros|0 fnt\n|faint|p1a: Tauros\n|\n|t:|1785174511\n|switch|p1a: Chansey|Chansey|88/100\n|turn|50\n|\n|t:|1785174519\n|switch|p1a: Moltres|Moltres|100/100\n|switch|p2a: Chansey|Chansey|76/100 psn\n|-damage|p2a: Chansey|70/100 psn|[from] psn\n|\n|upkeep\n|turn|51\n|\n|t:|1785174529\n|move|p1a: Moltres|Fire Spin|p2a: Chansey|[miss]\n|-miss|p1a: Moltres\n|move|p2a: Chansey|Thunder Wave|p1a: Moltres\n|-status|p1a: Moltres|par\n|-damage|p2a: Chansey|64/100 psn|[from] psn|[of] p1a: Moltres\n|\n|upkeep\n|turn|52\n|c|☆BlazingDark|ggs\n|c|☆BlazingDark|/log BlazingDark made the replay of this battle unlisted.\n|c|☆marcoasd|ggs\n|-message|BlazingDark forfeited.\n|\n|win|marcoasd\n|player|p1|\n|player|p2|\n|player|p2|marcoasd|265|\n","uploadtime":1785174540,"views":"87","formatid":"gen1ou","rating":null,"private":2,"password":null}