{"id":"smogtours-gen1ou-956187","format":"[Gen 1] OU","players":["stunner047","TheStupe"],"log":"|inactive|Battle timer is ON: inactive players will automatically lose when time's up.\n|t:|1784149938\n|gametype|singles\n|player|p1|stunner047|#rbypliiidingdangdewgongs|\n|player|p2|TheStupe|psychicf-gen4|\n|gen|1\n|tier|[Gen 1] OU\n|rule|Desync Clause Mod: Desyncs resolve to link battle behavior from the acting player's perspective.\n|rule|HP Percentage Mod: HP is shown in percentages\n|rule|Endless Battle Clause: Forcing endless battles is banned\n|rule|Sleep Clause Mod: Limit one foe put to sleep\n|rule|Freeze Clause Mod: Limit one foe frozen\n|rule|Species Clause: Limit one of each Pokémon\n|rule|OHKO Clause: OHKO moves are banned\n|rule|Evasion Moves Clause: Evasion moves are banned\n|\n|t:|1784149938\n|teamsize|p1|6\n|teamsize|p2|6\n|start\n|switch|p1a: Jynx|Jynx|100/100\n|switch|p2a: Gengar|Gengar|100/100\n|turn|1\n|c|☆TheStupe|hf\n|\n|t:|1784149943\n|move|p2a: Gengar|Hypnosis|p1a: Jynx\n|-status|p1a: Jynx|slp|[from] move: Hypnosis\n|cant|p1a: Jynx|slp\n|\n|upkeep\n|turn|2\n|c|☆stunner047|gl hf\n|\n|t:|1784149947\n|switch|p1a: Exeggutor|Exeggutor|100/100\n|move|p2a: Gengar|Night Shade|p1a: Exeggutor\n|-damage|p1a: Exeggutor|75/100\n|\n|upkeep\n|turn|3\n|\n|t:|1784149948\n|switch|p1a: Jynx|Jynx|100/100 slp\n|move|p2a: Gengar|Night Shade|p1a: Jynx\n|-damage|p1a: Jynx|70/100 slp\n|\n|upkeep\n|turn|4\n|\n|t:|1784149951\n|move|p2a: Gengar|Night Shade|p1a: Jynx\n|-damage|p1a: Jynx|40/100 slp\n|cant|p1a: Jynx|slp\n|\n|upkeep\n|turn|5\n|\n|t:|1784149952\n|switch|p1a: Exeggutor|Exeggutor|75/100\n|move|p2a: Gengar|Night Shade|p1a: Exeggutor\n|-damage|p1a: Exeggutor|50/100\n|\n|upkeep\n|turn|6\n|\n|t:|1784149954\n|move|p2a: Gengar|Night Shade|p1a: Exeggutor\n|-damage|p1a: Exeggutor|24/100\n|move|p1a: Exeggutor|Sleep Powder|p2a: Gengar\n|-status|p2a: Gengar|slp|[from] move: Sleep Powder\n|\n|upkeep\n|turn|7\n|\n|t:|1784149956\n|cant|p2a: Gengar|slp\n|move|p1a: Exeggutor|Psychic|p2a: Gengar\n|-supereffective|p2a: Gengar\n|-damage|p2a: Gengar|32/100 slp\n|-unboost|p2a: Gengar|spa|1\n|-unboost|p2a: Gengar|spd|1\n|\n|upkeep\n|turn|8\n|\n|t:|1784149961\n|switch|p2a: Exeggutor|Exeggutor|100/100\n|move|p1a: Exeggutor|Psychic|p2a: Exeggutor\n|-resisted|p2a: Exeggutor\n|-damage|p2a: Exeggutor|88/100\n|\n|upkeep\n|turn|9\n|\n|t:|1784149964\n|switch|p2a: Gengar|Gengar|32/100 slp\n|move|p1a: Exeggutor|Explosion|p2a: Gengar\n|-immune|p2a: Gengar\n|faint|p1a: Exeggutor\n|\n|t:|1784149966\n|switch|p1a: Tauros|Tauros|100/100\n|turn|10\n|\n|t:|1784149971\n|cant|p2a: Gengar|slp\n|move|p1a: Tauros|Blizzard|p2a: Gengar|[miss]\n|-miss|p1a: Tauros\n|\n|upkeep\n|turn|11\n|\n|t:|1784149974\n|cant|p2a: Gengar|slp\n|move|p1a: Tauros|Earthquake|p2a: Gengar\n|-supereffective|p2a: Gengar\n|-damage|p2a: Gengar|0 fnt\n|faint|p2a: Gengar\n|\n|t:|1784149980\n|switch|p2a: Starmie|Starmie|100/100\n|turn|12\n|\n|t:|1784149983\n|switch|p1a: Chansey|Chansey|100/100\n|move|p2a: Starmie|Thunder Wave|p1a: Chansey\n|-status|p1a: Chansey|par\n|\n|upkeep\n|turn|13\n|\n|t:|1784149988\n|switch|p2a: Exeggutor|Exeggutor|88/100\n|move|p1a: Chansey|Thunder Wave|p2a: Exeggutor\n|-status|p2a: Exeggutor|par\n|\n|upkeep\n|turn|14\n|\n|t:|1784149991\n|switch|p1a: Jynx|Jynx|40/100 slp\n|move|p2a: Exeggutor|Psychic|p1a: Jynx\n|-resisted|p1a: Jynx\n|-damage|p1a: Jynx|21/100 slp\n|\n|upkeep\n|turn|15\n|\n|t:|1784149996\n|switch|p1a: Lapras|Lapras|100/100\n|move|p2a: Exeggutor|Psychic|p1a: Lapras\n|-damage|p1a: Lapras|74/100\n|\n|upkeep\n|turn|16\n|\n|t:|1784150000\n|move|p1a: Lapras|Blizzard|p2a: Exeggutor\n|-supereffective|p2a: Exeggutor\n|-damage|p2a: Exeggutor|24/100 par\n|cant|p2a: Exeggutor|par\n|\n|upkeep\n|turn|17\n|\n|t:|1784150008\n|switch|p2a: Starmie|Starmie|100/100\n|move|p1a: Lapras|Blizzard|p2a: Starmie\n|-resisted|p2a: Starmie\n|-damage|p2a: Starmie|79/100\n|\n|upkeep\n|turn|18\n|\n|t:|1784150011\n|move|p2a: Starmie|Psychic|p1a: Lapras\n|-crit|p1a: Lapras\n|-damage|p1a: Lapras|25/100\n|move|p1a: Lapras|Sing|p2a: Starmie|[miss]\n|-miss|p1a: Lapras\n|\n|upkeep\n|turn|19\n|\n|t:|1784150018\n|switch|p1a: Chansey|Chansey|100/100 par\n|move|p2a: Starmie|Psychic|p1a: Chansey\n|-crit|p1a: Chansey\n|-damage|p1a: Chansey|74/100 par\n|\n|upkeep\n|turn|20\n|\n|t:|1784150029\n|switch|p2a: Exeggutor|Exeggutor|24/100 par\n|cant|p1a: Chansey|par\n|\n|upkeep\n|turn|21\n|\n|t:|1784150032\n|switch|p1a: Jynx|Jynx|21/100 slp\n|move|p2a: Exeggutor|Explosion|p1a: Jynx\n|-damage|p1a: Jynx|0 fnt\n|faint|p1a: Jynx\n|faint|p2a: Exeggutor\n|\n|t:|1784150042\n|switch|p1a: Snorlax|Snorlax|100/100\n|switch|p2a: Tauros|Tauros|100/100\n|turn|22\n|\n|t:|1784150058\n|move|p2a: Tauros|Body Slam|p1a: Snorlax\n|-damage|p1a: Snorlax|74/100\n|move|p1a: Snorlax|Reflect|p1a: Snorlax\n|-start|p1a: Snorlax|Reflect\n|\n|upkeep\n|turn|23\n|inactive|TheStupe has 270 seconds left.\n|\n|t:|1784150085\n|switch|p2a: Chansey|Chansey|100/100\n|move|p1a: Snorlax|Body Slam|p2a: Chansey\n|-damage|p2a: Chansey|59/100\n|\n|upkeep\n|turn|24\n|\n|t:|1784150089\n|move|p2a: Chansey|Soft-Boiled|p2a: Chansey\n|-heal|p2a: Chansey|100/100\n|move|p1a: Snorlax|Ice Beam|p2a: Chansey\n|-damage|p2a: Chansey|93/100\n|\n|upkeep\n|turn|25\n|\n|t:|1784150092\n|move|p2a: Chansey|Thunder Wave|p1a: Snorlax\n|-status|p1a: Snorlax|par\n|move|p1a: Snorlax|Ice Beam|p2a: Chansey\n|-damage|p2a: Chansey|85/100\n|\n|upkeep\n|turn|26\n|\n|t:|1784150094\n|move|p2a: Chansey|Thunderbolt|p1a: Snorlax\n|-damage|p1a: Snorlax|55/100 par\n|cant|p1a: Snorlax|par\n|\n|upkeep\n|turn|27\n|\n|t:|1784150096\n|move|p2a: Chansey|Thunderbolt|p1a: Snorlax\n|-damage|p1a: Snorlax|36/100 par\n|move|p1a: Snorlax|Ice Beam|p2a: Chansey\n|-damage|p2a: Chansey|77/100\n|\n|upkeep\n|turn|28\n|\n|t:|1784150101\n|switch|p2a: Starmie|Starmie|79/100\n|move|p1a: Snorlax|Rest|p1a: Snorlax\n|-status|p1a: Snorlax|slp|[from] move: Rest\n|-heal|p1a: Snorlax|100/100 slp|[silent]\n|\n|upkeep\n|turn|29\n|\n|t:|1784150104\n|switch|p1a: Chansey|Chansey|74/100 par\n|move|p2a: Starmie|Psychic|p1a: Chansey\n|-damage|p1a: Chansey|59/100 par\n|\n|upkeep\n|turn|30\n|\n|t:|1784150109\n|switch|p2a: Snorlax|Snorlax|100/100\n|move|p1a: Chansey|Thunder Wave|p2a: Snorlax\n|-status|p2a: Snorlax|par\n|\n|upkeep\n|turn|31\n|\n|t:|1784150112\n|switch|p1a: Snorlax|Snorlax|100/100 slp\n|move|p2a: Snorlax|Body Slam|p1a: Snorlax\n|-damage|p1a: Snorlax|74/100 slp\n|\n|upkeep\n|turn|32\n|\n|t:|1784150135\n|switch|p2a: Tauros|Tauros|100/100\n|cant|p1a: Snorlax|slp\n|\n|upkeep\n|turn|33\n|\n|t:|1784150138\n|move|p2a: Tauros|Body Slam|p1a: Snorlax\n|-damage|p1a: Snorlax|47/100 slp\n|-curestatus|p1a: Snorlax|slp|[msg]\n|\n|upkeep\n|turn|34\n|\n|t:|1784150141\n|move|p2a: Tauros|Body Slam|p1a: Snorlax\n|-damage|p1a: Snorlax|22/100\n|move|p1a: Snorlax|Body Slam|p2a: Tauros\n|-damage|p2a: Tauros|71/100\n|\n|upkeep\n|turn|35\n|\n|t:|1784150146\n|switch|p1a: Lapras|Lapras|25/100\n|move|p2a: Tauros|Body Slam|p1a: Lapras\n|-damage|p1a: Lapras|1/100\n|\n|upkeep\n|turn|36\n|\n|t:|1784150148\n|move|p2a: Tauros|Body Slam|p1a: Lapras\n|-damage|p1a: Lapras|0 fnt\n|faint|p1a: Lapras\n|\n|t:|1784150150\n|switch|p1a: Tauros|Tauros|100/100\n|turn|37\n|\n|t:|1784150156\n|move|p2a: Tauros|Body Slam|p1a: Tauros\n|-crit|p1a: Tauros\n|-damage|p1a: Tauros|40/100\n|move|p1a: Tauros|Blizzard|p2a: Tauros\n|-damage|p2a: Tauros|44/100\n|\n|upkeep\n|turn|38\n|\n|t:|1784150162\n|switch|p2a: Chansey|Chansey|77/100\n|move|p1a: Tauros|Hyper Beam|p2a: Chansey\n|-crit|p2a: Chansey\n|-damage|p2a: Chansey|0 fnt\n|faint|p2a: Chansey\n|\n|t:|1784150168\n|switch|p2a: Starmie|Starmie|79/100\n|turn|39\n|\n|t:|1784150171\n|switch|p1a: Chansey|Chansey|59/100 par\n|move|p2a: Starmie|Psychic|p1a: Chansey\n|-damage|p1a: Chansey|45/100 par\n|-unboost|p1a: Chansey|spa|1\n|-unboost|p1a: Chansey|spd|1\n|\n|upkeep\n|turn|40\n|\n|t:|1784150173\n|switch|p2a: Snorlax|Snorlax|100/100 par\n|move|p1a: Chansey|Thunder Wave|p2a: Snorlax\n|-fail|p2a: Snorlax|par\n|\n|upkeep\n|turn|41\n|\n|t:|1784150177\n|switch|p1a: Snorlax|Snorlax|22/100\n|cant|p2a: Snorlax|par\n|\n|upkeep\n|turn|42\n|\n|t:|1784150186\n|switch|p2a: Starmie|Starmie|79/100\n|move|p1a: Snorlax|Reflect|p1a: Snorlax\n|-start|p1a: Snorlax|Reflect\n|\n|upkeep\n|turn|43\n|\n|t:|1784150188\n|switch|p1a: Chansey|Chansey|45/100 par\n|move|p2a: Starmie|Psychic|p1a: Chansey\n|-crit|p1a: Chansey\n|-damage|p1a: Chansey|17/100 par\n|\n|upkeep\n|turn|44\n|\n|t:|1784150191\n|move|p2a: Starmie|Psychic|p1a: Chansey\n|-damage|p1a: Chansey|3/100 par\n|move|p1a: Chansey|Soft-Boiled|p1a: Chansey\n|-heal|p1a: Chansey|53/100 par\n|\n|upkeep\n|turn|45\n|\n|t:|1784150194\n|switch|p2a: Snorlax|Snorlax|100/100 par\n|move|p1a: Chansey|Soft-Boiled|p1a: Chansey\n|-heal|p1a: Chansey|100/100 par\n|\n|upkeep\n|turn|46\n|\n|t:|1784150196\n|switch|p1a: Snorlax|Snorlax|22/100\n|cant|p2a: Snorlax|par\n|\n|upkeep\n|turn|47\n|\n|t:|1784150199\n|move|p1a: Snorlax|Body Slam|p2a: Snorlax\n|-damage|p2a: Snorlax|74/100 par\n|move|p2a: Snorlax|Body Slam|p1a: Snorlax\n|-damage|p1a: Snorlax|0 fnt\n|faint|p1a: Snorlax\n|\n|t:|1784150201\n|switch|p1a: Tauros|Tauros|40/100\n|turn|48\n|\n|t:|1784150211\n|move|p1a: Tauros|Hyper Beam|p2a: Snorlax\n|-damage|p2a: Snorlax|32/100 par\n|-mustrecharge|p1a: Tauros\n|cant|p2a: Snorlax|par\n|\n|upkeep\n|turn|49\n|\n|t:|1784150215\n|cant|p1a: Tauros|recharge\n|move|p2a: Snorlax|Self-Destruct|p1a: Tauros\n|-damage|p1a: Tauros|0 fnt\n|faint|p1a: Tauros\n|faint|p2a: Snorlax\n|\n|t:|1784150241\n|switch|p1a: Chansey|Chansey|100/100 par\n|switch|p2a: Starmie|Starmie|79/100\n|turn|50\n|\n|t:|1784150244\n|move|p2a: Starmie|Psychic|p1a: Chansey\n|-damage|p1a: Chansey|86/100 par\n|cant|p1a: Chansey|par\n|\n|upkeep\n|turn|51\n|\n|t:|1784150247\n|move|p2a: Starmie|Psychic|p1a: Chansey\n|-damage|p1a: Chansey|72/100 par\n|move|p1a: Chansey|Thunder Wave|p2a: Starmie\n|-status|p2a: Starmie|par\n|\n|upkeep\n|turn|52\n|\n|t:|1784150250\n|cant|p2a: Starmie|par\n|move|p1a: Chansey|Thunderbolt|p2a: Starmie\n|-supereffective|p2a: Starmie\n|-damage|p2a: Starmie|31/100 par\n|\n|upkeep\n|turn|53\n|\n|t:|1784150251\n|cant|p2a: Starmie|par\n|move|p1a: Chansey|Soft-Boiled|p1a: Chansey\n|-heal|p1a: Chansey|100/100 par\n|\n|upkeep\n|turn|54\n|\n|t:|1784150254\n|move|p2a: Starmie|Psychic|p1a: Chansey\n|-damage|p1a: Chansey|86/100 par\n|-unboost|p1a: Chansey|spa|1\n|-unboost|p1a: Chansey|spd|1\n|move|p1a: Chansey|Thunderbolt|p2a: Starmie\n|-crit|p2a: Starmie\n|-supereffective|p2a: Starmie\n|-damage|p2a: Starmie|0 fnt\n|faint|p2a: Starmie\n|\n|t:|1784150257\n|switch|p2a: Tauros|Tauros|44/100\n|turn|55\n|\n|t:|1784150262\n|move|p2a: Tauros|Earthquake|p1a: Chansey\n|-damage|p1a: Chansey|55/100 par\n|move|p1a: Chansey|Thunder Wave|p2a: Tauros\n|-status|p2a: Tauros|par\n|\n|upkeep\n|turn|56\n|\n|t:|1784150266\n|move|p2a: Tauros|Hyper Beam|p1a: Chansey\n|-damage|p1a: Chansey|0 fnt\n|faint|p1a: Chansey\n|\n|win|TheStupe\n|c|☆TheStupe|ggs\n|c|☆stunner047|ggs\n","uploadtime":1784150266,"views":"51","formatid":"gen1ou","rating":null,"private":0,"password":null}