{"id":"smogtours-gen1ou-831152","format":"[Gen 1] OU","players":["Kaz","shiloh"],"log":"|inactive|Battle timer is ON: inactive players will automatically lose when time's up.\n|t:|1743962407\n|gametype|singles\n|player|p1|Kaz|#splxviclassiest2|\n|player|p2|shiloh|#splxvitigers2|\n|teamsize|p1|6\n|teamsize|p2|6\n|gen|1\n|tier|[Gen 1] OU\n|rule|Desync Clause Mod: Desyncs changed to move failure.\n|rule|Sleep Clause Mod: Limit one foe put to sleep\n|rule|Freeze Clause Mod: Limit one foe frozen\n|rule|Species Clause: Limit one of each Pokémon\n|rule|OHKO Clause: OHKO moves are banned\n|rule|Evasion Moves Clause: Evasion moves are banned\n|rule|Endless Battle Clause: Forcing endless battles is banned\n|rule|HP Percentage Mod: HP is shown in percentages\n|\n|t:|1743962407\n|start\n|switch|p1a: Jynx|Jynx|100/100\n|switch|p2a: 19-58|Alakazam|100/100\n|turn|1\n|rated|Smogon Premier League\n|\n|t:|1743962424\n|move|p2a: 19-58|Thunder Wave|p1a: Jynx\n|-status|p1a: Jynx|par\n|cant|p1a: Jynx|par\n|\n|upkeep\n|turn|2\n|\n|t:|1743962430\n|move|p2a: 19-58|Seismic Toss|p1a: Jynx\n|-damage|p1a: Jynx|70/100 par\n|move|p1a: Jynx|Lovely Kiss|p2a: 19-58\n|-status|p2a: 19-58|slp|[from] move: Lovely Kiss\n|\n|upkeep\n|turn|3\n|\n|t:|1743962455\n|switch|p2a: 64-448 / 27-192|Chansey|100/100\n|move|p1a: Jynx|Blizzard|p2a: 64-448 / 27-192\n|-damage|p2a: 64-448 / 27-192|83/100\n|\n|upkeep\n|turn|4\n|inactive|Kaz has 270 seconds left.\n|inactive|Kaz has 240 seconds left.\n|\n|t:|1743962507\n|move|p2a: 64-448 / 27-192|Thunderbolt|p1a: Jynx\n|-damage|p1a: Jynx|45/100 par\n|cant|p1a: Jynx|par\n|\n|upkeep\n|turn|5\n|inactive|Kaz has 240 seconds left.\n|\n|t:|1743962513\n|move|p2a: 64-448 / 27-192|Thunderbolt|p1a: Jynx\n|-damage|p1a: Jynx|22/100 par\n|move|p1a: Jynx|Rest|p1a: Jynx\n|-status|p1a: Jynx|slp|[from] move: Rest\n|-heal|p1a: Jynx|100/100 slp|[silent]\n|\n|upkeep\n|turn|6\n|inactive|Kaz has 240 seconds left.\n|\n|t:|1743962529\n|switch|p2a: 35-138|Exeggutor|100/100\n|switch|p1a: Chansey|Chansey|100/100\n|\n|upkeep\n|turn|7\n|\n|t:|1743962533\n|switch|p1a: Jynx|Jynx|100/100 slp\n|move|p2a: 35-138|Sleep Powder|p1a: Jynx\n|-fail|p1a: Jynx|slp\n|\n|upkeep\n|turn|8\n|\n|t:|1743962537\n|cant|p1a: Jynx|slp\n|move|p2a: 35-138|Psychic|p1a: Jynx\n|-resisted|p1a: Jynx\n|-damage|p1a: Jynx|82/100 slp\n|\n|upkeep\n|turn|9\n|\n|t:|1743962544\n|-curestatus|p1a: Jynx|slp|[msg]\n|move|p2a: 35-138|Sleep Powder|p1a: Jynx\n|-status|p1a: Jynx|slp|[from] move: Sleep Powder\n|\n|upkeep\n|turn|10\n|inactive|Kaz has 240 seconds left.\n|inactive|shiloh has 270 seconds left.\n|\n|t:|1743962611\n|switch|p1a: Chansey|Chansey|100/100\n|switch|p2a: 28-98 STORMBLESSED|Tauros|100/100\n|\n|upkeep\n|turn|11\n|\n|t:|1743962615\n|switch|p2a: 19-58|Alakazam|100/100 slp\n|move|p1a: Chansey|Thunder Wave|p2a: 19-58\n|-fail|p2a: 19-58\n|\n|upkeep\n|turn|12\n|inactive|shiloh has 270 seconds left.\n|\n|t:|1743962633\n|switch|p1a: Tauros|Tauros|100/100\n|-curestatus|p2a: 19-58|slp|[msg]\n|\n|upkeep\n|turn|13\n|\n|t:|1743962649\n|switch|p1a: Chansey|Chansey|100/100\n|move|p2a: 19-58|Thunder Wave|p1a: Chansey\n|-status|p1a: Chansey|par\n|\n|upkeep\n|turn|14\n|\n|t:|1743962655\n|move|p2a: 19-58|Psychic|p1a: Chansey\n|-damage|p1a: Chansey|81/100 par\n|move|p1a: Chansey|Ice Beam|p2a: 19-58\n|-damage|p2a: 19-58|81/100\n|\n|upkeep\n|turn|15\n|\n|t:|1743962663\n|move|p2a: 19-58|Psychic|p1a: Chansey\n|-damage|p1a: Chansey|64/100 par\n|move|p1a: Chansey|Soft-Boiled|p1a: Chansey\n|-heal|p1a: Chansey|100/100 par\n|\n|upkeep\n|turn|16\n|\n|t:|1743962667\n|move|p2a: 19-58|Psychic|p1a: Chansey\n|-damage|p1a: Chansey|82/100 par\n|cant|p1a: Chansey|par\n|\n|upkeep\n|turn|17\n|\n|t:|1743962670\n|move|p2a: 19-58|Psychic|p1a: Chansey\n|-crit|p1a: Chansey\n|-damage|p1a: Chansey|48/100 par\n|cant|p1a: Chansey|par\n|\n|upkeep\n|turn|18\n|\n|t:|1743962674\n|switch|p2a: 51-268 / 2-12|Snorlax|100/100\n|move|p1a: Chansey|Soft-Boiled|p1a: Chansey\n|-heal|p1a: Chansey|98/100 par\n|\n|upkeep\n|turn|19\n|\n|t:|1743962682\n|switch|p2a: 19-58|Alakazam|81/100\n|switch|p1a: Snorlax|Snorlax|100/100\n|\n|upkeep\n|turn|20\n|\n|t:|1743962686\n|switch|p2a: 64-448 / 27-192|Chansey|83/100\n|move|p1a: Snorlax|Body Slam|p2a: 64-448 / 27-192\n|-damage|p2a: 64-448 / 27-192|44/100\n|\n|upkeep\n|turn|21\n|\n|t:|1743962701\n|switch|p1a: Exeggutor|Exeggutor|100/100\n|move|p2a: 64-448 / 27-192|Soft-Boiled|p2a: 64-448 / 27-192\n|-heal|p2a: 64-448 / 27-192|94/100\n|\n|upkeep\n|turn|22\n|\n|t:|1743962708\n|switch|p2a: 19-58|Alakazam|81/100\n|move|p1a: Exeggutor|Sleep Powder|p2a: 19-58\n|-status|p2a: 19-58|slp|[from] move: Sleep Powder\n|\n|upkeep\n|turn|23\n|\n|t:|1743962727\n|cant|p2a: 19-58|slp\n|move|p1a: Exeggutor|Psychic|p2a: 19-58\n|-resisted|p2a: 19-58\n|-damage|p2a: 19-58|65/100 slp\n|-unboost|p2a: 19-58|spa|1\n|-unboost|p2a: 19-58|spd|1\n|\n|upkeep\n|turn|24\n|\n|t:|1743962731\n|switch|p2a: 21-68|Starmie|100/100\n|move|p1a: Exeggutor|Psychic|p2a: 21-68\n|-resisted|p2a: 21-68\n|-damage|p2a: 21-68|82/100\n|-unboost|p2a: 21-68|spa|1\n|-unboost|p2a: 21-68|spd|1\n|\n|upkeep\n|turn|25\n|\n|t:|1743962744\n|switch|p2a: 51-268 / 2-12|Snorlax|100/100\n|move|p1a: Exeggutor|Stun Spore|p2a: 51-268 / 2-12|[miss]\n|-miss|p1a: Exeggutor\n|\n|upkeep\n|turn|26\n|\n|t:|1743962750\n|switch|p2a: 21-68|Starmie|82/100\n|move|p1a: Exeggutor|Psychic|p2a: 21-68\n|-resisted|p2a: 21-68\n|-damage|p2a: 21-68|63/100\n|\n|upkeep\n|turn|27\n|\n|t:|1743962752\n|switch|p1a: Chansey|Chansey|98/100 par\n|move|p2a: 21-68|Thunder Wave|p1a: Chansey\n|-fail|p1a: Chansey|par\n|\n|upkeep\n|turn|28\n|\n|t:|1743962761\n|move|p2a: 21-68|Recover|p2a: 21-68\n|-heal|p2a: 21-68|100/100\n|move|p1a: Chansey|Thunder Wave|p2a: 21-68\n|-status|p2a: 21-68|par\n|\n|upkeep\n|turn|29\n|\n|t:|1743962766\n|switch|p2a: 51-268 / 2-12|Snorlax|100/100\n|move|p1a: Chansey|Thunder Wave|p2a: 51-268 / 2-12\n|-status|p2a: 51-268 / 2-12|par\n|\n|upkeep\n|turn|30\n|\n|t:|1743962775\n|switch|p1a: Snorlax|Snorlax|100/100\n|move|p2a: 51-268 / 2-12|Body Slam|p1a: Snorlax\n|-damage|p1a: Snorlax|72/100\n|\n|upkeep\n|turn|31\n|\n|t:|1743962783\n|switch|p2a: 64-448 / 27-192|Chansey|94/100\n|move|p1a: Snorlax|Body Slam|p2a: 64-448 / 27-192\n|-damage|p2a: 64-448 / 27-192|53/100\n|\n|upkeep\n|turn|32\n|\n|t:|1743962791\n|move|p2a: 64-448 / 27-192|Soft-Boiled|p2a: 64-448 / 27-192\n|-heal|p2a: 64-448 / 27-192|100/100\n|move|p1a: Snorlax|Body Slam|p2a: 64-448 / 27-192\n|-damage|p2a: 64-448 / 27-192|57/100\n|\n|upkeep\n|turn|33\n|\n|t:|1743962817\n|move|p2a: 64-448 / 27-192|Soft-Boiled|p2a: 64-448 / 27-192\n|-heal|p2a: 64-448 / 27-192|100/100\n|move|p1a: Snorlax|Body Slam|p2a: 64-448 / 27-192\n|-damage|p2a: 64-448 / 27-192|59/100\n|\n|upkeep\n|turn|34\n|\n|t:|1743962822\n|move|p2a: 64-448 / 27-192|Soft-Boiled|p2a: 64-448 / 27-192\n|-heal|p2a: 64-448 / 27-192|100/100\n|move|p1a: Snorlax|Body Slam|p2a: 64-448 / 27-192\n|-damage|p2a: 64-448 / 27-192|57/100\n|\n|upkeep\n|turn|35\n|\n|t:|1743962826\n|move|p2a: 64-448 / 27-192|Soft-Boiled|p2a: 64-448 / 27-192\n|-heal|p2a: 64-448 / 27-192|100/100\n|move|p1a: Snorlax|Body Slam|p2a: 64-448 / 27-192\n|-damage|p2a: 64-448 / 27-192|61/100\n|\n|upkeep\n|turn|36\n|\n|t:|1743962829\n|move|p2a: 64-448 / 27-192|Thunder Wave|p1a: Snorlax\n|-status|p1a: Snorlax|par\n|move|p1a: Snorlax|Body Slam|p2a: 64-448 / 27-192\n|-damage|p2a: 64-448 / 27-192|22/100\n|\n|upkeep\n|turn|37\n|\n|t:|1743962839\n|move|p2a: 64-448 / 27-192|Soft-Boiled|p2a: 64-448 / 27-192\n|-heal|p2a: 64-448 / 27-192|72/100\n|cant|p1a: Snorlax|par\n|\n|upkeep\n|turn|38\n|\n|t:|1743962844\n|move|p2a: 64-448 / 27-192|Soft-Boiled|p2a: 64-448 / 27-192\n|-heal|p2a: 64-448 / 27-192|100/100\n|move|p1a: Snorlax|Body Slam|p2a: 64-448 / 27-192\n|-damage|p2a: 64-448 / 27-192|61/100\n|\n|upkeep\n|turn|39\n|\n|t:|1743962850\n|move|p2a: 64-448 / 27-192|Soft-Boiled|p2a: 64-448 / 27-192\n|-heal|p2a: 64-448 / 27-192|100/100\n|move|p1a: Snorlax|Body Slam|p2a: 64-448 / 27-192\n|-damage|p2a: 64-448 / 27-192|59/100\n|\n|upkeep\n|turn|40\n|\n|t:|1743962855\n|move|p2a: 64-448 / 27-192|Soft-Boiled|p2a: 64-448 / 27-192\n|-heal|p2a: 64-448 / 27-192|100/100\n|move|p1a: Snorlax|Body Slam|p2a: 64-448 / 27-192\n|-damage|p2a: 64-448 / 27-192|56/100\n|\n|upkeep\n|turn|41\n|\n|t:|1743962858\n|move|p2a: 64-448 / 27-192|Soft-Boiled|p2a: 64-448 / 27-192\n|-heal|p2a: 64-448 / 27-192|100/100\n|cant|p1a: Snorlax|par\n|\n|upkeep\n|turn|42\n|\n|t:|1743962862\n|move|p2a: 64-448 / 27-192|Thunderbolt|p1a: Snorlax\n|-damage|p1a: Snorlax|52/100 par\n|move|p1a: Snorlax|Reflect|p1a: Snorlax\n|-start|p1a: Snorlax|Reflect\n|\n|upkeep\n|turn|43\n|\n|t:|1743962865\n|switch|p2a: 35-138|Exeggutor|100/100\n|move|p1a: Snorlax|Body Slam|p2a: 35-138\n|-crit|p2a: 35-138\n|-damage|p2a: 35-138|44/100\n|-status|p2a: 35-138|par\n|\n|upkeep\n|turn|44\n|inactive|Kaz has 270 seconds left.\n|\n|t:|1743962897\n|move|p2a: 35-138|Psychic|p1a: Snorlax\n|-crit|p1a: Snorlax\n|-damage|p1a: Snorlax|0 fnt\n|faint|p1a: Snorlax\n|inactive|Kaz has 270 seconds left.\n|\n|t:|1743962908\n|switch|p1a: Zapdos|Zapdos|100/100\n|turn|45\n|inactive|shiloh has 270 seconds left.\n|\n|t:|1743962949\n|switch|p2a: 19-58|Alakazam|65/100 slp\n|move|p1a: Zapdos|Drill Peck|p2a: 19-58\n|-damage|p2a: 19-58|23/100 slp\n|\n|upkeep\n|turn|46\n|\n|t:|1743962954\n|-curestatus|p2a: 19-58|slp|[msg]\n|move|p1a: Zapdos|Drill Peck|p2a: 19-58\n|-crit|p2a: 19-58\n|-damage|p2a: 19-58|0 fnt\n|faint|p2a: 19-58\n|\n|t:|1743962958\n|switch|p2a: 28-98 STORMBLESSED|Tauros|100/100\n|turn|47\n|\n|t:|1743962967\n|move|p2a: 28-98 STORMBLESSED|Body Slam|p1a: Zapdos\n|-crit|p1a: Zapdos\n|-damage|p1a: Zapdos|49/100\n|-status|p1a: Zapdos|par\n|move|p1a: Zapdos|Thunder Wave|p2a: 28-98 STORMBLESSED\n|-status|p2a: 28-98 STORMBLESSED|par\n|\n|upkeep\n|turn|48\n|\n|t:|1743962993\n|switch|p1a: Exeggutor|Exeggutor|100/100\n|cant|p2a: 28-98 STORMBLESSED|par\n|\n|upkeep\n|turn|49\n|\n|t:|1743963006\n|switch|p2a: 21-68|Starmie|100/100 par\n|move|p1a: Exeggutor|Psychic|p2a: 21-68\n|-resisted|p2a: 21-68\n|-damage|p2a: 21-68|81/100 par\n|\n|upkeep\n|turn|50\n|\n|t:|1743963016\n|switch|p1a: Chansey|Chansey|98/100 par\n|move|p2a: 21-68|Recover|p2a: 21-68\n|-heal|p2a: 21-68|100/100 par\n|\n|upkeep\n|turn|51\n|\n|t:|1743963025\n|switch|p2a: 28-98 STORMBLESSED|Tauros|100/100 par\n|cant|p1a: Chansey|par\n|\n|upkeep\n|turn|52\n|inactive|Kaz has 270 seconds left.\n|\n|t:|1743963067\n|move|p2a: 28-98 STORMBLESSED|Body Slam|p1a: Chansey\n|-damage|p1a: Chansey|60/100 par\n|cant|p1a: Chansey|par\n|\n|upkeep\n|turn|53\n|\n|t:|1743963072\n|switch|p1a: Exeggutor|Exeggutor|100/100\n|move|p2a: 28-98 STORMBLESSED|Body Slam|p1a: Exeggutor\n|-damage|p1a: Exeggutor|71/100\n|-status|p1a: Exeggutor|par\n|\n|upkeep\n|turn|54\n|inactive|Kaz has 270 seconds left.\n|\n|t:|1743963081\n|switch|p2a: 35-138|Exeggutor|44/100 par\n|switch|p1a: Zapdos|Zapdos|49/100 par\n|\n|upkeep\n|turn|55\n|\n|t:|1743963089\n|switch|p2a: 28-98 STORMBLESSED|Tauros|100/100 par\n|move|p1a: Zapdos|Drill Peck|p2a: 28-98 STORMBLESSED\n|-damage|p2a: 28-98 STORMBLESSED|73/100 par\n|\n|upkeep\n|turn|56\n|inactive|Kaz has 270 seconds left.\n|\n|t:|1743963118\n|switch|p1a: Tauros|Tauros|100/100\n|move|p2a: 28-98 STORMBLESSED|Body Slam|p1a: Tauros\n|-damage|p1a: Tauros|72/100\n|\n|upkeep\n|turn|57\n|\n|t:|1743963124\n|move|p1a: Tauros|Body Slam|p2a: 28-98 STORMBLESSED\n|-damage|p2a: 28-98 STORMBLESSED|43/100 par\n|move|p2a: 28-98 STORMBLESSED|Body Slam|p1a: Tauros\n|-crit|p1a: Tauros\n|-damage|p1a: Tauros|16/100\n|\n|upkeep\n|turn|58\n|inactive|Kaz has 270 seconds left.\n|\n|t:|1743963160\n|switch|p2a: 51-268 / 2-12|Snorlax|100/100 par\n|move|p1a: Tauros|Hyper Beam|p2a: 51-268 / 2-12\n|-damage|p2a: 51-268 / 2-12|55/100 par\n|-mustrecharge|p1a: Tauros\n|\n|upkeep\n|turn|59\n|\n|t:|1743963165\n|cant|p1a: Tauros|recharge\n|move|p2a: 51-268 / 2-12|Body Slam|p1a: Tauros\n|-damage|p1a: Tauros|0 fnt\n|faint|p1a: Tauros\n|\n|t:|1743963171\n|switch|p1a: Exeggutor|Exeggutor|71/100 par\n|turn|60\n|\n|t:|1743963184\n|switch|p2a: 21-68|Starmie|100/100 par\n|move|p1a: Exeggutor|Psychic|p2a: 21-68\n|-resisted|p2a: 21-68\n|-damage|p2a: 21-68|81/100 par\n|-unboost|p2a: 21-68|spa|1\n|-unboost|p2a: 21-68|spd|1\n|\n|upkeep\n|turn|61\n|\n|t:|1743963189\n|move|p1a: Exeggutor|Psychic|p2a: 21-68\n|-resisted|p2a: 21-68\n|-damage|p2a: 21-68|54/100 par\n|-unboost|p2a: 21-68|spa|1\n|-unboost|p2a: 21-68|spd|1\n|move|p2a: 21-68|Blizzard|p1a: Exeggutor\n|-supereffective|p1a: Exeggutor\n|-damage|p1a: Exeggutor|52/100 par\n|\n|upkeep\n|turn|62\n|\n|t:|1743963193\n|cant|p1a: Exeggutor|par\n|move|p2a: 21-68|Recover|p2a: 21-68\n|-heal|p2a: 21-68|100/100 par\n|\n|upkeep\n|turn|63\n|inactive|Kaz has 270 seconds left.\n|\n|t:|1743963208\n|switch|p1a: Chansey|Chansey|60/100 par\n|switch|p2a: 35-138|Exeggutor|44/100 par\n|\n|upkeep\n|turn|64\n|\n|t:|1743963214\n|switch|p1a: Jynx|Jynx|82/100 slp\n|cant|p2a: 35-138|par\n|\n|upkeep\n|turn|65\n|\n|t:|1743963221\n|switch|p2a: 28-98 STORMBLESSED|Tauros|43/100 par\n|-curestatus|p1a: Jynx|slp|[msg]\n|\n|upkeep\n|turn|66\n|inactive|Kaz has 270 seconds left.\n|\n|t:|1743963266\n|switch|p1a: Chansey|Chansey|60/100 par\n|switch|p2a: 21-68|Starmie|100/100 par\n|\n|upkeep\n|turn|67\n|\n|t:|1743963276\n|switch|p2a: 35-138|Exeggutor|44/100 par\n|cant|p1a: Chansey|par\n|\n|upkeep\n|turn|68\n|\n|t:|1743963281\n|switch|p1a: Exeggutor|Exeggutor|52/100 par\n|move|p2a: 35-138|Explosion|p1a: Exeggutor\n|-damage|p1a: Exeggutor|0 fnt\n|faint|p1a: Exeggutor\n|faint|p2a: 35-138\n|inactive|Kaz has 270 seconds left.\n|inactive|shiloh has 270 seconds left.\n|inactive|shiloh has 240 seconds left.\n|\n|t:|1743963368\n|switch|p2a: 28-98 STORMBLESSED|Tauros|43/100 par\n|switch|p1a: Jynx|Jynx|82/100\n|turn|69\n|inactive|Kaz has 240 seconds left.\n|inactive|Kaz has 210 seconds left.\n|\n|t:|1743963434\n|switch|p1a: Chansey|Chansey|60/100 par\n|switch|p2a: 21-68|Starmie|100/100 par\n|\n|upkeep\n|turn|70\n|\n|t:|1743963444\n|switch|p2a: 51-268 / 2-12|Snorlax|55/100 par\n|move|p1a: Chansey|Thunderbolt|p2a: 51-268 / 2-12\n|-damage|p2a: 51-268 / 2-12|34/100 par\n|\n|upkeep\n|turn|71\n|\n|t:|1743963451\n|switch|p1a: Zapdos|Zapdos|49/100 par\n|move|p2a: 51-268 / 2-12|Self-Destruct|p1a: Zapdos\n|-damage|p1a: Zapdos|0 fnt\n|faint|p1a: Zapdos\n|faint|p2a: 51-268 / 2-12\n|\n|t:|1743963469\n|switch|p1a: Jynx|Jynx|82/100\n|switch|p2a: 28-98 STORMBLESSED|Tauros|43/100 par\n|turn|72\n|\n|t:|1743963488\n|switch|p1a: Chansey|Chansey|60/100 par\n|switch|p2a: 21-68|Starmie|100/100 par\n|\n|upkeep\n|turn|73\n|inactive|shiloh has 240 seconds left.\n|\n|t:|1743963496\n|switch|p2a: 64-448 / 27-192|Chansey|100/100\n|cant|p1a: Chansey|par\n|\n|upkeep\n|turn|74\n|inactive|shiloh has 240 seconds left.\n|\n|t:|1743963508\n|switch|p2a: 28-98 STORMBLESSED|Tauros|43/100 par\n|move|p1a: Chansey|Soft-Boiled|p1a: Chansey\n|-heal|p1a: Chansey|100/100 par\n|\n|upkeep\n|turn|75\n|\n|t:|1743963523\n|move|p2a: 28-98 STORMBLESSED|Rest|p2a: 28-98 STORMBLESSED\n|-status|p2a: 28-98 STORMBLESSED|slp|[from] move: Rest\n|-heal|p2a: 28-98 STORMBLESSED|100/100 slp|[silent]\n|move|p1a: Chansey|Ice Beam|p2a: 28-98 STORMBLESSED\n|-damage|p2a: 28-98 STORMBLESSED|74/100 slp\n|\n|upkeep\n|turn|76\n|\n|t:|1743963544\n|cant|p2a: 28-98 STORMBLESSED|slp\n|move|p1a: Chansey|Ice Beam|p2a: 28-98 STORMBLESSED\n|-damage|p2a: 28-98 STORMBLESSED|46/100 slp\n|\n|upkeep\n|turn|77\n|inactive|Kaz has 210 seconds left.\n|\n|t:|1743963567\n|-curestatus|p2a: 28-98 STORMBLESSED|slp|[msg]\n|cant|p1a: Chansey|par\n|\n|upkeep\n|turn|78\n|inactive|Kaz has 210 seconds left.\n|\n|t:|1743963582\n|move|p2a: 28-98 STORMBLESSED|Body Slam|p1a: Chansey\n|-crit|p1a: Chansey\n|-damage|p1a: Chansey|23/100 par\n|move|p1a: Chansey|Thunder Wave|p2a: 28-98 STORMBLESSED\n|-status|p2a: 28-98 STORMBLESSED|par\n|\n|upkeep\n|turn|79\n|inactive|Kaz has 210 seconds left.\n|\n|t:|1743963602\n|move|p1a: Chansey|Soft-Boiled|p1a: Chansey\n|-heal|p1a: Chansey|72/100 par\n|move|p2a: 28-98 STORMBLESSED|Hyper Beam|p1a: Chansey|[miss]\n|-miss|p2a: 28-98 STORMBLESSED\n|\n|upkeep\n|turn|80\n|inactive|Kaz has 210 seconds left.\n|\n|t:|1743963608\n|move|p1a: Chansey|Ice Beam|p2a: 28-98 STORMBLESSED\n|-damage|p2a: 28-98 STORMBLESSED|17/100 par\n|move|p2a: 28-98 STORMBLESSED|Rest|p2a: 28-98 STORMBLESSED\n|-status|p2a: 28-98 STORMBLESSED|slp|[from] move: Rest\n|-heal|p2a: 28-98 STORMBLESSED|100/100 slp|[silent]\n|\n|upkeep\n|turn|81\n|\n|t:|1743963610\n|move|p1a: Chansey|Ice Beam|p2a: 28-98 STORMBLESSED\n|-damage|p2a: 28-98 STORMBLESSED|71/100 slp\n|cant|p2a: 28-98 STORMBLESSED|slp\n|\n|upkeep\n|turn|82\n|\n|t:|1743963612\n|cant|p1a: Chansey|par\n|-curestatus|p2a: 28-98 STORMBLESSED|slp|[msg]\n|\n|upkeep\n|turn|83\n|\n|t:|1743963622\n|move|p1a: Chansey|Ice Beam|p2a: 28-98 STORMBLESSED\n|-damage|p2a: 28-98 STORMBLESSED|45/100\n|move|p2a: 28-98 STORMBLESSED|Body Slam|p1a: Chansey\n|-damage|p1a: Chansey|34/100 par\n|\n|upkeep\n|turn|84\n|inactive|Kaz has 240 seconds left.\n|\n|t:|1743963631\n|move|p1a: Chansey|Soft-Boiled|p1a: Chansey\n|-heal|p1a: Chansey|84/100 par\n|move|p2a: 28-98 STORMBLESSED|Body Slam|p1a: Chansey\n|-damage|p1a: Chansey|43/100 par\n|\n|upkeep\n|turn|85\n|inactive|Kaz has 240 seconds left.\n|\n|t:|1743963660\n|move|p1a: Chansey|Ice Beam|p2a: 28-98 STORMBLESSED\n|-crit|p2a: 28-98 STORMBLESSED\n|-damage|p2a: 28-98 STORMBLESSED|0 fnt\n|faint|p2a: 28-98 STORMBLESSED\n|\n|t:|1743963670\n|switch|p2a: 21-68|Starmie|100/100 par\n|turn|86\n|\n|t:|1743963676\n|cant|p2a: 21-68|par\n|cant|p1a: Chansey|par\n|\n|upkeep\n|turn|87\n|\n|t:|1743963679\n|move|p2a: 21-68|Psychic|p1a: Chansey\n|-damage|p1a: Chansey|28/100 par\n|move|p1a: Chansey|Soft-Boiled|p1a: Chansey\n|-heal|p1a: Chansey|78/100 par\n|\n|upkeep\n|turn|88\n|\n|t:|1743963687\n|move|p2a: 21-68|Psychic|p1a: Chansey\n|-damage|p1a: Chansey|62/100 par\n|-unboost|p1a: Chansey|spa|1\n|-unboost|p1a: Chansey|spd|1\n|move|p1a: Chansey|Thunderbolt|p2a: 21-68\n|-supereffective|p2a: 21-68\n|-damage|p2a: 21-68|67/100 par\n|\n|upkeep\n|turn|89\n|\n|t:|1743963694\n|move|p2a: 21-68|Thunder Wave|p1a: Chansey\n|-fail|p1a: Chansey|par\n|cant|p1a: Chansey|par\n|\n|upkeep\n|turn|90\n|\n|t:|1743963703\n|move|p2a: 21-68|Recover|p2a: 21-68\n|-heal|p2a: 21-68|100/100 par\n|move|p1a: Chansey|Soft-Boiled|p1a: Chansey\n|-heal|p1a: Chansey|100/100 par\n|\n|upkeep\n|turn|91\n|\n|t:|1743963710\n|move|p2a: 21-68|Psychic|p1a: Chansey\n|-damage|p1a: Chansey|79/100 par\n|move|p1a: Chansey|Thunderbolt|p2a: 21-68\n|-supereffective|p2a: 21-68\n|-damage|p2a: 21-68|71/100 par\n|\n|upkeep\n|turn|92\n|inactive|Kaz has 270 seconds left.\n|\n|t:|1743963716\n|switch|p1a: Jynx|Jynx|82/100\n|move|p2a: 21-68|Psychic|p1a: Jynx\n|-resisted|p1a: Jynx\n|-damage|p1a: Jynx|66/100\n|\n|upkeep\n|turn|93\n|inactive|Kaz has 270 seconds left.\n|\n|t:|1743963739\n|move|p1a: Jynx|Psychic|p2a: 21-68\n|-resisted|p2a: 21-68\n|-damage|p2a: 21-68|56/100 par\n|-unboost|p2a: 21-68|spa|1\n|-unboost|p2a: 21-68|spd|1\n|move|p2a: 21-68|Psychic|p1a: Jynx\n|-resisted|p1a: Jynx\n|-damage|p1a: Jynx|55/100\n|\n|upkeep\n|turn|94\n|inactive|Kaz has 270 seconds left.\n|inactive|Kaz has 240 seconds left.\n|\n|t:|1743963799\n|move|p1a: Jynx|Blizzard|p2a: 21-68\n|-resisted|p2a: 21-68\n|-damage|p2a: 21-68|27/100 par\n|cant|p2a: 21-68|par\n|\n|upkeep\n|turn|95\n|\n|t:|1743963817\n|switch|p2a: 64-448 / 27-192|Chansey|100/100\n|move|p1a: Jynx|Blizzard|p2a: 64-448 / 27-192\n|-damage|p2a: 64-448 / 27-192|83/100\n|\n|upkeep\n|turn|96\n|inactive|Kaz has 210 seconds left.\n|\n|t:|1743963846\n|move|p1a: Jynx|Lovely Kiss|p2a: 64-448 / 27-192\n|-status|p2a: 64-448 / 27-192|slp|[from] move: Lovely Kiss\n|-curestatus|p2a: 64-448 / 27-192|slp|[msg]\n|\n|upkeep\n|turn|97\n|\n|t:|1743963851\n|move|p1a: Jynx|Lovely Kiss|p2a: 64-448 / 27-192\n|-status|p2a: 64-448 / 27-192|slp|[from] move: Lovely Kiss\n|cant|p2a: 64-448 / 27-192|slp\n|\n|upkeep\n|turn|98\n|\n|t:|1743963854\n|move|p1a: Jynx|Psychic|p2a: 64-448 / 27-192\n|-crit|p2a: 64-448 / 27-192\n|-damage|p2a: 64-448 / 27-192|56/100 slp\n|-unboost|p2a: 64-448 / 27-192|spa|1\n|-unboost|p2a: 64-448 / 27-192|spd|1\n|cant|p2a: 64-448 / 27-192|slp\n|\n|upkeep\n|turn|99\n|\n|t:|1743963856\n|move|p1a: Jynx|Psychic|p2a: 64-448 / 27-192\n|-damage|p2a: 64-448 / 27-192|34/100 slp\n|-unboost|p2a: 64-448 / 27-192|spa|1\n|-unboost|p2a: 64-448 / 27-192|spd|1\n|cant|p2a: 64-448 / 27-192|slp\n|\n|upkeep\n|turn|100\n|\n|t:|1743963860\n|move|p1a: Jynx|Psychic|p2a: 64-448 / 27-192\n|-damage|p2a: 64-448 / 27-192|6/100 slp\n|-curestatus|p2a: 64-448 / 27-192|slp|[msg]\n|\n|upkeep\n|turn|101\n|c|☆shiloh|gg\n|-message|shiloh forfeited.\n|\n|win|Kaz\n|c|☆Kaz|gg\n","uploadtime":1743963866,"views":"1962","formatid":"gen1ou","rating":null,"private":0,"password":null}