{"id":"smogtours-gen1ou-824854","format":"[Gen 1] OU","players":["nicole7735","WarumFelix"],"log":"|inactive|Battle timer is ON: inactive players will automatically lose when time's up.\n|t:|1742034646\n|gametype|singles\n|player|p1|nicole7735|#splxvisharks2|\n|player|p2|WarumFelix|lucas|\n|teamsize|p1|6\n|teamsize|p2|6\n|gen|1\n|tier|[Gen 1] OU\n|rule|Desync Clause Mod: Desyncs changed to move failure.\n|rule|Sleep Clause Mod: Limit one foe put to sleep\n|rule|Freeze Clause Mod: Limit one foe frozen\n|rule|Species Clause: Limit one of each Pokémon\n|rule|OHKO Clause: OHKO moves are banned\n|rule|Evasion Moves Clause: Evasion moves are banned\n|rule|Endless Battle Clause: Forcing endless battles is banned\n|rule|HP Percentage Mod: HP is shown in percentages\n|\n|t:|1742034646\n|start\n|switch|p1a: Gengar|Gengar|100/100\n|switch|p2a: Starmie|Starmie|100/100\n|turn|1\n|c|☆WarumFelix|glhf\n|c|☆nicole7735|hf\n|inactive|WarumFelix has 270 seconds left.\n|\n|t:|1742034695\n|switch|p1a: Chansey|Chansey|100/100\n|move|p2a: Starmie|Psychic|p1a: Chansey\n|-crit|p1a: Chansey\n|-damage|p1a: Chansey|72/100\n|-unboost|p1a: Chansey|spa|1\n|-unboost|p1a: Chansey|spd|1\n|\n|upkeep\n|turn|2\n|\n|t:|1742034701\n|move|p2a: Starmie|Blizzard|p1a: Chansey\n|-damage|p1a: Chansey|51/100\n|move|p1a: Chansey|Thunder Wave|p2a: Starmie\n|-status|p2a: Starmie|par\n|\n|upkeep\n|turn|3\n|\n|t:|1742034710\n|switch|p1a: Gengar|Gengar|100/100\n|switch|p2a: Exeggutor|Exeggutor|100/100\n|\n|upkeep\n|turn|4\n|inactive|WarumFelix has 270 seconds left.\n|\n|t:|1742034748\n|move|p1a: Gengar|Hypnosis|p2a: Exeggutor\n|-status|p2a: Exeggutor|slp|[from] move: Hypnosis\n|-curestatus|p2a: Exeggutor|slp|[msg]\n|\n|upkeep\n|turn|5\n|inactive|WarumFelix has 270 seconds left.\n|\n|t:|1742034755\n|move|p1a: Gengar|Hypnosis|p2a: Exeggutor\n|-status|p2a: Exeggutor|slp|[from] move: Hypnosis\n|cant|p2a: Exeggutor|slp\n|\n|upkeep\n|turn|6\n|\n|t:|1742034763\n|switch|p1a: Tauros|Tauros|100/100\n|switch|p2a: Chansey|Chansey|100/100\n|\n|upkeep\n|turn|7\n|\n|t:|1742034772\n|switch|p1a: Gengar|Gengar|100/100\n|move|p2a: Chansey|Thunder Wave|p1a: Gengar\n|-status|p1a: Gengar|par\n|\n|upkeep\n|turn|8\n|inactive|WarumFelix has 270 seconds left.\n|\n|t:|1742034799\n|move|p2a: Chansey|Seismic Toss|p1a: Gengar\n|-damage|p1a: Gengar|70/100 par\n|cant|p1a: Gengar|par\n|\n|upkeep\n|turn|9\n|\n|t:|1742034801\n|switch|p2a: Rhydon|Rhydon|100/100\n|cant|p1a: Gengar|par\n|\n|upkeep\n|turn|10\n|\n|t:|1742034809\n|switch|p1a: Exeggutor|Exeggutor|100/100\n|move|p2a: Rhydon|Body Slam|p1a: Exeggutor\n|-damage|p1a: Exeggutor|79/100\n|\n|upkeep\n|turn|11\n|\n|t:|1742034826\n|switch|p2a: Exeggutor|Exeggutor|100/100 slp\n|move|p1a: Exeggutor|Psychic|p2a: Exeggutor\n|-resisted|p2a: Exeggutor\n|-damage|p2a: Exeggutor|86/100 slp\n|\n|upkeep\n|turn|12\n|\n|t:|1742034835\n|switch|p2a: Chansey|Chansey|100/100\n|move|p1a: Exeggutor|Psychic|p2a: Chansey\n|-damage|p2a: Chansey|83/100\n|-unboost|p2a: Chansey|spa|1\n|-unboost|p2a: Chansey|spd|1\n|\n|upkeep\n|turn|13\n|\n|t:|1742034846\n|switch|p2a: Starmie|Starmie|100/100 par\n|move|p1a: Exeggutor|Psychic|p2a: Starmie\n|-crit|p2a: Starmie\n|-resisted|p2a: Starmie\n|-damage|p2a: Starmie|63/100 par\n|\n|upkeep\n|turn|14\n|\n|t:|1742034862\n|move|p1a: Exeggutor|Mega Drain|p2a: Starmie\n|-supereffective|p2a: Starmie\n|-damage|p2a: Starmie|28/100 par\n|-heal|p1a: Exeggutor|94/100|[from] drain|[of] p2a: Starmie\n|cant|p2a: Starmie|par\n|\n|upkeep\n|turn|15\n|\n|t:|1742034886\n|switch|p1a: Chansey|Chansey|51/100\n|switch|p2a: Exeggutor|Exeggutor|86/100 slp\n|\n|upkeep\n|turn|16\n|\n|t:|1742034891\n|switch|p2a: Chansey|Chansey|83/100\n|move|p1a: Chansey|Ice Beam|p2a: Chansey\n|-damage|p2a: Chansey|73/100\n|\n|upkeep\n|turn|17\n|\n|t:|1742034895\n|move|p2a: Chansey|Soft-Boiled|p2a: Chansey\n|-heal|p2a: Chansey|100/100\n|move|p1a: Chansey|Thunder Wave|p2a: Chansey\n|-status|p2a: Chansey|par\n|\n|upkeep\n|turn|18\n|inactive|nicole7735 has 270 seconds left.\n|inactive|nicole7735 has 240 seconds left.\n|inactive|nicole7735 has 210 seconds left.\n|\n|t:|1742034985\n|move|p1a: Chansey|Soft-Boiled|p1a: Chansey\n|-heal|p1a: Chansey|100/100\n|move|p2a: Chansey|Sing|p1a: Chansey|[miss]\n|-miss|p2a: Chansey\n|\n|upkeep\n|turn|19\n|inactive|nicole7735 has 210 seconds left.\n|\n|t:|1742034997\n|switch|p1a: Gengar|Gengar|70/100 par\n|move|p2a: Chansey|Seismic Toss|p1a: Gengar\n|-damage|p1a: Gengar|39/100 par\n|\n|upkeep\n|turn|20\n|inactive|WarumFelix has 270 seconds left.\n|inactive|nicole7735 has 210 seconds left.\n|\n|t:|1742035046\n|switch|p1a: Snorlax|Snorlax|100/100\n|switch|p2a: Rhydon|Rhydon|100/100\n|\n|upkeep\n|turn|21\n|\n|t:|1742035049\n|move|p2a: Rhydon|Earthquake|p1a: Snorlax\n|-damage|p1a: Snorlax|67/100\n|move|p1a: Snorlax|Earthquake|p2a: Rhydon\n|-crit|p2a: Rhydon\n|-supereffective|p2a: Rhydon\n|-damage|p2a: Rhydon|35/100\n|\n|upkeep\n|turn|22\n|inactive|WarumFelix has 270 seconds left.\n|\n|t:|1742035064\n|switch|p2a: Snorlax|Snorlax|100/100\n|move|p1a: Snorlax|Earthquake|p2a: Snorlax\n|-damage|p2a: Snorlax|78/100\n|\n|upkeep\n|turn|23\n|\n|t:|1742035066\n|move|p2a: Snorlax|Body Slam|p1a: Snorlax\n|-damage|p1a: Snorlax|41/100\n|move|p1a: Snorlax|Reflect|p1a: Snorlax\n|-start|p1a: Snorlax|Reflect\n|\n|upkeep\n|turn|24\n|inactive|WarumFelix has 270 seconds left.\n|inactive|WarumFelix has 240 seconds left.\n|\n|t:|1742035123\n|move|p1a: Snorlax|Rest|p1a: Snorlax\n|-status|p1a: Snorlax|slp|[from] move: Rest\n|-heal|p1a: Snorlax|100/100 slp|[silent]\n|move|p2a: Snorlax|Body Slam|p1a: Snorlax\n|-damage|p1a: Snorlax|87/100 slp\n|\n|upkeep\n|turn|25\n|inactive|WarumFelix has 240 seconds left.\n|inactive|nicole7735 has 210 seconds left.\n|\n|t:|1742035182\n|switch|p2a: Chansey|Chansey|100/100 par\n|cant|p1a: Snorlax|slp\n|\n|upkeep\n|turn|26\n|\n|t:|1742035204\n|switch|p1a: Gengar|Gengar|39/100 par\n|move|p2a: Chansey|Sing|p1a: Gengar|[miss]\n|-miss|p2a: Chansey\n|\n|upkeep\n|turn|27\n|inactive|WarumFelix has 210 seconds left.\n|\n|t:|1742035219\n|move|p1a: Gengar|Explosion|p2a: Chansey\n|-damage|p2a: Chansey|26/100 par\n|faint|p1a: Gengar\n|\n|t:|1742035221\n|switch|p1a: Tauros|Tauros|100/100\n|turn|28\n|inactive|WarumFelix has 210 seconds left.\n|\n|t:|1742035239\n|switch|p2a: Starmie|Starmie|28/100 par\n|move|p1a: Tauros|Body Slam|p2a: Starmie\n|-crit|p2a: Starmie\n|-damage|p2a: Starmie|0 fnt\n|faint|p2a: Starmie\n|\n|t:|1742035240\n|switch|p2a: Tauros|Tauros|100/100\n|turn|29\n|\n|t:|1742035246\n|move|p2a: Tauros|Body Slam|p1a: Tauros\n|-damage|p1a: Tauros|73/100\n|move|p1a: Tauros|Body Slam|p2a: Tauros\n|-damage|p2a: Tauros|73/100\n|\n|upkeep\n|turn|30\n|\n|t:|1742035247\n|move|p2a: Tauros|Body Slam|p1a: Tauros\n|-crit|p1a: Tauros\n|-damage|p1a: Tauros|13/100\n|move|p1a: Tauros|Body Slam|p2a: Tauros\n|-crit|p2a: Tauros\n|-damage|p2a: Tauros|16/100\n|\n|upkeep\n|turn|31\n|inactive|WarumFelix has 240 seconds left.\n|inactive|nicole7735 has 210 seconds left.\n|inactive|nicole7735 has 180 seconds left.\n|inactive|nicole7735 has 150 seconds left.\n|inactive|nicole7735 has 120 seconds left.\n|\n|t:|1742035364\n|switch|p1a: Zapdos|Zapdos|100/100\n|move|p2a: Tauros|Body Slam|p1a: Zapdos\n|-damage|p1a: Zapdos|73/100\n|-status|p1a: Zapdos|par\n|\n|upkeep\n|turn|32\n|inactive|nicole7735 has 120 seconds left.\n|inactive|WarumFelix has 240 seconds left.\n|\n|t:|1742035382\n|switch|p2a: Rhydon|Rhydon|35/100\n|move|p1a: Zapdos|Drill Peck|p2a: Rhydon\n|-crit|p2a: Rhydon\n|-resisted|p2a: Rhydon\n|-damage|p2a: Rhydon|18/100\n|\n|upkeep\n|turn|33\n|inactive|nicole7735 has 120 seconds left.\n|inactive|WarumFelix has 240 seconds left.\n|\n|t:|1742035402\n|move|p2a: Rhydon|Body Slam|p1a: Zapdos\n|-damage|p1a: Zapdos|50/100 par\n|cant|p1a: Zapdos|par\n|\n|upkeep\n|turn|34\n|\n|t:|1742035405\n|switch|p1a: Exeggutor|Exeggutor|94/100\n|move|p2a: Rhydon|Body Slam|p1a: Exeggutor\n|-damage|p1a: Exeggutor|70/100\n|\n|upkeep\n|turn|35\n|\n|t:|1742035412\n|switch|p2a: Exeggutor|Exeggutor|86/100 slp\n|move|p1a: Exeggutor|Psychic|p2a: Exeggutor\n|-resisted|p2a: Exeggutor\n|-damage|p2a: Exeggutor|73/100 slp\n|-unboost|p2a: Exeggutor|spa|1\n|-unboost|p2a: Exeggutor|spd|1\n|\n|upkeep\n|turn|36\n|inactive|WarumFelix has 240 seconds left.\n|\n|t:|1742035437\n|switch|p1a: Tauros|Tauros|13/100\n|cant|p2a: Exeggutor|slp\n|\n|upkeep\n|turn|37\n|\n|t:|1742035441\n|switch|p2a: Rhydon|Rhydon|18/100\n|move|p1a: Tauros|Body Slam|p2a: Rhydon\n|-resisted|p2a: Rhydon\n|-damage|p2a: Rhydon|8/100\n|\n|upkeep\n|turn|38\n|\n|t:|1742035450\n|move|p1a: Tauros|Earthquake|p2a: Rhydon\n|-supereffective|p2a: Rhydon\n|-damage|p2a: Rhydon|0 fnt\n|faint|p2a: Rhydon\n|inactive|WarumFelix has 240 seconds left.\n|\n|t:|1742035475\n|switch|p2a: Snorlax|Snorlax|78/100\n|turn|39\n|inactive|nicole7735 has 150 seconds left.\n|\n|t:|1742035522\n|switch|p1a: Chansey|Chansey|100/100\n|move|p2a: Snorlax|Body Slam|p1a: Chansey\n|-damage|p1a: Chansey|58/100\n|\n|upkeep\n|turn|40\n|\n|t:|1742035524\n|move|p1a: Chansey|Thunder Wave|p2a: Snorlax\n|-status|p2a: Snorlax|par\n|move|p2a: Snorlax|Hyper Beam|p1a: Chansey\n|-damage|p1a: Chansey|0 fnt\n|faint|p1a: Chansey\n|inactive|nicole7735 has 120 seconds left.\n|inactive|nicole7735 has 90 seconds left.\n|\n|t:|1742035602\n|switch|p1a: Snorlax|Snorlax|87/100 slp\n|turn|41\n|\n|t:|1742035620\n|-curestatus|p1a: Snorlax|slp|[msg]\n|cant|p2a: Snorlax|par\n|\n|upkeep\n|turn|42\n|\n|t:|1742035625\n|move|p1a: Snorlax|Body Slam|p2a: Snorlax\n|-damage|p2a: Snorlax|52/100 par\n|move|p2a: Snorlax|Reflect|p2a: Snorlax\n|-start|p2a: Snorlax|Reflect\n|\n|upkeep\n|turn|43\n|inactive|WarumFelix has 270 seconds left.\n|\n|t:|1742035641\n|switch|p1a: Zapdos|Zapdos|50/100 par\n|cant|p2a: Snorlax|par\n|\n|upkeep\n|turn|44\n|\n|t:|1742035649\n|move|p1a: Zapdos|Thunderbolt|p2a: Snorlax\n|-damage|p2a: Snorlax|16/100 par\n|cant|p2a: Snorlax|par\n|\n|upkeep\n|turn|45\n|\n|t:|1742035652\n|move|p1a: Zapdos|Thunderbolt|p2a: Snorlax\n|-damage|p2a: Snorlax|0 fnt\n|faint|p2a: Snorlax\n|\n|t:|1742035653\n|switch|p2a: Tauros|Tauros|16/100\n|turn|46\n|\n|t:|1742035668\n|move|p2a: Tauros|Hyper Beam|p1a: Zapdos\n|-damage|p1a: Zapdos|0 fnt\n|faint|p1a: Zapdos\n|\n|t:|1742035682\n|switch|p1a: Snorlax|Snorlax|87/100\n|turn|47\n|\n|t:|1742035706\n|switch|p2a: Chansey|Chansey|26/100 par\n|move|p1a: Snorlax|Body Slam|p2a: Chansey\n|-damage|p2a: Chansey|0 fnt\n|faint|p2a: Chansey\n|\n|t:|1742035707\n|switch|p2a: Exeggutor|Exeggutor|73/100 slp\n|turn|48\n|inactive|nicole7735 has 90 seconds left.\n|\n|t:|1742035743\n|switch|p1a: Exeggutor|Exeggutor|70/100\n|cant|p2a: Exeggutor|slp\n|\n|upkeep\n|turn|49\n|inactive|nicole7735 has 90 seconds left.\n|\n|t:|1742035754\n|cant|p2a: Exeggutor|slp\n|move|p1a: Exeggutor|Explosion|p2a: Exeggutor\n|-damage|p2a: Exeggutor|0 fnt\n|faint|p2a: Exeggutor\n|faint|p1a: Exeggutor\n|inactive|nicole7735 has 90 seconds left.\n|\n|t:|1742035785\n|switch|p2a: Tauros|Tauros|16/100\n|switch|p1a: Snorlax|Snorlax|87/100\n|turn|50\n|\n|t:|1742035787\n|move|p2a: Tauros|Blizzard|p1a: Snorlax|[miss]\n|-miss|p2a: Tauros\n|move|p1a: Snorlax|Body Slam|p2a: Tauros\n|-damage|p2a: Tauros|0 fnt\n|faint|p2a: Tauros\n|\n|win|nicole7735\n|c|☆nicole7735|gg\n|c|☆WarumFelix|gg\n","uploadtime":1742035787,"views":"1553","formatid":"gen1ou","rating":null,"private":0,"password":null}