{"id":"smogtours-gen1ou-964024","format":"[Gen 1] OU","players":["LNumbers","sadisticnarwhal"],"log":"|inactive|Battle timer is ON: inactive players will automatically lose when time's up.\n|t:|1786828424\n|gametype|singles\n|player|p1|LNumbers|#rbywc2026|\n|player|p2|sadisticnarwhal|#rcop2023useast|\n|gen|1\n|tier|[Gen 1] OU\n|rule|Desync Clause Mod: Desyncs resolve to link battle behavior from the acting player's perspective.\n|rule|HP Percentage Mod: HP is shown in percentages\n|rule|Endless Battle Clause: Forcing endless battles is banned\n|rule|Sleep Clause Mod: Limit one foe put to sleep\n|rule|Freeze Clause Mod: Limit one foe frozen\n|rule|Species Clause: Limit one of each Pokémon\n|rule|OHKO Clause: OHKO moves are banned\n|rule|Evasion Moves Clause: Evasion moves are banned\n|\n|t:|1786828424\n|teamsize|p1|6\n|teamsize|p2|6\n|start\n|switch|p1a: Starmie|Starmie|100/100\n|switch|p2a: Jynx|Jynx|100/100\n|turn|1\n|c|☆sadisticnarwhal|hf\n|c|☆LNumbers|hf\n|\n|t:|1786828432\n|switch|p2a: Chansey|Chansey|100/100\n|move|p1a: Starmie|Thunder Wave|p2a: Chansey\n|-status|p2a: Chansey|par\n|\n|upkeep\n|turn|2\n|\n|t:|1786828450\n|switch|p1a: Exeggutor|Exeggutor|100/100\n|move|p2a: Chansey|Sing|p1a: Exeggutor\n|-status|p1a: Exeggutor|slp|[from] move: Sing\n|\n|upkeep\n|turn|3\n|\n|t:|1786828463\n|switch|p1a: Snorlax|Snorlax|100/100\n|switch|p2a: Jynx|Jynx|100/100\n|\n|upkeep\n|turn|4\n|\n|t:|1786828488\n|move|p1a: Snorlax|Body Slam|p2a: Jynx\n|-damage|p2a: Jynx|43/100\n|move|p2a: Jynx|Counter|p1a: Snorlax\n|-damage|p1a: Snorlax|27/100\n|\n|upkeep\n|turn|5\n|\n|t:|1786828502\n|switch|p1a: Chansey|Chansey|100/100\n|move|p2a: Jynx|Blizzard|p1a: Chansey\n|-damage|p1a: Chansey|83/100\n|\n|upkeep\n|turn|6\n|\n|t:|1786828513\n|switch|p2a: Chansey|Chansey|100/100 par\n|move|p1a: Chansey|Seismic Toss|p2a: Chansey\n|-damage|p2a: Chansey|86/100 par\n|\n|upkeep\n|turn|7\n|\n|t:|1786828524\n|switch|p1a: Exeggutor|Exeggutor|100/100 slp\n|move|p2a: Chansey|Thunder Wave|p1a: Exeggutor\n|-fail|p1a: Exeggutor\n|\n|upkeep\n|turn|8\n|\n|t:|1786828541\n|switch|p2a: Snorlax|Snorlax|100/100\n|-curestatus|p1a: Exeggutor|slp|[msg]\n|\n|upkeep\n|turn|9\n|\n|t:|1786828552\n|switch|p2a: Jynx|Jynx|43/100\n|move|p1a: Exeggutor|Psychic|p2a: Jynx\n|-resisted|p2a: Jynx\n|-damage|p2a: Jynx|22/100\n|-unboost|p2a: Jynx|spa|1\n|-unboost|p2a: Jynx|spd|1\n|\n|upkeep\n|turn|10\n|inactive|LNumbers has 270 seconds left.\n|\n|t:|1786828579\n|switch|p1a: Snorlax|Snorlax|27/100\n|move|p2a: Jynx|Lovely Kiss|p1a: Snorlax\n|-status|p1a: Snorlax|slp|[from] move: Lovely Kiss\n|\n|upkeep\n|turn|11\n|\n|t:|1786828589\n|switch|p1a: Starmie|Starmie|100/100\n|move|p2a: Jynx|Blizzard|p1a: Starmie\n|-resisted|p1a: Starmie\n|-damage|p1a: Starmie|87/100\n|\n|upkeep\n|turn|12\n|\n|t:|1786828596\n|switch|p1a: Rhydon|Rhydon|100/100\n|switch|p2a: Chansey|Chansey|86/100 par\n|\n|upkeep\n|turn|13\n|\n|t:|1786828615\n|switch|p2a: Exeggutor|Exeggutor|100/100\n|move|p1a: Rhydon|Earthquake|p2a: Exeggutor\n|-resisted|p2a: Exeggutor\n|-damage|p2a: Exeggutor|81/100\n|\n|upkeep\n|turn|14\n|\n|t:|1786828626\n|switch|p1a: Chansey|Chansey|83/100\n|move|p2a: Exeggutor|Stun Spore|p1a: Chansey\n|-status|p1a: Chansey|par\n|\n|upkeep\n|turn|15\n|inactive|LNumbers has 270 seconds left.\n|\n|t:|1786828642\n|switch|p2a: Chansey|Chansey|86/100 par\n|move|p1a: Chansey|Sing|p2a: Chansey|[miss]\n|-miss|p1a: Chansey\n|\n|upkeep\n|turn|16\n|\n|t:|1786828649\n|move|p1a: Chansey|Seismic Toss|p2a: Chansey\n|-damage|p2a: Chansey|72/100 par\n|move|p2a: Chansey|Seismic Toss|p1a: Chansey\n|-damage|p1a: Chansey|69/100 par\n|\n|upkeep\n|turn|17\n|\n|t:|1786828658\n|switch|p1a: Rhydon|Rhydon|100/100\n|move|p2a: Chansey|Soft-Boiled|p2a: Chansey\n|-heal|p2a: Chansey|100/100 par\n|\n|upkeep\n|turn|18\n|\n|t:|1786828665\n|move|p1a: Rhydon|Body Slam|p2a: Chansey\n|-damage|p2a: Chansey|68/100 par\n|cant|p2a: Chansey|par\n|\n|upkeep\n|turn|19\n|\n|t:|1786828669\n|switch|p2a: Exeggutor|Exeggutor|81/100\n|move|p1a: Rhydon|Body Slam|p2a: Exeggutor\n|-damage|p2a: Exeggutor|57/100\n|\n|upkeep\n|turn|20\n|\n|t:|1786828676\n|switch|p1a: Exeggutor|Exeggutor|100/100\n|move|p2a: Exeggutor|Psychic|p1a: Exeggutor\n|-resisted|p1a: Exeggutor\n|-damage|p1a: Exeggutor|88/100\n|-unboost|p1a: Exeggutor|spa|1\n|-unboost|p1a: Exeggutor|spd|1\n|\n|upkeep\n|turn|21\n|inactive|LNumbers has 270 seconds left.\n|inactive|sadisticnarwhal has 270 seconds left.\n|\n|t:|1786828727\n|switch|p2a: Jynx|Jynx|22/100\n|move|p1a: Exeggutor|Sleep Powder|p2a: Jynx|[miss]\n|-miss|p1a: Exeggutor\n|\n|upkeep\n|turn|22\n|\n|t:|1786828739\n|switch|p1a: Chansey|Chansey|69/100 par\n|move|p2a: Jynx|Blizzard|p1a: Chansey\n|-damage|p1a: Chansey|50/100 par\n|\n|upkeep\n|turn|23\n|inactive|sadisticnarwhal has 240 seconds left.\n|\n|t:|1786828770\n|switch|p2a: Snorlax|Snorlax|100/100\n|move|p1a: Chansey|Soft-Boiled|p1a: Chansey\n|-heal|p1a: Chansey|99/100 par\n|\n|upkeep\n|turn|24\n|inactive|sadisticnarwhal has 240 seconds left.\n|\n|t:|1786828783\n|move|p2a: Snorlax|Body Slam|p1a: Chansey\n|-damage|p1a: Chansey|62/100 par\n|move|p1a: Chansey|Sing|p2a: Snorlax|[miss]\n|-miss|p1a: Chansey\n|\n|upkeep\n|turn|25\n|\n|t:|1786828789\n|switch|p1a: Rhydon|Rhydon|100/100\n|move|p2a: Snorlax|Hyper Beam|p1a: Rhydon\n|-resisted|p1a: Rhydon\n|-damage|p1a: Rhydon|79/100\n|-mustrecharge|p2a: Snorlax\n|\n|upkeep\n|turn|26\n|\n|t:|1786828793\n|move|p1a: Rhydon|Earthquake|p2a: Snorlax\n|-damage|p2a: Snorlax|64/100\n|cant|p2a: Snorlax|recharge\n|\n|upkeep\n|turn|27\n|\n|t:|1786828802\n|switch|p2a: Exeggutor|Exeggutor|57/100\n|move|p1a: Rhydon|Body Slam|p2a: Exeggutor\n|-damage|p2a: Exeggutor|34/100\n|-status|p2a: Exeggutor|par\n|\n|upkeep\n|turn|28\n|inactive|LNumbers has 270 seconds left.\n|inactive|sadisticnarwhal has 270 seconds left.\n|\n|t:|1786828816\n|switch|p1a: Starmie|Starmie|87/100\n|cant|p2a: Exeggutor|par\n|\n|upkeep\n|turn|29\n|inactive|LNumbers has 270 seconds left.\n|inactive|sadisticnarwhal has 270 seconds left.\n|\n|t:|1786828823\n|switch|p1a: Rhydon|Rhydon|79/100\n|switch|p2a: Chansey|Chansey|68/100 par\n|\n|upkeep\n|turn|30\n|\n|t:|1786828829\n|switch|p2a: Starmie|Starmie|100/100\n|move|p1a: Rhydon|Earthquake|p2a: Starmie\n|-damage|p2a: Starmie|51/100\n|\n|upkeep\n|turn|31\n|inactive|LNumbers has 270 seconds left.\n|\n|t:|1786828849\n|switch|p1a: Chansey|Chansey|62/100 par\n|move|p2a: Starmie|Blizzard|p1a: Chansey\n|-crit|p1a: Chansey\n|-damage|p1a: Chansey|35/100 par\n|\n|upkeep\n|turn|32\n|inactive|LNumbers has 270 seconds left.\n|inactive|sadisticnarwhal has 270 seconds left.\n|inactive|LNumbers has 240 seconds left.\n|\n|t:|1786828900\n|move|p2a: Starmie|Recover|p2a: Starmie\n|-heal|p2a: Starmie|100/100\n|move|p1a: Chansey|Thunder Wave|p2a: Starmie\n|-status|p2a: Starmie|par\n|\n|upkeep\n|turn|33\n|\n|t:|1786828905\n|move|p2a: Starmie|Psychic|p1a: Chansey\n|-damage|p1a: Chansey|20/100 par\n|move|p1a: Chansey|Soft-Boiled|p1a: Chansey\n|-heal|p1a: Chansey|70/100 par\n|\n|upkeep\n|turn|34\n|\n|t:|1786828918\n|move|p2a: Starmie|Psychic|p1a: Chansey\n|-crit|p1a: Chansey\n|-damage|p1a: Chansey|44/100 par\n|cant|p1a: Chansey|par\n|\n|upkeep\n|turn|35\n|\n|t:|1786828924\n|cant|p2a: Starmie|par\n|move|p1a: Chansey|Soft-Boiled|p1a: Chansey\n|-heal|p1a: Chansey|94/100 par\n|\n|upkeep\n|turn|36\n|\n|t:|1786828927\n|cant|p2a: Starmie|par\n|cant|p1a: Chansey|par\n|\n|upkeep\n|turn|37\n|\n|t:|1786828929\n|move|p2a: Starmie|Psychic|p1a: Chansey\n|-damage|p1a: Chansey|78/100 par\n|-unboost|p1a: Chansey|spa|1\n|-unboost|p1a: Chansey|spd|1\n|move|p1a: Chansey|Seismic Toss|p2a: Starmie\n|-damage|p2a: Starmie|70/100 par\n|\n|upkeep\n|turn|38\n|\n|t:|1786828935\n|move|p2a: Starmie|Recover|p2a: Starmie\n|-heal|p2a: Starmie|100/100 par\n|cant|p1a: Chansey|par\n|\n|upkeep\n|turn|39\n|\n|t:|1786828939\n|move|p2a: Starmie|Psychic|p1a: Chansey\n|-damage|p1a: Chansey|57/100 par\n|move|p1a: Chansey|Soft-Boiled|p1a: Chansey\n|-heal|p1a: Chansey|100/100 par\n|\n|upkeep\n|turn|40\n|\n|t:|1786828943\n|move|p2a: Starmie|Psychic|p1a: Chansey\n|-damage|p1a: Chansey|80/100 par\n|-unboost|p1a: Chansey|spa|1\n|-unboost|p1a: Chansey|spd|1\n|move|p1a: Chansey|Seismic Toss|p2a: Starmie\n|-damage|p2a: Starmie|70/100 par\n|\n|upkeep\n|turn|41\n|\n|t:|1786828948\n|switch|p1a: Starmie|Starmie|87/100\n|move|p2a: Starmie|Thunder Wave|p1a: Starmie\n|-status|p1a: Starmie|par\n|\n|upkeep\n|turn|42\n|\n|t:|1786828971\n|move|p2a: Starmie|Psychic|p1a: Starmie\n|-resisted|p1a: Starmie\n|-damage|p1a: Starmie|70/100 par\n|move|p1a: Starmie|Psychic|p2a: Starmie\n|-resisted|p2a: Starmie\n|-damage|p2a: Starmie|53/100 par\n|\n|upkeep\n|turn|43\n|\n|t:|1786828978\n|switch|p1a: Rhydon|Rhydon|79/100\n|move|p2a: Starmie|Recover|p2a: Starmie\n|-heal|p2a: Starmie|100/100 par\n|\n|upkeep\n|turn|44\n|\n|t:|1786828987\n|switch|p1a: Starmie|Starmie|70/100 par\n|cant|p2a: Starmie|par\n|\n|upkeep\n|turn|45\n|\n|t:|1786828991\n|cant|p2a: Starmie|par\n|cant|p1a: Starmie|par\n|\n|upkeep\n|turn|46\n|\n|t:|1786828993\n|move|p2a: Starmie|Psychic|p1a: Starmie\n|-resisted|p1a: Starmie\n|-damage|p1a: Starmie|53/100 par\n|-unboost|p1a: Starmie|spa|1\n|-unboost|p1a: Starmie|spd|1\n|move|p1a: Starmie|Recover|p1a: Starmie\n|-heal|p1a: Starmie|100/100 par\n|\n|upkeep\n|turn|47\n|\n|t:|1786828999\n|switch|p2a: Snorlax|Snorlax|64/100\n|switch|p1a: Chansey|Chansey|80/100 par\n|\n|upkeep\n|turn|48\n|\n|t:|1786829025\n|move|p2a: Snorlax|Body Slam|p1a: Chansey\n|-damage|p1a: Chansey|36/100 par\n|move|p1a: Chansey|Thunder Wave|p2a: Snorlax\n|-status|p2a: Snorlax|par\n|\n|upkeep\n|turn|49\n|\n|t:|1786829030\n|switch|p1a: Rhydon|Rhydon|79/100\n|move|p2a: Snorlax|Body Slam|p1a: Rhydon\n|-resisted|p1a: Rhydon\n|-damage|p1a: Rhydon|68/100\n|-status|p1a: Rhydon|par\n|\n|upkeep\n|turn|50\n|\n|t:|1786829048\n|switch|p1a: Tauros|Tauros|100/100\n|switch|p2a: Exeggutor|Exeggutor|34/100 par\n|\n|upkeep\n|turn|51\n|inactive|LNumbers has 270 seconds left.\n|inactive|sadisticnarwhal has 270 seconds left.\n|inactive|LNumbers has 240 seconds left.\n|inactive|LNumbers has 210 seconds left.\n|\n|t:|1786829157\n|switch|p2a: Jynx|Jynx|22/100\n|move|p1a: Tauros|Hyper Beam|p2a: Jynx\n|-damage|p2a: Jynx|0 fnt\n|faint|p2a: Jynx\n|inactive|sadisticnarwhal has 270 seconds left.\n|\n|t:|1786829185\n|switch|p2a: Tauros|Tauros|100/100\n|turn|52\n|inactive|LNumbers has 180 seconds left.\n|\n|t:|1786829221\n|move|p2a: Tauros|Body Slam|p1a: Tauros\n|-damage|p1a: Tauros|70/100\n|move|p1a: Tauros|Body Slam|p2a: Tauros\n|-damage|p2a: Tauros|70/100\n|\n|upkeep\n|turn|53\n|\n|t:|1786829227\n|move|p1a: Tauros|Body Slam|p2a: Tauros\n|-damage|p2a: Tauros|40/100\n|move|p2a: Tauros|Body Slam|p1a: Tauros\n|-damage|p1a: Tauros|39/100\n|\n|upkeep\n|turn|54\n|inactive|sadisticnarwhal has 270 seconds left.\n|inactive|LNumbers has 180 seconds left.\n|\n|t:|1786829258\n|switch|p1a: Starmie|Starmie|100/100 par\n|switch|p2a: Starmie|Starmie|100/100 par\n|\n|upkeep\n|turn|55\n|\n|t:|1786829266\n|move|p2a: Starmie|Psychic|p1a: Starmie\n|-crit|p1a: Starmie\n|-resisted|p1a: Starmie\n|-damage|p1a: Starmie|68/100 par\n|move|p1a: Starmie|Psychic|p2a: Starmie\n|-resisted|p2a: Starmie\n|-damage|p2a: Starmie|84/100 par\n|-unboost|p2a: Starmie|spa|1\n|-unboost|p2a: Starmie|spd|1\n|\n|upkeep\n|turn|56\n|\n|t:|1786829273\n|switch|p2a: Chansey|Chansey|68/100 par\n|move|p1a: Starmie|Recover|p1a: Starmie\n|-heal|p1a: Starmie|100/100 par\n|\n|upkeep\n|turn|57\n|\n|t:|1786829295\n|switch|p1a: Chansey|Chansey|36/100 par\n|cant|p2a: Chansey|par\n|\n|upkeep\n|turn|58\n|\n|t:|1786829300\n|switch|p2a: Snorlax|Snorlax|64/100 par\n|move|p1a: Chansey|Soft-Boiled|p1a: Chansey\n|-heal|p1a: Chansey|86/100 par\n|\n|upkeep\n|turn|59\n|inactive|LNumbers has 180 seconds left.\n|\n|t:|1786829317\n|cant|p1a: Chansey|par\n|cant|p2a: Snorlax|par\n|\n|upkeep\n|turn|60\n|\n|t:|1786829324\n|switch|p1a: Rhydon|Rhydon|68/100 par\n|move|p2a: Snorlax|Body Slam|p1a: Rhydon\n|-resisted|p1a: Rhydon\n|-damage|p1a: Rhydon|56/100 par\n|\n|upkeep\n|turn|61\n|inactive|LNumbers has 180 seconds left.\n|\n|t:|1786829330\n|switch|p2a: Exeggutor|Exeggutor|34/100 par\n|cant|p1a: Rhydon|par\n|\n|upkeep\n|turn|62\n|inactive|LNumbers has 180 seconds left.\n|\n|t:|1786829355\n|switch|p1a: Snorlax|Snorlax|27/100 slp\n|move|p2a: Exeggutor|Psychic|p1a: Snorlax\n|-damage|p1a: Snorlax|0 fnt\n|faint|p1a: Snorlax\n|\n|t:|1786829357\n|switch|p1a: Tauros|Tauros|39/100\n|turn|63\n|\n|t:|1786829387\n|switch|p2a: Starmie|Starmie|84/100 par\n|move|p1a: Tauros|Body Slam|p2a: Starmie\n|-damage|p2a: Starmie|48/100 par\n|\n|upkeep\n|turn|64\n|inactive|LNumbers has 150 seconds left.\n|inactive|LNumbers has 120 seconds left.\n|inactive|LNumbers has 90 seconds left.\n|inactive|LNumbers has 60 seconds left.\n|inactive|LNumbers has 30 seconds left.\n|inactive|LNumbers has 20 seconds left.\n|\n|t:|1786829538\n|switch|p2a: Snorlax|Snorlax|64/100 par\n|move|p1a: Tauros|Hyper Beam|p2a: Snorlax\n|-damage|p2a: Snorlax|22/100 par\n|-mustrecharge|p1a: Tauros\n|\n|upkeep\n|turn|65\n|inactive|LNumbers has 30 seconds left this turn.\n|\n|t:|1786829544\n|cant|p1a: Tauros|recharge\n|cant|p2a: Snorlax|par\n|\n|upkeep\n|turn|66\n|inactive|LNumbers has 30 seconds left.\n|\n|t:|1786829552\n|move|p1a: Tauros|Body Slam|p2a: Snorlax\n|-damage|p2a: Snorlax|0 fnt\n|faint|p2a: Snorlax\n|\n|t:|1786829555\n|switch|p2a: Tauros|Tauros|40/100\n|turn|67\n|inactive|LNumbers has 30 seconds left.\n|inactive|LNumbers has 20 seconds left.\n|\n|t:|1786829581\n|move|p2a: Tauros|Blizzard|p1a: Tauros\n|-damage|p1a: Tauros|12/100\n|move|p1a: Tauros|Hyper Beam|p2a: Tauros\n|-damage|p2a: Tauros|0 fnt\n|faint|p2a: Tauros\n|\n|t:|1786829585\n|switch|p2a: Chansey|Chansey|68/100 par\n|turn|68\n|inactive|LNumbers has 30 seconds left.\n|\n|t:|1786829597\n|switch|p1a: Rhydon|Rhydon|56/100 par\n|cant|p2a: Chansey|par\n|\n|upkeep\n|turn|69\n|inactive|LNumbers has 30 seconds left.\n|\n|t:|1786829607\n|switch|p2a: Exeggutor|Exeggutor|34/100 par\n|cant|p1a: Rhydon|par\n|\n|upkeep\n|turn|70\n|inactive|LNumbers has 30 seconds left.\n|\n|t:|1786829623\n|switch|p1a: Starmie|Starmie|100/100 par\n|move|p2a: Exeggutor|Mega Drain|p1a: Starmie\n|-supereffective|p1a: Starmie\n|-damage|p1a: Starmie|67/100 par\n|-heal|p2a: Exeggutor|48/100 par|[from] drain|[of] p1a: Starmie\n|\n|upkeep\n|turn|71\n|inactive|LNumbers has 30 seconds left.\n|\n|t:|1786829642\n|cant|p1a: Starmie|par\n|move|p2a: Exeggutor|Mega Drain|p1a: Starmie\n|-supereffective|p1a: Starmie\n|-damage|p1a: Starmie|34/100 par\n|-heal|p2a: Exeggutor|62/100 par|[from] drain|[of] p1a: Starmie\n|\n|upkeep\n|turn|72\n|\n|t:|1786829647\n|switch|p1a: Chansey|Chansey|86/100 par\n|move|p2a: Exeggutor|Mega Drain|p1a: Chansey\n|-damage|p1a: Chansey|78/100 par\n|-heal|p2a: Exeggutor|68/100 par|[from] drain|[of] p1a: Chansey\n|\n|upkeep\n|turn|73\n|\n|t:|1786829658\n|switch|p2a: Chansey|Chansey|68/100 par\n|switch|p1a: Starmie|Starmie|34/100 par\n|\n|upkeep\n|turn|74\n|\n|t:|1786829660\n|move|p1a: Starmie|Recover|p1a: Starmie\n|-heal|p1a: Starmie|84/100 par\n|cant|p2a: Chansey|par\n|\n|upkeep\n|turn|75\n|\n|t:|1786829675\n|switch|p1a: Chansey|Chansey|78/100 par\n|move|p2a: Chansey|Seismic Toss|p1a: Chansey\n|-damage|p1a: Chansey|64/100 par\n|\n|upkeep\n|turn|76\n|\n|t:|1786829685\n|switch|p2a: Starmie|Starmie|48/100 par\n|cant|p1a: Chansey|par\n|\n|upkeep\n|turn|77\n|\n|t:|1786829692\n|move|p2a: Starmie|Recover|p2a: Starmie\n|-heal|p2a: Starmie|97/100 par\n|cant|p1a: Chansey|par\n|\n|upkeep\n|turn|78\n|\n|t:|1786829699\n|cant|p2a: Starmie|par\n|move|p1a: Chansey|Soft-Boiled|p1a: Chansey\n|-heal|p1a: Chansey|100/100 par\n|\n|upkeep\n|turn|79\n|\n|t:|1786829703\n|cant|p2a: Starmie|par\n|move|p1a: Chansey|Seismic Toss|p2a: Starmie\n|-damage|p2a: Starmie|66/100 par\n|\n|upkeep\n|turn|80\n|\n|t:|1786829707\n|move|p2a: Starmie|Recover|p2a: Starmie\n|-heal|p2a: Starmie|100/100 par\n|move|p1a: Chansey|Seismic Toss|p2a: Starmie\n|-damage|p2a: Starmie|70/100 par\n|\n|upkeep\n|turn|81\n|\n|t:|1786829710\n|cant|p2a: Starmie|par\n|move|p1a: Chansey|Seismic Toss|p2a: Starmie\n|-damage|p2a: Starmie|39/100 par\n|\n|upkeep\n|turn|82\n|\n|t:|1786829712\n|move|p2a: Starmie|Recover|p2a: Starmie\n|-heal|p2a: Starmie|88/100 par\n|move|p1a: Chansey|Seismic Toss|p2a: Starmie\n|-damage|p2a: Starmie|57/100 par\n|\n|upkeep\n|turn|83\n|\n|t:|1786829717\n|move|p2a: Starmie|Recover|p2a: Starmie\n|-heal|p2a: Starmie|100/100 par\n|cant|p1a: Chansey|par\n|\n|upkeep\n|turn|84\n|\n|t:|1786829722\n|move|p2a: Starmie|Thunder Wave|p1a: Chansey\n|-fail|p1a: Chansey|par\n|move|p1a: Chansey|Seismic Toss|p2a: Starmie\n|-damage|p2a: Starmie|70/100 par\n|\n|upkeep\n|turn|85\n|\n|t:|1786829725\n|move|p2a: Starmie|Recover|p2a: Starmie\n|-heal|p2a: Starmie|100/100 par\n|cant|p1a: Chansey|par\n|\n|upkeep\n|turn|86\n|\n|t:|1786829728\n|switch|p2a: Chansey|Chansey|68/100 par\n|move|p1a: Chansey|Thunder Wave|p2a: Chansey\n|-fail|p2a: Chansey|par\n|\n|upkeep\n|turn|87\n|\n|t:|1786829737\n|switch|p1a: Starmie|Starmie|84/100 par\n|move|p2a: Chansey|Seismic Toss|p1a: Starmie\n|-damage|p1a: Starmie|53/100 par\n|\n|upkeep\n|turn|88\n|\n|t:|1786829741\n|cant|p1a: Starmie|par\n|move|p2a: Chansey|Seismic Toss|p1a: Starmie\n|-damage|p1a: Starmie|22/100 par\n|\n|upkeep\n|turn|89\n|\n|t:|1786829746\n|move|p1a: Starmie|Recover|p1a: Starmie\n|-heal|p1a: Starmie|72/100 par\n|move|p2a: Chansey|Seismic Toss|p1a: Starmie\n|-damage|p1a: Starmie|41/100 par\n|\n|upkeep\n|turn|90\n|\n|t:|1786829749\n|move|p1a: Starmie|Recover|p1a: Starmie\n|-heal|p1a: Starmie|91/100 par\n|move|p2a: Chansey|Seismic Toss|p1a: Starmie\n|-damage|p1a: Starmie|60/100 par\n|\n|upkeep\n|turn|91\n|\n|t:|1786829751\n|move|p1a: Starmie|Recover|p1a: Starmie\n|-heal|p1a: Starmie|100/100 par\n|move|p2a: Chansey|Seismic Toss|p1a: Starmie\n|-damage|p1a: Starmie|70/100 par\n|\n|upkeep\n|turn|92\n|\n|t:|1786829754\n|move|p1a: Starmie|Recover|p1a: Starmie\n|-heal|p1a: Starmie|100/100 par\n|cant|p2a: Chansey|par\n|\n|upkeep\n|turn|93\n|\n|t:|1786829757\n|switch|p1a: Chansey|Chansey|100/100 par\n|move|p2a: Chansey|Soft-Boiled|p2a: Chansey\n|-heal|p2a: Chansey|100/100 par\n|\n|upkeep\n|turn|94\n|\n|t:|1786829763\n|move|p1a: Chansey|Thunder Wave|p2a: Chansey\n|-fail|p2a: Chansey|par\n|move|p2a: Chansey|Thunder Wave|p1a: Chansey\n|-fail|p1a: Chansey|par\n|\n|upkeep\n|turn|95\n|\n|t:|1786829766\n|switch|p1a: Starmie|Starmie|100/100 par\n|move|p2a: Chansey|Thunder Wave|p1a: Starmie\n|-fail|p1a: Starmie|par\n|\n|upkeep\n|turn|96\n|\n|t:|1786829769\n|switch|p1a: Chansey|Chansey|100/100 par\n|move|p2a: Chansey|Thunder Wave|p1a: Chansey\n|-fail|p1a: Chansey|par\n|\n|upkeep\n|turn|97\n|\n|t:|1786829773\n|switch|p1a: Starmie|Starmie|100/100 par\n|cant|p2a: Chansey|par\n|\n|upkeep\n|turn|98\n|\n|t:|1786829776\n|switch|p1a: Chansey|Chansey|100/100 par\n|move|p2a: Chansey|Seismic Toss|p1a: Chansey\n|-damage|p1a: Chansey|86/100 par\n|\n|upkeep\n|turn|99\n|\n|t:|1786829780\n|switch|p2a: Starmie|Starmie|100/100 par\n|move|p1a: Chansey|Seismic Toss|p2a: Starmie\n|-damage|p2a: Starmie|70/100 par\n|\n|upkeep\n|turn|100\n|\n|t:|1786829789\n|switch|p1a: Starmie|Starmie|100/100 par\n|move|p2a: Starmie|Recover|p2a: Starmie\n|-heal|p2a: Starmie|100/100 par\n|\n|upkeep\n|turn|101\n|\n|t:|1786829793\n|switch|p2a: Chansey|Chansey|100/100 par\n|move|p1a: Starmie|Psychic|p2a: Chansey\n|-damage|p2a: Chansey|85/100 par\n|\n|upkeep\n|turn|102\n|\n|t:|1786829798\n|switch|p1a: Chansey|Chansey|86/100 par\n|switch|p2a: Starmie|Starmie|100/100 par\n|\n|upkeep\n|turn|103\n|\n|t:|1786829803\n|switch|p2a: Chansey|Chansey|85/100 par\n|switch|p1a: Starmie|Starmie|100/100 par\n|\n|upkeep\n|turn|104\n|\n|t:|1786829806\n|switch|p1a: Chansey|Chansey|86/100 par\n|switch|p2a: Starmie|Starmie|100/100 par\n|\n|upkeep\n|turn|105\n|\n|t:|1786829812\n|switch|p2a: Chansey|Chansey|85/100 par\n|move|p1a: Chansey|Seismic Toss|p2a: Chansey\n|-damage|p2a: Chansey|71/100 par\n|\n|upkeep\n|turn|106\n|\n|t:|1786829817\n|switch|p1a: Starmie|Starmie|100/100 par\n|switch|p2a: Starmie|Starmie|100/100 par\n|\n|upkeep\n|turn|107\n|\n|t:|1786829823\n|switch|p2a: Chansey|Chansey|71/100 par\n|move|p1a: Starmie|Psychic|p2a: Chansey\n|-damage|p2a: Chansey|56/100 par\n|\n|upkeep\n|turn|108\n|\n|t:|1786829833\n|switch|p1a: Chansey|Chansey|86/100 par\n|move|p2a: Chansey|Soft-Boiled|p2a: Chansey\n|-heal|p2a: Chansey|100/100 par\n|\n|upkeep\n|turn|109\n|\n|t:|1786829837\n|switch|p2a: Starmie|Starmie|100/100 par\n|move|p1a: Chansey|Seismic Toss|p2a: Starmie\n|-damage|p2a: Starmie|70/100 par\n|\n|upkeep\n|turn|110\n|\n|t:|1786829842\n|switch|p1a: Starmie|Starmie|100/100 par\n|move|p2a: Starmie|Recover|p2a: Starmie\n|-heal|p2a: Starmie|100/100 par\n|\n|upkeep\n|turn|111\n|\n|t:|1786829852\n|switch|p1a: Chansey|Chansey|86/100 par\n|switch|p2a: Chansey|Chansey|100/100 par\n|\n|upkeep\n|turn|112\n|\n|t:|1786829855\n|switch|p2a: Starmie|Starmie|100/100 par\n|switch|p1a: Starmie|Starmie|100/100 par\n|\n|upkeep\n|turn|113\n|\n|t:|1786829861\n|switch|p1a: Chansey|Chansey|86/100 par\n|switch|p2a: Chansey|Chansey|100/100 par\n|\n|upkeep\n|turn|114\n|\n|t:|1786829864\n|switch|p2a: Starmie|Starmie|100/100 par\n|switch|p1a: Starmie|Starmie|100/100 par\n|\n|upkeep\n|turn|115\n|\n|t:|1786829874\n|switch|p1a: Chansey|Chansey|86/100 par\n|switch|p2a: Chansey|Chansey|100/100 par\n|\n|upkeep\n|turn|116\n|\n|t:|1786829877\n|switch|p2a: Starmie|Starmie|100/100 par\n|move|p1a: Chansey|Seismic Toss|p2a: Starmie\n|-damage|p2a: Starmie|70/100 par\n|\n|upkeep\n|turn|117\n|\n|t:|1786829884\n|switch|p1a: Starmie|Starmie|100/100 par\n|move|p2a: Starmie|Recover|p2a: Starmie\n|-heal|p2a: Starmie|100/100 par\n|\n|upkeep\n|turn|118\n|\n|t:|1786829889\n|switch|p2a: Chansey|Chansey|100/100 par\n|move|p1a: Starmie|Psychic|p2a: Chansey\n|-damage|p2a: Chansey|85/100 par\n|\n|upkeep\n|turn|119\n|\n|t:|1786829895\n|switch|p1a: Chansey|Chansey|86/100 par\n|switch|p2a: Starmie|Starmie|100/100 par\n|\n|upkeep\n|turn|120\n|\n|t:|1786829899\n|switch|p2a: Chansey|Chansey|85/100 par\n|switch|p1a: Starmie|Starmie|100/100 par\n|\n|upkeep\n|turn|121\n|\n|t:|1786829902\n|switch|p1a: Chansey|Chansey|86/100 par\n|switch|p2a: Starmie|Starmie|100/100 par\n|\n|upkeep\n|turn|122\n|\n|t:|1786829904\n|switch|p2a: Chansey|Chansey|85/100 par\n|move|p1a: Chansey|Seismic Toss|p2a: Chansey\n|-damage|p2a: Chansey|71/100 par\n|\n|upkeep\n|turn|123\n|\n|t:|1786829907\n|switch|p2a: Starmie|Starmie|100/100 par\n|switch|p1a: Starmie|Starmie|100/100 par\n|\n|upkeep\n|turn|124\n|\n|t:|1786829911\n|switch|p2a: Chansey|Chansey|71/100 par\n|move|p1a: Starmie|Psychic|p2a: Chansey\n|-damage|p2a: Chansey|58/100 par\n|-unboost|p2a: Chansey|spa|1\n|-unboost|p2a: Chansey|spd|1\n|\n|upkeep\n|turn|125\n|\n|t:|1786829916\n|switch|p1a: Rhydon|Rhydon|56/100 par\n|move|p2a: Chansey|Soft-Boiled|p2a: Chansey\n|-heal|p2a: Chansey|100/100 par\n|\n|upkeep\n|turn|126\n|\n|t:|1786829922\n|switch|p2a: Starmie|Starmie|100/100 par\n|move|p1a: Rhydon|Earthquake|p2a: Starmie\n|-damage|p2a: Starmie|49/100 par\n|\n|upkeep\n|turn|127\n|\n|t:|1786829952\n|switch|p1a: Starmie|Starmie|100/100 par\n|move|p2a: Starmie|Blizzard|p1a: Starmie\n|-resisted|p1a: Starmie\n|-damage|p1a: Starmie|86/100 par\n|\n|upkeep\n|turn|128\n|\n|t:|1786829962\n|move|p2a: Starmie|Recover|p2a: Starmie\n|-heal|p2a: Starmie|99/100 par\n|cant|p1a: Starmie|par\n|\n|upkeep\n|turn|129\n|\n|t:|1786829966\n|switch|p2a: Chansey|Chansey|100/100 par\n|move|p1a: Starmie|Psychic|p2a: Chansey\n|-damage|p2a: Chansey|86/100 par\n|-unboost|p2a: Chansey|spa|1\n|-unboost|p2a: Chansey|spd|1\n|\n|upkeep\n|turn|130\n|\n|t:|1786829971\n|move|p1a: Starmie|Psychic|p2a: Chansey\n|-crit|p2a: Chansey\n|-damage|p2a: Chansey|57/100 par\n|-unboost|p2a: Chansey|spa|1\n|-unboost|p2a: Chansey|spd|1\n|move|p2a: Chansey|Seismic Toss|p1a: Starmie\n|-damage|p1a: Starmie|55/100 par\n|\n|upkeep\n|turn|131\n|\n|t:|1786829979\n|cant|p1a: Starmie|par\n|move|p2a: Chansey|Seismic Toss|p1a: Starmie\n|-damage|p1a: Starmie|24/100 par\n|\n|upkeep\n|turn|132\n|\n|t:|1786829983\n|cant|p1a: Starmie|par\n|cant|p2a: Chansey|par\n|\n|upkeep\n|turn|133\n|\n|t:|1786829986\n|move|p1a: Starmie|Recover|p1a: Starmie\n|-heal|p1a: Starmie|74/100 par\n|move|p2a: Chansey|Seismic Toss|p1a: Starmie\n|-damage|p1a: Starmie|43/100 par\n|\n|upkeep\n|turn|134\n|\n|t:|1786829994\n|move|p1a: Starmie|Recover|p1a: Starmie\n|-heal|p1a: Starmie|92/100 par\n|move|p2a: Chansey|Seismic Toss|p1a: Starmie\n|-damage|p1a: Starmie|61/100 par\n|\n|upkeep\n|turn|135\n|\n|t:|1786829998\n|switch|p1a: Rhydon|Rhydon|56/100 par\n|move|p2a: Chansey|Soft-Boiled|p2a: Chansey\n|-heal|p2a: Chansey|100/100 par\n|\n|upkeep\n|turn|136\n|\n|t:|1786830002\n|switch|p2a: Exeggutor|Exeggutor|68/100 par\n|move|p1a: Rhydon|Earthquake|p2a: Exeggutor\n|-resisted|p2a: Exeggutor\n|-damage|p2a: Exeggutor|48/100 par\n|\n|upkeep\n|turn|137\n|\n|t:|1786830007\n|switch|p1a: Chansey|Chansey|86/100 par\n|move|p2a: Exeggutor|Mega Drain|p1a: Chansey\n|-damage|p1a: Chansey|79/100 par\n|-heal|p2a: Exeggutor|54/100 par|[from] drain|[of] p1a: Chansey\n|\n|upkeep\n|turn|138\n|\n|t:|1786830013\n|switch|p2a: Chansey|Chansey|100/100 par\n|move|p1a: Chansey|Seismic Toss|p2a: Chansey\n|-damage|p2a: Chansey|86/100 par\n|\n|upkeep\n|turn|139\n|\n|t:|1786830028\n|move|p1a: Chansey|Seismic Toss|p2a: Chansey\n|-damage|p2a: Chansey|72/100 par\n|move|p2a: Chansey|Seismic Toss|p1a: Chansey\n|-damage|p1a: Chansey|65/100 par\n|\n|upkeep\n|turn|140\n|\n|t:|1786830033\n|switch|p2a: Starmie|Starmie|99/100 par\n|move|p1a: Chansey|Seismic Toss|p2a: Starmie\n|-damage|p2a: Starmie|68/100 par\n|\n|upkeep\n|turn|141\n|\n|t:|1786830042\n|move|p2a: Starmie|Recover|p2a: Starmie\n|-heal|p2a: Starmie|100/100 par\n|move|p1a: Chansey|Seismic Toss|p2a: Starmie\n|-damage|p2a: Starmie|70/100 par\n|\n|upkeep\n|turn|142\n|\n|t:|1786830044\n|move|p2a: Starmie|Recover|p2a: Starmie\n|-heal|p2a: Starmie|100/100 par\n|move|p1a: Chansey|Soft-Boiled|p1a: Chansey\n|-heal|p1a: Chansey|100/100 par\n|\n|upkeep\n|turn|143\n|\n|t:|1786830047\n|switch|p2a: Chansey|Chansey|72/100 par\n|move|p1a: Chansey|Seismic Toss|p2a: Chansey\n|-damage|p2a: Chansey|58/100 par\n|\n|upkeep\n|turn|144\n|\n|t:|1786830052\n|switch|p1a: Rhydon|Rhydon|56/100 par\n|cant|p2a: Chansey|par\n|\n|upkeep\n|turn|145\n|\n|t:|1786830056\n|switch|p2a: Starmie|Starmie|100/100 par\n|move|p1a: Rhydon|Earthquake|p2a: Starmie\n|-damage|p2a: Starmie|49/100 par\n|\n|upkeep\n|turn|146\n|\n|t:|1786830070\n|switch|p1a: Chansey|Chansey|100/100 par\n|move|p2a: Starmie|Blizzard|p1a: Chansey\n|-damage|p1a: Chansey|88/100 par\n|\n|upkeep\n|turn|147\n|\n|t:|1786830079\n|move|p2a: Starmie|Recover|p2a: Starmie\n|-heal|p2a: Starmie|99/100 par\n|move|p1a: Chansey|Seismic Toss|p2a: Starmie\n|-damage|p2a: Starmie|68/100 par\n|\n|upkeep\n|turn|148\n|\n|t:|1786830081\n|move|p2a: Starmie|Recover|p2a: Starmie\n|-heal|p2a: Starmie|100/100 par\n|move|p1a: Chansey|Seismic Toss|p2a: Starmie\n|-damage|p2a: Starmie|70/100 par\n|\n|upkeep\n|turn|149\n|\n|t:|1786830089\n|cant|p2a: Starmie|par\n|move|p1a: Chansey|Seismic Toss|p2a: Starmie\n|-damage|p2a: Starmie|39/100 par\n|\n|upkeep\n|turn|150\n|\n|t:|1786830096\n|switch|p1a: Exeggutor|Exeggutor|88/100\n|move|p2a: Starmie|Recover|p2a: Starmie\n|-heal|p2a: Starmie|88/100 par\n|\n|upkeep\n|turn|151\n|\n|t:|1786830101\n|switch|p1a: Starmie|Starmie|61/100 par\n|switch|p2a: Chansey|Chansey|58/100 par\n|\n|upkeep\n|turn|152\n|\n|t:|1786830105\n|switch|p1a: Rhydon|Rhydon|56/100 par\n|move|p2a: Chansey|Soft-Boiled|p2a: Chansey\n|-heal|p2a: Chansey|100/100 par\n|\n|upkeep\n|turn|153\n|\n|t:|1786830113\n|switch|p2a: Exeggutor|Exeggutor|54/100 par\n|move|p1a: Rhydon|Earthquake|p2a: Exeggutor\n|-resisted|p2a: Exeggutor\n|-damage|p2a: Exeggutor|33/100 par\n|\n|upkeep\n|turn|154\n|\n|t:|1786830117\n|switch|p1a: Chansey|Chansey|88/100 par\n|cant|p2a: Exeggutor|par\n|\n|upkeep\n|turn|155\n|\n|t:|1786830126\n|switch|p2a: Starmie|Starmie|88/100 par\n|move|p1a: Chansey|Seismic Toss|p2a: Starmie\n|-damage|p2a: Starmie|57/100 par\n|\n|upkeep\n|turn|156\n|\n|t:|1786830134\n|switch|p1a: Starmie|Starmie|61/100 par\n|move|p2a: Starmie|Recover|p2a: Starmie\n|-heal|p2a: Starmie|100/100 par\n|\n|upkeep\n|turn|157\n|\n|t:|1786830139\n|switch|p2a: Chansey|Chansey|100/100 par\n|move|p1a: Starmie|Recover|p1a: Starmie\n|-heal|p1a: Starmie|100/100 par\n|\n|upkeep\n|turn|158\n|\n|t:|1786830144\n|switch|p1a: Chansey|Chansey|88/100 par\n|move|p2a: Chansey|Seismic Toss|p1a: Chansey\n|-damage|p1a: Chansey|74/100 par\n|\n|upkeep\n|turn|159\n|\n|t:|1786830153\n|switch|p2a: Starmie|Starmie|100/100 par\n|move|p1a: Chansey|Thunder Wave|p2a: Starmie\n|-fail|p2a: Starmie|par\n|\n|upkeep\n|turn|160\n|\n|t:|1786830157\n|switch|p2a: Chansey|Chansey|100/100 par\n|switch|p1a: Starmie|Starmie|100/100 par\n|\n|upkeep\n|turn|161\n|\n|t:|1786830166\n|switch|p2a: Starmie|Starmie|100/100 par\n|move|p1a: Starmie|Psychic|p2a: Starmie\n|-crit|p2a: Starmie\n|-resisted|p2a: Starmie\n|-damage|p2a: Starmie|67/100 par\n|-unboost|p2a: Starmie|spa|1\n|-unboost|p2a: Starmie|spd|1\n|\n|upkeep\n|turn|162\n|\n|t:|1786830171\n|switch|p1a: Exeggutor|Exeggutor|88/100\n|switch|p2a: Chansey|Chansey|100/100 par\n|\n|upkeep\n|turn|163\n|\n|t:|1786830180\n|switch|p1a: Chansey|Chansey|74/100 par\n|switch|p2a: Starmie|Starmie|67/100 par\n|\n|upkeep\n|turn|164\n|\n|t:|1786830186\n|switch|p1a: Starmie|Starmie|100/100 par\n|move|p2a: Starmie|Recover|p2a: Starmie\n|-heal|p2a: Starmie|100/100 par\n|\n|upkeep\n|turn|165\n|\n|t:|1786830189\n|switch|p2a: Chansey|Chansey|100/100 par\n|cant|p1a: Starmie|par\n|\n|upkeep\n|turn|166\n|\n|t:|1786830193\n|switch|p1a: Chansey|Chansey|74/100 par\n|move|p2a: Chansey|Seismic Toss|p1a: Chansey\n|-damage|p1a: Chansey|60/100 par\n|\n|upkeep\n|turn|167\n|\n|t:|1786830195\n|switch|p2a: Exeggutor|Exeggutor|33/100 par\n|move|p1a: Chansey|Soft-Boiled|p1a: Chansey\n|-heal|p1a: Chansey|100/100 par\n|\n|upkeep\n|turn|168\n|\n|t:|1786830199\n|switch|p2a: Starmie|Starmie|100/100 par\n|move|p1a: Chansey|Seismic Toss|p2a: Starmie\n|-damage|p2a: Starmie|70/100 par\n|\n|upkeep\n|turn|169\n|\n|t:|1786830207\n|switch|p1a: Starmie|Starmie|100/100 par\n|move|p2a: Starmie|Thunder Wave|p1a: Starmie\n|-fail|p1a: Starmie|par\n|\n|upkeep\n|turn|170\n|\n|t:|1786830211\n|move|p1a: Starmie|Psychic|p2a: Starmie\n|-resisted|p2a: Starmie\n|-damage|p2a: Starmie|53/100 par\n|-unboost|p2a: Starmie|spa|1\n|-unboost|p2a: Starmie|spd|1\n|move|p2a: Starmie|Recover|p2a: Starmie\n|-heal|p2a: Starmie|100/100 par\n|\n|upkeep\n|turn|171\n|\n|t:|1786830216\n|switch|p1a: Rhydon|Rhydon|56/100 par\n|switch|p2a: Chansey|Chansey|100/100 par\n|\n|upkeep\n|turn|172\n|\n|t:|1786830220\n|switch|p2a: Starmie|Starmie|100/100 par\n|move|p1a: Rhydon|Earthquake|p2a: Starmie\n|-damage|p2a: Starmie|56/100 par\n|\n|upkeep\n|turn|173\n|\n|t:|1786830228\n|switch|p1a: Starmie|Starmie|100/100 par\n|move|p2a: Starmie|Recover|p2a: Starmie\n|-heal|p2a: Starmie|100/100 par\n|\n|upkeep\n|turn|174\n|\n|t:|1786830236\n|switch|p2a: Chansey|Chansey|100/100 par\n|move|p1a: Starmie|Blizzard|p2a: Chansey\n|-damage|p2a: Chansey|87/100 par\n|\n|upkeep\n|turn|175\n|\n|t:|1786830243\n|switch|p2a: Starmie|Starmie|100/100 par\n|move|p1a: Starmie|Blizzard|p2a: Starmie\n|-crit|p2a: Starmie\n|-resisted|p2a: Starmie\n|-damage|p2a: Starmie|71/100 par\n|\n|upkeep\n|turn|176\n|\n|t:|1786830249\n|move|p2a: Starmie|Psychic|p1a: Starmie\n|-resisted|p1a: Starmie\n|-damage|p1a: Starmie|83/100 par\n|-unboost|p1a: Starmie|spa|1\n|-unboost|p1a: Starmie|spd|1\n|move|p1a: Starmie|Psychic|p2a: Starmie\n|-resisted|p2a: Starmie\n|-damage|p2a: Starmie|59/100 par\n|-unboost|p2a: Starmie|spa|1\n|-unboost|p2a: Starmie|spd|1\n|\n|upkeep\n|turn|177\n|\n|t:|1786830254\n|switch|p2a: Exeggutor|Exeggutor|33/100 par\n|switch|p1a: Exeggutor|Exeggutor|88/100\n|\n|upkeep\n|turn|178\n|\n|t:|1786830263\n|switch|p2a: Chansey|Chansey|87/100 par\n|move|p1a: Exeggutor|Psychic|p2a: Chansey\n|-damage|p2a: Chansey|69/100 par\n|\n|upkeep\n|turn|179\n|\n|t:|1786830269\n|switch|p1a: Rhydon|Rhydon|56/100 par\n|move|p2a: Chansey|Seismic Toss|p1a: Rhydon\n|-damage|p1a: Rhydon|32/100 par\n|\n|upkeep\n|turn|180\n|\n|t:|1786830274\n|switch|p2a: Starmie|Starmie|59/100 par\n|move|p1a: Rhydon|Earthquake|p2a: Starmie\n|-damage|p2a: Starmie|13/100 par\n|\n|upkeep\n|turn|181\n|\n|t:|1786830277\n|move|p2a: Starmie|Recover|p2a: Starmie\n|-heal|p2a: Starmie|63/100 par\n|move|p1a: Rhydon|Earthquake|p2a: Starmie\n|-damage|p2a: Starmie|14/100 par\n|\n|upkeep\n|turn|182\n|\n|t:|1786830280\n|move|p2a: Starmie|Recover|p2a: Starmie\n|-heal|p2a: Starmie|64/100 par\n|move|p1a: Rhydon|Earthquake|p2a: Starmie\n|-crit|p2a: Starmie\n|-damage|p2a: Starmie|0 fnt\n|faint|p2a: Starmie\n|\n|t:|1786830282\n|switch|p2a: Exeggutor|Exeggutor|33/100 par\n|turn|183\n|\n|t:|1786830288\n|switch|p1a: Chansey|Chansey|100/100 par\n|move|p2a: Exeggutor|Psychic|p1a: Chansey\n|-damage|p1a: Chansey|82/100 par\n|\n|upkeep\n|turn|184\n|\n|t:|1786830293\n|move|p2a: Exeggutor|Mega Drain|p1a: Chansey\n|-damage|p1a: Chansey|74/100 par\n|-heal|p2a: Exeggutor|40/100 par|[from] drain|[of] p1a: Chansey\n|move|p1a: Chansey|Thunder Wave|p2a: Exeggutor\n|-fail|p2a: Exeggutor|par\n|\n|upkeep\n|turn|185\n|\n|t:|1786830295\n|move|p2a: Exeggutor|Psychic|p1a: Chansey\n|-damage|p1a: Chansey|58/100 par\n|-unboost|p1a: Chansey|spa|1\n|-unboost|p1a: Chansey|spd|1\n|move|p1a: Chansey|Seismic Toss|p2a: Exeggutor\n|-damage|p2a: Exeggutor|14/100 par\n|\n|upkeep\n|turn|186\n|\n|t:|1786830299\n|cant|p2a: Exeggutor|par\n|move|p1a: Chansey|Seismic Toss|p2a: Exeggutor\n|-damage|p2a: Exeggutor|0 fnt\n|faint|p2a: Exeggutor\n|c|☆sadisticnarwhal|gg\n|-message|sadisticnarwhal forfeited.\n|\n|win|LNumbers\n|c|☆LNumbers|gg\n|player|p2|\n","uploadtime":1786830303,"views":"53","formatid":"gen1ou","rating":null,"private":2,"password":null}