{"id":"smogtours-gen1ou-946373","format":"[Gen 1] OU","players":["Acetylaldehyde","magical_weeb"],"log":"|inactive|Battle timer is ON: inactive players will automatically lose when time's up.\n|t:|1781388979\n|gametype|singles\n|player|p1|Acetylaldehyde|scientist-gen1rb|\n|player|p2|magical_weeb|idol|\n|gen|1\n|tier|[Gen 1] OU\n|rule|Desync Clause Mod: Desyncs changed to move failure.\n|rule|HP Percentage Mod: HP is shown in percentages\n|rule|Endless Battle Clause: Forcing endless battles is banned\n|rule|Sleep Clause Mod: Limit one foe put to sleep\n|rule|Freeze Clause Mod: Limit one foe frozen\n|rule|Species Clause: Limit one of each Pokémon\n|rule|OHKO Clause: OHKO moves are banned\n|rule|Evasion Moves Clause: Evasion moves are banned\n|\n|t:|1781388979\n|teamsize|p1|6\n|teamsize|p2|6\n|start\n|switch|p1a: Alakazam|Alakazam|100/100\n|switch|p2a: Alakazam|Alakazam|100/100\n|turn|1\n|inactive|Acetylaldehyde also wants the timer to be on.\n|c|☆Acetylaldehyde|glhf\n|c|☆magical_weeb|hf\n|\n|t:|1781388993\n|switch|p1a: Chansey|Chansey|100/100\n|move|p2a: Alakazam|Thunder Wave|p1a: Chansey\n|-status|p1a: Chansey|par\n|\n|upkeep\n|turn|2\n|\n|t:|1781388998\n|move|p2a: Alakazam|Psychic|p1a: Chansey\n|-damage|p1a: Chansey|83/100 par\n|cant|p1a: Chansey|par\n|\n|upkeep\n|turn|3\n|\n|t:|1781389004\n|move|p2a: Alakazam|Psychic|p1a: Chansey\n|-damage|p1a: Chansey|65/100 par\n|cant|p1a: Chansey|par\n|\n|upkeep\n|turn|4\n|\n|t:|1781389008\n|move|p2a: Alakazam|Psychic|p1a: Chansey\n|-damage|p1a: Chansey|48/100 par\n|move|p1a: Chansey|Soft-Boiled|p1a: Chansey\n|-heal|p1a: Chansey|98/100 par\n|\n|upkeep\n|turn|5\n|\n|t:|1781389014\n|move|p2a: Alakazam|Psychic|p1a: Chansey\n|-crit|p1a: Chansey\n|-damage|p1a: Chansey|65/100 par\n|-unboost|p1a: Chansey|spa|1\n|-unboost|p1a: Chansey|spd|1\n|move|p1a: Chansey|Sing|p2a: Alakazam|[miss]\n|-miss|p1a: Chansey\n|\n|upkeep\n|turn|6\n|\n|t:|1781389020\n|move|p2a: Alakazam|Thunder Wave|p1a: Chansey\n|-fail|p1a: Chansey|par\n|move|p1a: Chansey|Soft-Boiled|p1a: Chansey\n|-heal|p1a: Chansey|100/100 par\n|\n|upkeep\n|turn|7\n|\n|t:|1781389025\n|move|p2a: Alakazam|Psychic|p1a: Chansey\n|-damage|p1a: Chansey|72/100 par\n|cant|p1a: Chansey|par\n|\n|upkeep\n|turn|8\n|\n|t:|1781389029\n|move|p2a: Alakazam|Psychic|p1a: Chansey\n|-crit|p1a: Chansey\n|-damage|p1a: Chansey|38/100 par\n|move|p1a: Chansey|Soft-Boiled|p1a: Chansey\n|-heal|p1a: Chansey|88/100 par\n|\n|upkeep\n|turn|9\n|\n|t:|1781389035\n|move|p2a: Alakazam|Psychic|p1a: Chansey\n|-damage|p1a: Chansey|60/100 par\n|-unboost|p1a: Chansey|spa|1\n|-unboost|p1a: Chansey|spd|1\n|move|p1a: Chansey|Soft-Boiled|p1a: Chansey\n|-heal|p1a: Chansey|100/100 par\n|\n|upkeep\n|turn|10\n|\n|t:|1781389042\n|move|p2a: Alakazam|Thunder Wave|p1a: Chansey\n|-fail|p1a: Chansey|par\n|move|p1a: Chansey|Sing|p2a: Alakazam\n|-status|p2a: Alakazam|slp|[from] move: Sing\n|\n|upkeep\n|turn|11\n|\n|t:|1781389048\n|switch|p2a: Snorlax|Snorlax|100/100\n|switch|p1a: Snorlax|Snorlax|100/100\n|\n|upkeep\n|turn|12\n|\n|t:|1781389052\n|move|p1a: Snorlax|Body Slam|p2a: Snorlax\n|-damage|p2a: Snorlax|76/100\n|move|p2a: Snorlax|Reflect|p2a: Snorlax\n|-start|p2a: Snorlax|Reflect\n|\n|upkeep\n|turn|13\n|\n|t:|1781389057\n|move|p2a: Snorlax|Body Slam|p1a: Snorlax\n|-damage|p1a: Snorlax|74/100\n|move|p1a: Snorlax|Counter|p2a: Snorlax\n|-damage|p2a: Snorlax|24/100\n|\n|upkeep\n|turn|14\n|\n|t:|1781389069\n|switch|p1a: Alakazam|Alakazam|100/100\n|move|p2a: Snorlax|Rest|p2a: Snorlax\n|-status|p2a: Snorlax|slp|[from] move: Rest\n|-heal|p2a: Snorlax|100/100 slp|[silent]\n|\n|upkeep\n|turn|15\n|\n|t:|1781389077\n|switch|p2a: Chansey|Chansey|100/100\n|move|p1a: Alakazam|Psychic|p2a: Chansey\n|-damage|p2a: Chansey|83/100\n|\n|upkeep\n|turn|16\n|\n|t:|1781389082\n|switch|p2a: Snorlax|Snorlax|100/100 slp\n|move|p1a: Alakazam|Thunder Wave|p2a: Snorlax\n|-fail|p2a: Snorlax\n|\n|upkeep\n|turn|17\n|\n|t:|1781389087\n|switch|p2a: Chansey|Chansey|83/100\n|move|p1a: Alakazam|Psychic|p2a: Chansey\n|-damage|p2a: Chansey|65/100\n|\n|upkeep\n|turn|18\n|\n|t:|1781389092\n|move|p1a: Alakazam|Thunder Wave|p2a: Chansey\n|-status|p2a: Chansey|par\n|move|p2a: Chansey|Sing|p1a: Alakazam\n|-status|p1a: Alakazam|slp|[from] move: Sing\n|\n|upkeep\n|turn|19\n|\n|t:|1781389098\n|switch|p1a: Snorlax|Snorlax|74/100\n|move|p2a: Chansey|Soft-Boiled|p2a: Chansey\n|-heal|p2a: Chansey|100/100 par\n|\n|upkeep\n|turn|20\n|\n|t:|1781389103\n|move|p1a: Snorlax|Body Slam|p2a: Chansey\n|-damage|p2a: Chansey|58/100 par\n|cant|p2a: Chansey|par\n|\n|upkeep\n|turn|21\n|\n|t:|1781389108\n|switch|p2a: Snorlax|Snorlax|100/100 slp\n|move|p1a: Snorlax|Body Slam|p2a: Snorlax\n|-damage|p2a: Snorlax|74/100 slp\n|\n|upkeep\n|turn|22\n|\n|t:|1781389125\n|cant|p2a: Snorlax|slp\n|move|p1a: Snorlax|Body Slam|p2a: Snorlax\n|-damage|p2a: Snorlax|49/100 slp\n|\n|upkeep\n|turn|23\n|\n|t:|1781389129\n|move|p1a: Snorlax|Body Slam|p2a: Snorlax\n|-damage|p2a: Snorlax|24/100 slp\n|-curestatus|p2a: Snorlax|slp|[msg]\n|\n|upkeep\n|turn|24\n|\n|t:|1781389134\n|move|p2a: Snorlax|Rest|p2a: Snorlax\n|-status|p2a: Snorlax|slp|[from] move: Rest\n|-heal|p2a: Snorlax|100/100 slp|[silent]\n|move|p1a: Snorlax|Body Slam|p2a: Snorlax\n|-damage|p2a: Snorlax|72/100 slp\n|\n|upkeep\n|turn|25\n|\n|t:|1781389140\n|cant|p2a: Snorlax|slp\n|move|p1a: Snorlax|Body Slam|p2a: Snorlax\n|-damage|p2a: Snorlax|47/100 slp\n|\n|upkeep\n|turn|26\n|\n|t:|1781389145\n|move|p1a: Snorlax|Body Slam|p2a: Snorlax\n|-crit|p2a: Snorlax\n|-damage|p2a: Snorlax|0 fnt\n|faint|p2a: Snorlax\n|\n|t:|1781389156\n|switch|p2a: Exeggutor|Exeggutor|100/100\n|turn|27\n|\n|t:|1781389173\n|switch|p1a: Chansey|Chansey|100/100 par\n|move|p2a: Exeggutor|Psychic|p1a: Chansey|[miss]\n|-miss|p2a: Exeggutor\n|-hint|In Gen 1, moves with 100% accuracy can still miss 1/256 of the time.\n|\n|upkeep\n|turn|28\n|\n|t:|1781389179\n|switch|p2a: Chansey|Chansey|58/100 par\n|move|p1a: Chansey|Seismic Toss|p2a: Chansey\n|-damage|p2a: Chansey|44/100 par\n|\n|upkeep\n|turn|29\n|\n|t:|1781389184\n|switch|p1a: Snorlax|Snorlax|74/100\n|move|p2a: Chansey|Thunder Wave|p1a: Snorlax\n|-status|p1a: Snorlax|par\n|\n|upkeep\n|turn|30\n|\n|t:|1781389197\n|move|p2a: Chansey|Soft-Boiled|p2a: Chansey\n|-heal|p2a: Chansey|94/100 par\n|move|p1a: Snorlax|Self-Destruct|p2a: Chansey\n|-damage|p2a: Chansey|0 fnt\n|faint|p2a: Chansey\n|faint|p1a: Snorlax\n|\n|t:|1781389222\n|switch|p2a: Exeggutor|Exeggutor|100/100\n|switch|p1a: Chansey|Chansey|100/100 par\n|turn|31\n|\n|t:|1781389225\n|move|p2a: Exeggutor|Psychic|p1a: Chansey\n|-damage|p1a: Chansey|83/100 par\n|cant|p1a: Chansey|par\n|\n|upkeep\n|turn|32\n|\n|t:|1781389230\n|move|p2a: Exeggutor|Psychic|p1a: Chansey\n|-crit|p1a: Chansey\n|-damage|p1a: Chansey|49/100 par\n|-unboost|p1a: Chansey|spa|1\n|-unboost|p1a: Chansey|spd|1\n|cant|p1a: Chansey|par\n|\n|upkeep\n|turn|33\n|\n|t:|1781389252\n|switch|p1a: Alakazam|Alakazam|100/100 slp\n|move|p2a: Exeggutor|Psychic|p1a: Alakazam\n|-resisted|p1a: Alakazam\n|-damage|p1a: Alakazam|84/100 slp\n|\n|upkeep\n|turn|34\n|\n|t:|1781389264\n|switch|p1a: Exeggutor|Exeggutor|100/100\n|move|p2a: Exeggutor|Psychic|p1a: Exeggutor\n|-resisted|p1a: Exeggutor\n|-damage|p1a: Exeggutor|87/100\n|\n|upkeep\n|turn|35\n|\n|t:|1781389278\n|switch|p2a: Alakazam|Alakazam|100/100 slp\n|move|p1a: Exeggutor|Psychic|p2a: Alakazam\n|-crit|p2a: Alakazam\n|-resisted|p2a: Alakazam\n|-damage|p2a: Alakazam|71/100 slp\n|\n|upkeep\n|turn|36\n|\n|t:|1781389283\n|switch|p2a: Starmie|Starmie|100/100\n|switch|p1a: Chansey|Chansey|49/100 par\n|\n|upkeep\n|turn|37\n|\n|t:|1781389290\n|switch|p2a: Tauros|Tauros|100/100\n|cant|p1a: Chansey|par\n|\n|upkeep\n|turn|38\n|\n|t:|1781389306\n|switch|p1a: Exeggutor|Exeggutor|87/100\n|move|p2a: Tauros|Body Slam|p1a: Exeggutor\n|-damage|p1a: Exeggutor|59/100\n|\n|upkeep\n|turn|39\n|inactive|magical_weeb has 270 seconds left.\n|\n|t:|1781389334\n|move|p2a: Tauros|Body Slam|p1a: Exeggutor\n|-damage|p1a: Exeggutor|31/100\n|move|p1a: Exeggutor|Psychic|p2a: Tauros\n|-damage|p2a: Tauros|58/100\n|\n|upkeep\n|turn|40\n|\n|t:|1781389347\n|switch|p1a: Starmie|Starmie|100/100\n|move|p2a: Tauros|Blizzard|p1a: Starmie\n|-resisted|p1a: Starmie\n|-damage|p1a: Starmie|88/100\n|\n|upkeep\n|turn|41\n|\n|t:|1781389356\n|switch|p2a: Alakazam|Alakazam|71/100 slp\n|move|p1a: Starmie|Thunder Wave|p2a: Alakazam\n|-fail|p2a: Alakazam\n|\n|upkeep\n|turn|42\n|\n|t:|1781389364\n|switch|p2a: Exeggutor|Exeggutor|100/100\n|switch|p1a: Chansey|Chansey|49/100 par\n|\n|upkeep\n|turn|43\n|\n|t:|1781389369\n|move|p2a: Exeggutor|Psychic|p1a: Chansey\n|-damage|p1a: Chansey|31/100 par\n|move|p1a: Chansey|Soft-Boiled|p1a: Chansey\n|-heal|p1a: Chansey|81/100 par\n|\n|upkeep\n|turn|44\n|\n|t:|1781389374\n|move|p2a: Exeggutor|Psychic|p1a: Chansey\n|-damage|p1a: Chansey|65/100 par\n|move|p1a: Chansey|Thunder Wave|p2a: Exeggutor\n|-status|p2a: Exeggutor|par\n|\n|upkeep\n|turn|45\n|\n|t:|1781389380\n|cant|p2a: Exeggutor|par\n|move|p1a: Chansey|Soft-Boiled|p1a: Chansey\n|-heal|p1a: Chansey|100/100 par\n|\n|upkeep\n|turn|46\n|\n|t:|1781389385\n|switch|p1a: Exeggutor|Exeggutor|31/100\n|cant|p2a: Exeggutor|par\n|\n|upkeep\n|turn|47\n|\n|t:|1781389389\n|switch|p2a: Alakazam|Alakazam|71/100 slp\n|move|p1a: Exeggutor|Explosion|p2a: Alakazam\n|-damage|p2a: Alakazam|0 fnt\n|faint|p2a: Alakazam\n|faint|p1a: Exeggutor\n|inactive|Acetylaldehyde has 270 seconds left.\n|inactive|Acetylaldehyde has 240 seconds left.\n|\n|t:|1781389474\n|switch|p2a: Exeggutor|Exeggutor|100/100 par\n|switch|p1a: Starmie|Starmie|88/100\n|turn|48\n|\n|t:|1781389481\n|move|p1a: Starmie|Blizzard|p2a: Exeggutor\n|-crit|p2a: Exeggutor\n|-supereffective|p2a: Exeggutor\n|-damage|p2a: Exeggutor|23/100 par\n|move|p2a: Exeggutor|Psychic|p1a: Starmie\n|-resisted|p1a: Starmie\n|-damage|p1a: Starmie|70/100\n|\n|upkeep\n|turn|49\n|\n|t:|1781389489\n|move|p1a: Starmie|Blizzard|p2a: Exeggutor\n|-supereffective|p2a: Exeggutor\n|-damage|p2a: Exeggutor|0 fnt\n|faint|p2a: Exeggutor\n|\n|t:|1781389492\n|switch|p2a: Starmie|Starmie|100/100\n|turn|50\n|\n|t:|1781389496\n|switch|p2a: Tauros|Tauros|58/100\n|switch|p1a: Chansey|Chansey|100/100 par\n|\n|upkeep\n|turn|51\n|\n|t:|1781389500\n|move|p2a: Tauros|Body Slam|p1a: Chansey\n|-damage|p1a: Chansey|61/100 par\n|move|p1a: Chansey|Thunder Wave|p2a: Tauros\n|-status|p2a: Tauros|par\n|\n|upkeep\n|turn|52\n|\n|t:|1781389516\n|switch|p1a: Alakazam|Alakazam|84/100 slp\n|move|p2a: Tauros|Body Slam|p1a: Alakazam\n|-crit|p1a: Alakazam\n|-damage|p1a: Alakazam|0 fnt\n|faint|p1a: Alakazam\n|\n|t:|1781389522\n|switch|p1a: Tauros|Tauros|100/100\n|turn|53\n|\n|t:|1781389525\n|switch|p2a: Starmie|Starmie|100/100\n|move|p1a: Tauros|Body Slam|p2a: Starmie\n|-damage|p2a: Starmie|69/100\n|\n|upkeep\n|turn|54\n|inactive|Acetylaldehyde has 270 seconds left.\n|\n|t:|1781389536\n|switch|p1a: Chansey|Chansey|61/100 par\n|move|p2a: Starmie|Recover|p2a: Starmie\n|-heal|p2a: Starmie|100/100\n|\n|upkeep\n|turn|55\n|inactive|Acetylaldehyde has 270 seconds left.\n|\n|t:|1781389545\n|switch|p2a: Tauros|Tauros|58/100 par\n|cant|p1a: Chansey|par\n|\n|upkeep\n|turn|56\n|\n|t:|1781389552\n|cant|p2a: Tauros|par\n|move|p1a: Chansey|Seismic Toss|p2a: Tauros\n|-damage|p2a: Tauros|29/100 par\n|\n|upkeep\n|turn|57\n|\n|t:|1781389557\n|switch|p1a: Tauros|Tauros|100/100\n|move|p2a: Tauros|Hyper Beam|p1a: Tauros|[miss]\n|-miss|p2a: Tauros\n|\n|upkeep\n|turn|58\n|\n|t:|1781389568\n|move|p1a: Tauros|Body Slam|p2a: Tauros\n|-damage|p2a: Tauros|1/100 par\n|move|p2a: Tauros|Hyper Beam|p1a: Tauros\n|-damage|p1a: Tauros|46/100\n|-mustrecharge|p2a: Tauros\n|\n|upkeep\n|turn|59\n|\n|t:|1781389574\n|move|p1a: Tauros|Body Slam|p2a: Tauros\n|-damage|p2a: Tauros|0 fnt\n|faint|p2a: Tauros\n|\n|t:|1781389576\n|switch|p2a: Starmie|Starmie|100/100\n|turn|60\n|\n|t:|1781389584\n|switch|p1a: Chansey|Chansey|61/100 par\n|move|p2a: Starmie|Psychic|p1a: Chansey\n|-crit|p1a: Chansey\n|-damage|p1a: Chansey|34/100 par\n|\n|upkeep\n|turn|61\n|\n|t:|1781389589\n|move|p2a: Starmie|Psychic|p1a: Chansey\n|-damage|p1a: Chansey|18/100 par\n|-unboost|p1a: Chansey|spa|1\n|-unboost|p1a: Chansey|spd|1\n|move|p1a: Chansey|Soft-Boiled|p1a: Chansey\n|-heal|p1a: Chansey|68/100 par\n|\n|upkeep\n|turn|62\n|\n|t:|1781389595\n|move|p2a: Starmie|Psychic|p1a: Chansey\n|-damage|p1a: Chansey|44/100 par\n|move|p1a: Chansey|Soft-Boiled|p1a: Chansey\n|-heal|p1a: Chansey|94/100 par\n|\n|upkeep\n|turn|63\n|\n|t:|1781389601\n|switch|p1a: Starmie|Starmie|70/100\n|move|p2a: Starmie|Psychic|p1a: Starmie\n|-resisted|p1a: Starmie\n|-damage|p1a: Starmie|55/100\n|\n|upkeep\n|turn|64\n|\n|t:|1781389610\n|move|p2a: Starmie|Thunder Wave|p1a: Starmie\n|-status|p1a: Starmie|par\n|cant|p1a: Starmie|par\n|\n|upkeep\n|turn|65\n|\n|t:|1781389615\n|move|p2a: Starmie|Psychic|p1a: Starmie\n|-resisted|p1a: Starmie\n|-damage|p1a: Starmie|38/100 par\n|move|p1a: Starmie|Recover|p1a: Starmie\n|-heal|p1a: Starmie|88/100 par\n|\n|upkeep\n|turn|66\n|\n|t:|1781389621\n|move|p2a: Starmie|Psychic|p1a: Starmie\n|-crit|p1a: Starmie\n|-resisted|p1a: Starmie\n|-damage|p1a: Starmie|57/100 par\n|move|p1a: Starmie|Recover|p1a: Starmie\n|-heal|p1a: Starmie|100/100 par\n|\n|upkeep\n|turn|67\n|\n|t:|1781389627\n|switch|p1a: Chansey|Chansey|94/100 par\n|move|p2a: Starmie|Psychic|p1a: Chansey\n|-damage|p1a: Chansey|80/100 par\n|\n|upkeep\n|turn|68\n|\n|t:|1781389632\n|move|p2a: Starmie|Psychic|p1a: Chansey\n|-damage|p1a: Chansey|65/100 par\n|cant|p1a: Chansey|par\n|\n|upkeep\n|turn|69\n|\n|t:|1781389637\n|move|p2a: Starmie|Psychic|p1a: Chansey\n|-damage|p1a: Chansey|49/100 par\n|move|p1a: Chansey|Soft-Boiled|p1a: Chansey\n|-heal|p1a: Chansey|99/100 par\n|\n|upkeep\n|turn|70\n|\n|t:|1781389642\n|move|p2a: Starmie|Psychic|p1a: Chansey\n|-damage|p1a: Chansey|86/100 par\n|move|p1a: Chansey|Sing|p2a: Starmie|[miss]\n|-miss|p1a: Chansey\n|\n|upkeep\n|turn|71\n|\n|t:|1781389647\n|move|p2a: Starmie|Psychic|p1a: Chansey\n|-damage|p1a: Chansey|70/100 par\n|move|p1a: Chansey|Sing|p2a: Starmie|[miss]\n|-miss|p1a: Chansey\n|\n|upkeep\n|turn|72\n|\n|t:|1781389652\n|move|p2a: Starmie|Psychic|p1a: Chansey\n|-damage|p1a: Chansey|55/100 par\n|move|p1a: Chansey|Soft-Boiled|p1a: Chansey\n|-heal|p1a: Chansey|100/100 par\n|\n|upkeep\n|turn|73\n|\n|t:|1781389657\n|move|p2a: Starmie|Psychic|p1a: Chansey\n|-damage|p1a: Chansey|87/100 par\n|cant|p1a: Chansey|par\n|\n|upkeep\n|turn|74\n|\n|t:|1781389662\n|move|p2a: Starmie|Psychic|p1a: Chansey\n|-damage|p1a: Chansey|71/100 par\n|-unboost|p1a: Chansey|spa|1\n|-unboost|p1a: Chansey|spd|1\n|cant|p1a: Chansey|par\n|\n|upkeep\n|turn|75\n|\n|t:|1781389667\n|move|p2a: Starmie|Blizzard|p1a: Chansey\n|-crit|p1a: Chansey\n|-damage|p1a: Chansey|47/100 par\n|cant|p1a: Chansey|par\n|\n|upkeep\n|turn|76\n|\n|t:|1781389672\n|move|p2a: Starmie|Blizzard|p1a: Chansey\n|-damage|p1a: Chansey|28/100 par\n|cant|p1a: Chansey|par\n|\n|upkeep\n|turn|77\n|\n|t:|1781389679\n|move|p2a: Starmie|Psychic|p1a: Chansey\n|-crit|p1a: Chansey\n|-damage|p1a: Chansey|2/100 par\n|move|p1a: Chansey|Soft-Boiled|p1a: Chansey\n|-heal|p1a: Chansey|52/100 par\n|\n|upkeep\n|turn|78\n|\n|t:|1781389685\n|move|p2a: Starmie|Blizzard|p1a: Chansey\n|-damage|p1a: Chansey|33/100 par\n|move|p1a: Chansey|Soft-Boiled|p1a: Chansey\n|-heal|p1a: Chansey|83/100 par\n|\n|upkeep\n|turn|79\n|\n|t:|1781389690\n|move|p2a: Starmie|Blizzard|p1a: Chansey\n|-crit|p1a: Chansey\n|-damage|p1a: Chansey|57/100 par\n|move|p1a: Chansey|Sing|p2a: Starmie|[miss]\n|-miss|p1a: Chansey\n|\n|upkeep\n|turn|80\n|\n|t:|1781389696\n|move|p2a: Starmie|Blizzard|p1a: Chansey\n|-damage|p1a: Chansey|37/100 par\n|cant|p1a: Chansey|par\n|\n|upkeep\n|turn|81\n|\n|t:|1781389701\n|move|p2a: Starmie|Blizzard|p1a: Chansey\n|-crit|p1a: Chansey\n|-damage|p1a: Chansey|14/100 par\n|move|p1a: Chansey|Soft-Boiled|p1a: Chansey\n|-heal|p1a: Chansey|64/100 par\n|\n|upkeep\n|turn|82\n|\n|t:|1781389707\n|move|p2a: Starmie|Blizzard|p1a: Chansey\n|-crit|p1a: Chansey\n|-damage|p1a: Chansey|39/100 par\n|move|p1a: Chansey|Soft-Boiled|p1a: Chansey\n|-heal|p1a: Chansey|89/100 par\n|\n|upkeep\n|turn|83\n|-message|magical_weeb forfeited.\n|\n|win|Acetylaldehyde\n|c|☆Acetylaldehyde|gg\n|c|☆magical_weeb|gg\n|player|p1|\n","uploadtime":1781389715,"views":"71","formatid":"gen1ou","rating":null,"private":0,"password":null}