{"id":"smogtours-gen1ou-825340","format":"[Gen 1] OU","players":["shiloh","spies rby"],"log":"|inactive|Battle timer is ON: inactive players will automatically lose when time's up.\n|t:|1742145774\n|gametype|singles\n|player|p1|shiloh|#splxvitigers2|\n|player|p2|spies rby|unknown|\n|teamsize|p1|6\n|teamsize|p2|6\n|gen|1\n|tier|[Gen 1] OU\n|rule|Desync Clause Mod: Desyncs changed to move failure.\n|rule|Sleep Clause Mod: Limit one foe put to sleep\n|rule|Freeze Clause Mod: Limit one foe frozen\n|rule|Species Clause: Limit one of each Pokémon\n|rule|OHKO Clause: OHKO moves are banned\n|rule|Evasion Moves Clause: Evasion moves are banned\n|rule|Endless Battle Clause: Forcing endless battles is banned\n|rule|HP Percentage Mod: HP is shown in percentages\n|\n|t:|1742145774\n|start\n|switch|p1a: CATENICUS|Starmie|100/100\n|switch|p2a: Jynx|Jynx|100/100\n|turn|1\n|\n|t:|1742145789\n|move|p1a: CATENICUS|Thunder Wave|p2a: Jynx\n|-status|p2a: Jynx|par\n|move|p2a: Jynx|Lovely Kiss|p1a: CATENICUS\n|-status|p1a: CATENICUS|slp|[from] move: Lovely Kiss\n|\n|upkeep\n|turn|2\n|\n|t:|1742145796\n|switch|p2a: Tauros|Tauros|100/100\n|cant|p1a: CATENICUS|slp\n|\n|upkeep\n|turn|3\n|\n|t:|1742145803\n|switch|p1a: WILL OF THE MANY|Exeggutor|100/100\n|move|p2a: Tauros|Body Slam|p1a: WILL OF THE MANY\n|-damage|p1a: WILL OF THE MANY|71/100\n|-status|p1a: WILL OF THE MANY|par\n|\n|upkeep\n|turn|4\n|inactive|spies rby has 270 seconds left.\n|\n|t:|1742145850\n|switch|p2a: Jynx|Jynx|100/100 par\n|move|p1a: WILL OF THE MANY|Sleep Powder|p2a: Jynx\n|-fail|p2a: Jynx\n|\n|upkeep\n|turn|5\n|\n|t:|1742145866\n|switch|p1a: SEDOTIA|Chansey|100/100\n|move|p2a: Jynx|Blizzard|p1a: SEDOTIA\n|-damage|p1a: SEDOTIA|83/100\n|-status|p1a: SEDOTIA|frz\n|\n|upkeep\n|turn|6\n|inactive|spies rby has 240 seconds left.\n|\n|t:|1742145911\n|switch|p1a: CATENICUS|Starmie|100/100 slp\n|cant|p2a: Jynx|par\n|\n|upkeep\n|turn|7\n|\n|t:|1742145916\n|switch|p2a: Tauros|Tauros|100/100\n|cant|p1a: CATENICUS|slp\n|\n|upkeep\n|turn|8\n|\n|t:|1742145919\n|cant|p1a: CATENICUS|slp\n|move|p2a: Tauros|Body Slam|p1a: CATENICUS\n|-crit|p1a: CATENICUS\n|-damage|p1a: CATENICUS|38/100 slp\n|\n|upkeep\n|turn|9\n|\n|t:|1742145921\n|switch|p1a: OBITEUM & LUCEUM|Cloyster|100/100\n|move|p2a: Tauros|Body Slam|p1a: OBITEUM & LUCEUM\n|-crit|p1a: OBITEUM & LUCEUM\n|-damage|p1a: OBITEUM & LUCEUM|58/100\n|-status|p1a: OBITEUM & LUCEUM|par\n|\n|upkeep\n|turn|10\n|inactive|spies rby has 240 seconds left.\n|\n|t:|1742145941\n|switch|p2a: Starmie|Starmie|100/100\n|move|p1a: OBITEUM & LUCEUM|Blizzard|p2a: Starmie\n|-resisted|p2a: Starmie\n|-damage|p2a: Starmie|82/100\n|\n|upkeep\n|turn|11\n|inactive|spies rby has 240 seconds left.\n|\n|t:|1742145962\n|switch|p1a: LANISTIA SCIPIO|Jolteon|100/100\n|move|p2a: Starmie|Recover|p2a: Starmie\n|-heal|p2a: Starmie|100/100\n|\n|upkeep\n|turn|12\n|\n|t:|1742145973\n|switch|p1a: WILL OF THE MANY|Exeggutor|71/100 par\n|switch|p2a: Rhydon|Rhydon|100/100\n|\n|upkeep\n|turn|13\n|\n|t:|1742145981\n|switch|p2a: Jynx|Jynx|100/100 par\n|move|p1a: WILL OF THE MANY|Psychic|p2a: Jynx\n|-resisted|p2a: Jynx\n|-damage|p2a: Jynx|82/100 par\n|\n|upkeep\n|turn|14\n|\n|t:|1742145990\n|switch|p1a: LANISTIA SCIPIO|Jolteon|100/100\n|cant|p2a: Jynx|par\n|\n|upkeep\n|turn|15\n|\n|t:|1742145994\n|switch|p1a: WILL OF THE MANY|Exeggutor|71/100 par\n|switch|p2a: Rhydon|Rhydon|100/100\n|\n|upkeep\n|turn|16\n|\n|t:|1742145996\n|switch|p2a: Jynx|Jynx|82/100 par\n|move|p1a: WILL OF THE MANY|Psychic|p2a: Jynx\n|-resisted|p2a: Jynx\n|-damage|p2a: Jynx|64/100 par\n|\n|upkeep\n|turn|17\n|\n|t:|1742146001\n|switch|p1a: LANISTIA SCIPIO|Jolteon|100/100\n|move|p2a: Jynx|Blizzard|p1a: LANISTIA SCIPIO|[miss]\n|-miss|p2a: Jynx\n|\n|upkeep\n|turn|18\n|\n|t:|1742146016\n|switch|p2a: Rhydon|Rhydon|100/100\n|move|p1a: LANISTIA SCIPIO|Thunderbolt|p2a: Rhydon\n|-immune|p2a: Rhydon\n|\n|upkeep\n|turn|19\n|\n|t:|1742146022\n|switch|p1a: WILL OF THE MANY|Exeggutor|71/100 par\n|move|p2a: Rhydon|Rock Slide|p1a: WILL OF THE MANY\n|-damage|p1a: WILL OF THE MANY|41/100 par\n|\n|upkeep\n|turn|20\n|\n|t:|1742146026\n|switch|p2a: Jynx|Jynx|64/100 par\n|move|p1a: WILL OF THE MANY|Psychic|p2a: Jynx\n|-resisted|p2a: Jynx\n|-damage|p2a: Jynx|43/100 par\n|-unboost|p2a: Jynx|spa|1\n|-unboost|p2a: Jynx|spd|1\n|\n|upkeep\n|turn|21\n|\n|t:|1742146034\n|cant|p1a: WILL OF THE MANY|par\n|move|p2a: Jynx|Blizzard|p1a: WILL OF THE MANY\n|-supereffective|p1a: WILL OF THE MANY\n|-damage|p1a: WILL OF THE MANY|4/100 par\n|\n|upkeep\n|turn|22\n|\n|t:|1742146041\n|move|p1a: WILL OF THE MANY|Hyper Beam|p2a: Jynx\n|-damage|p2a: Jynx|0 fnt\n|faint|p2a: Jynx\n|inactive|spies rby has 270 seconds left.\n|\n|t:|1742146087\n|switch|p2a: Starmie|Starmie|100/100\n|turn|23\n|\n|t:|1742146100\n|move|p2a: Starmie|Psychic|p1a: WILL OF THE MANY\n|-resisted|p1a: WILL OF THE MANY\n|-damage|p1a: WILL OF THE MANY|0 fnt\n|faint|p1a: WILL OF THE MANY\n|\n|t:|1742146101\n|switch|p1a: LANISTIA SCIPIO|Jolteon|100/100\n|turn|24\n|inactive|spies rby has 270 seconds left.\n|\n|t:|1742146124\n|switch|p1a: STORMBLESSED|Tauros|100/100\n|move|p2a: Starmie|Thunder Wave|p1a: STORMBLESSED\n|-status|p1a: STORMBLESSED|par\n|\n|upkeep\n|turn|25\n|\n|t:|1742146127\n|move|p2a: Starmie|Psychic|p1a: STORMBLESSED\n|-damage|p1a: STORMBLESSED|61/100 par\n|-unboost|p1a: STORMBLESSED|spa|1\n|-unboost|p1a: STORMBLESSED|spd|1\n|move|p1a: STORMBLESSED|Body Slam|p2a: Starmie\n|-crit|p2a: Starmie\n|-damage|p2a: Starmie|29/100\n|\n|upkeep\n|turn|26\n|\n|t:|1742146134\n|switch|p1a: LANISTIA SCIPIO|Jolteon|100/100\n|move|p2a: Starmie|Psychic|p1a: LANISTIA SCIPIO\n|-crit|p1a: LANISTIA SCIPIO\n|-damage|p1a: LANISTIA SCIPIO|46/100\n|\n|upkeep\n|turn|27\n|\n|t:|1742146140\n|switch|p1a: STORMBLESSED|Tauros|61/100 par\n|switch|p2a: Rhydon|Rhydon|100/100\n|\n|upkeep\n|turn|28\n|\n|t:|1742146145\n|switch|p2a: Snorlax|Snorlax|100/100\n|cant|p1a: STORMBLESSED|par\n|\n|upkeep\n|turn|29\n|\n|t:|1742146151\n|switch|p1a: OBITEUM & LUCEUM|Cloyster|58/100 par\n|move|p2a: Snorlax|Body Slam|p1a: OBITEUM & LUCEUM\n|-damage|p1a: OBITEUM & LUCEUM|34/100 par\n|\n|upkeep\n|turn|30\n|\n|t:|1742146159\n|switch|p2a: Starmie|Starmie|29/100\n|move|p1a: OBITEUM & LUCEUM|Rest|p1a: OBITEUM & LUCEUM\n|-status|p1a: OBITEUM & LUCEUM|slp|[from] move: Rest\n|-heal|p1a: OBITEUM & LUCEUM|100/100 slp|[silent]\n|\n|upkeep\n|turn|31\n|\n|t:|1742146167\n|switch|p1a: LANISTIA SCIPIO|Jolteon|46/100\n|move|p2a: Starmie|Thunderbolt|p1a: LANISTIA SCIPIO\n|-resisted|p1a: LANISTIA SCIPIO\n|-damage|p1a: LANISTIA SCIPIO|34/100\n|\n|upkeep\n|turn|32\n|\n|t:|1742146175\n|switch|p1a: STORMBLESSED|Tauros|61/100 par\n|switch|p2a: Rhydon|Rhydon|100/100\n|\n|upkeep\n|turn|33\n|\n|t:|1742146179\n|switch|p2a: Snorlax|Snorlax|100/100\n|move|p1a: STORMBLESSED|Blizzard|p2a: Snorlax\n|-damage|p2a: Snorlax|81/100\n|\n|upkeep\n|turn|34\n|\n|t:|1742146189\n|switch|p1a: OBITEUM & LUCEUM|Cloyster|100/100 slp\n|move|p2a: Snorlax|Body Slam|p1a: OBITEUM & LUCEUM\n|-damage|p1a: OBITEUM & LUCEUM|76/100 slp\n|\n|upkeep\n|turn|35\n|\n|t:|1742146192\n|switch|p1a: LANISTIA SCIPIO|Jolteon|34/100\n|switch|p2a: Starmie|Starmie|29/100\n|\n|upkeep\n|turn|36\n|\n|t:|1742146197\n|switch|p1a: STORMBLESSED|Tauros|61/100 par\n|switch|p2a: Rhydon|Rhydon|100/100\n|\n|upkeep\n|turn|37\n|\n|t:|1742146207\n|switch|p2a: Snorlax|Snorlax|81/100\n|cant|p1a: STORMBLESSED|par\n|\n|upkeep\n|turn|38\n|\n|t:|1742146225\n|switch|p1a: OBITEUM & LUCEUM|Cloyster|76/100 slp\n|move|p2a: Snorlax|Body Slam|p1a: OBITEUM & LUCEUM\n|-damage|p1a: OBITEUM & LUCEUM|51/100 slp\n|\n|upkeep\n|turn|39\n|\n|t:|1742146229\n|cant|p1a: OBITEUM & LUCEUM|slp\n|move|p2a: Snorlax|Body Slam|p1a: OBITEUM & LUCEUM\n|-damage|p1a: OBITEUM & LUCEUM|28/100 slp\n|\n|upkeep\n|turn|40\n|\n|t:|1742146233\n|-curestatus|p1a: OBITEUM & LUCEUM|slp|[msg]\n|move|p2a: Snorlax|Body Slam|p1a: OBITEUM & LUCEUM\n|-damage|p1a: OBITEUM & LUCEUM|6/100\n|-status|p1a: OBITEUM & LUCEUM|par\n|\n|upkeep\n|turn|41\n|inactive|shiloh has 270 seconds left.\n|\n|t:|1742146264\n|move|p2a: Snorlax|Body Slam|p1a: OBITEUM & LUCEUM\n|-damage|p1a: OBITEUM & LUCEUM|0 fnt\n|faint|p1a: OBITEUM & LUCEUM\n|\n|t:|1742146266\n|switch|p1a: LANISTIA SCIPIO|Jolteon|34/100\n|turn|42\n|\n|t:|1742146270\n|move|p1a: LANISTIA SCIPIO|Thunderbolt|p2a: Snorlax\n|-damage|p2a: Snorlax|52/100\n|move|p2a: Snorlax|Body Slam|p1a: LANISTIA SCIPIO\n|-damage|p1a: LANISTIA SCIPIO|0 fnt\n|faint|p1a: LANISTIA SCIPIO\n|\n|t:|1742146272\n|switch|p1a: STORMBLESSED|Tauros|61/100 par\n|turn|43\n|\n|t:|1742146279\n|move|p2a: Snorlax|Self-Destruct|p1a: STORMBLESSED\n|-damage|p1a: STORMBLESSED|0 fnt\n|faint|p1a: STORMBLESSED\n|faint|p2a: Snorlax\n|c|☆shiloh|gg\n|-message|shiloh forfeited.\n|\n|win|spies rby\n|c|☆spies rby|gg\n","uploadtime":1742146283,"views":"1430","formatid":"gen1ou","rating":null,"private":0,"password":null}