{"id":"smogtours-gen1ou-959422","format":"[Gen 1] OU","players":["BeeOrSomething","oligen1"],"log":"|inactive|Battle timer is ON: inactive players will automatically lose when time's up.\n|t:|1785095148\n|gametype|singles\n|player|p1|BeeOrSomething|#beeorsomething|\n|player|p2|oligen1|blue-gen1rbtwo|\n|gen|1\n|tier|[Gen 1] OU\n|rule|Desync Clause Mod: Desyncs resolve to link battle behavior from the acting player's perspective.\n|rule|HP Percentage Mod: HP is shown in percentages\n|rule|Endless Battle Clause: Forcing endless battles is banned\n|rule|Sleep Clause Mod: Limit one foe put to sleep\n|rule|Freeze Clause Mod: Limit one foe frozen\n|rule|Species Clause: Limit one of each Pokémon\n|rule|OHKO Clause: OHKO moves are banned\n|rule|Evasion Moves Clause: Evasion moves are banned\n|\n|t:|1785095148\n|teamsize|p1|6\n|teamsize|p2|6\n|start\n|switch|p1a: Owe Me A Coke|Jynx|100/100\n|switch|p2a: Zapdos|Zapdos|100/100\n|turn|1\n|inactive|oligen1 also wants the timer to be on.\n|c|☆BeeOrSomething|glhf\n|c|☆oligen1|Enjoy :-)\n|\n|t:|1785095158\n|move|p2a: Zapdos|Thunder Wave|p1a: Owe Me A Coke\n|-status|p1a: Owe Me A Coke|par\n|cant|p1a: Owe Me A Coke|par\n|\n|upkeep\n|turn|2\n|\n|t:|1785095163\n|move|p2a: Zapdos|Drill Peck|p1a: Owe Me A Coke\n|-crit|p1a: Owe Me A Coke\n|-damage|p1a: Owe Me A Coke|7/100 par\n|move|p1a: Owe Me A Coke|Blizzard|p2a: Zapdos\n|-supereffective|p2a: Zapdos\n|-damage|p2a: Zapdos|38/100\n|\n|upkeep\n|turn|3\n|\n|t:|1785095188\n|move|p2a: Zapdos|Drill Peck|p1a: Owe Me A Coke\n|-damage|p1a: Owe Me A Coke|0 fnt\n|faint|p1a: Owe Me A Coke\n|c|+Dababy2|BEE\n|\n|t:|1785095190\n|switch|p1a: Patrick|Starmie|100/100\n|turn|4\n|c|☆BeeOrSomething|dababy help\n|c|+Dababy2|oh hell na\n|\n|t:|1785095199\n|switch|p2a: Chansey|Chansey|100/100\n|move|p1a: Patrick|Blizzard|p2a: Chansey\n|-damage|p2a: Chansey|88/100\n|\n|upkeep\n|turn|5\n|\n|t:|1785095205\n|move|p1a: Patrick|Blizzard|p2a: Chansey\n|-damage|p2a: Chansey|76/100\n|move|p2a: Chansey|Thunderbolt|p1a: Patrick\n|-supereffective|p1a: Patrick\n|-damage|p1a: Patrick|54/100\n|-status|p1a: Patrick|par\n|\n|upkeep\n|turn|6\n|c|☆BeeOrSomething|HELP\n|\n|t:|1785095215\n|switch|p1a: Blob|Chansey|100/100\n|move|p2a: Chansey|Ice Beam|p1a: Blob\n|-damage|p1a: Blob|91/100\n|\n|upkeep\n|turn|7\n|\n|t:|1785095225\n|move|p1a: Blob|Ice Beam|p2a: Chansey\n|-damage|p2a: Chansey|65/100\n|move|p2a: Chansey|Thunder Wave|p1a: Blob\n|-status|p1a: Blob|par\n|\n|upkeep\n|turn|8\n|\n|t:|1785095240\n|move|p2a: Chansey|Soft-Boiled|p2a: Chansey\n|-heal|p2a: Chansey|100/100\n|move|p1a: Blob|Ice Beam|p2a: Chansey\n|-damage|p2a: Chansey|89/100\n|\n|upkeep\n|turn|9\n|\n|t:|1785095247\n|move|p2a: Chansey|Thunderbolt|p1a: Blob\n|-damage|p1a: Blob|80/100 par\n|move|p1a: Blob|Ice Beam|p2a: Chansey\n|-damage|p2a: Chansey|78/100\n|\n|upkeep\n|turn|10\n|\n|t:|1785095252\n|move|p2a: Chansey|Thunderbolt|p1a: Blob\n|-damage|p1a: Blob|69/100 par\n|cant|p1a: Blob|par\n|\n|upkeep\n|turn|11\n|\n|t:|1785095258\n|switch|p2a: Snorlax|Snorlax|100/100\n|cant|p1a: Blob|par\n|\n|upkeep\n|turn|12\n|\n|t:|1785095264\n|move|p2a: Snorlax|Earthquake|p1a: Blob\n|-damage|p1a: Blob|39/100 par\n|cant|p1a: Blob|par\n|\n|upkeep\n|turn|13\n|c|☆BeeOrSomething|im gonna respect the integrity of rby invitational\n|\n|t:|1785095284\n|switch|p1a: Do Not|Cloyster|100/100\n|move|p2a: Snorlax|Body Slam|p1a: Do Not\n|-damage|p1a: Do Not|78/100\n|\n|upkeep\n|turn|14\n|\n|t:|1785095301\n|move|p1a: Do Not|Blizzard|p2a: Snorlax|[miss]\n|-miss|p1a: Do Not\n|move|p2a: Snorlax|Body Slam|p1a: Do Not\n|-damage|p1a: Do Not|53/100\n|\n|upkeep\n|turn|15\n|c|☆BeeOrSomething|dababy this all your fault\n|c|☆BeeOrSomething|we're DONE\n|inactive|oligen1 has 270 seconds left.\n|\n|t:|1785095328\n|move|p1a: Do Not|Blizzard|p2a: Snorlax\n|-damage|p2a: Snorlax|67/100\n|move|p2a: Snorlax|Body Slam|p1a: Do Not\n|-damage|p1a: Do Not|29/100\n|\n|upkeep\n|turn|16\n|inactive|oligen1 has 270 seconds left.\n|\n|t:|1785095338\n|move|p1a: Do Not|Explosion|p2a: Snorlax\n|-damage|p2a: Snorlax|6/100\n|faint|p1a: Do Not\n|\n|t:|1785095342\n|switch|p1a: Raging Bull|Tauros|100/100\n|turn|17\n|\n|t:|1785095351\n|switch|p2a: Gengar|Gengar|100/100\n|move|p1a: Raging Bull|Body Slam|p2a: Gengar\n|-immune|p2a: Gengar\n|\n|upkeep\n|turn|18\n|\n|t:|1785095357\n|switch|p2a: Exeggutor|Exeggutor|100/100\n|move|p1a: Raging Bull|Body Slam|p2a: Exeggutor\n|-crit|p2a: Exeggutor\n|-damage|p2a: Exeggutor|45/100\n|-status|p2a: Exeggutor|par\n|\n|upkeep\n|turn|19\n|inactive|oligen1 has 270 seconds left.\n|c|+Dababy2|ay man \n|c|+Dababy2|We got 2 more games to go \n|c|☆BeeOrSomething|1 actually\n|c|+Dababy2|oh hell no\n|inactive|BeeOrSomething has 270 seconds left.\n|inactive|oligen1 has 240 seconds left.\n|inactive|BeeOrSomething has 240 seconds left.\n|\n|t:|1785095430\n|move|p1a: Raging Bull|Earthquake|p2a: Exeggutor\n|-resisted|p2a: Exeggutor\n|-damage|p2a: Exeggutor|33/100 par\n|cant|p2a: Exeggutor|par\n|\n|upkeep\n|turn|20\n|\n|t:|1785095436\n|move|p1a: Raging Bull|Hyper Beam|p2a: Exeggutor\n|-damage|p2a: Exeggutor|0 fnt\n|faint|p2a: Exeggutor\n|\n|t:|1785095441\n|switch|p2a: Chansey|Chansey|78/100\n|turn|21\n|\n|t:|1785095450\n|move|p1a: Raging Bull|Body Slam|p2a: Chansey\n|-damage|p2a: Chansey|38/100\n|move|p2a: Chansey|Thunder Wave|p1a: Raging Bull\n|-status|p1a: Raging Bull|par\n|\n|upkeep\n|turn|22\n|\n|t:|1785095464\n|switch|p1a: Blob|Chansey|39/100 par\n|move|p2a: Chansey|Soft-Boiled|p2a: Chansey\n|-heal|p2a: Chansey|88/100\n|\n|upkeep\n|turn|23\n|inactive|oligen1 has 240 seconds left.\n|\n|t:|1785095494\n|move|p2a: Chansey|Thunderbolt|p1a: Blob\n|-damage|p1a: Blob|28/100 par\n|move|p1a: Blob|Ice Beam|p2a: Chansey\n|-damage|p2a: Chansey|77/100\n|-status|p2a: Chansey|frz\n|\n|upkeep\n|turn|24\n|inactive|oligen1 has 240 seconds left.\n|inactive|BeeOrSomething has 270 seconds left.\n|\n|t:|1785095504\n|cant|p2a: Chansey|frz\n|cant|p1a: Blob|par\n|\n|upkeep\n|turn|25\n|\n|t:|1785095508\n|switch|p2a: Snorlax|Snorlax|6/100\n|move|p1a: Blob|Thunder Wave|p2a: Snorlax\n|-status|p2a: Snorlax|par\n|\n|upkeep\n|turn|26\n|\n|t:|1785095515\n|cant|p1a: Blob|par\n|move|p2a: Snorlax|Rest|p2a: Snorlax\n|-status|p2a: Snorlax|slp|[from] move: Rest\n|-heal|p2a: Snorlax|100/100 slp|[silent]\n|\n|upkeep\n|turn|27\n|\n|t:|1785095522\n|move|p1a: Blob|Soft-Boiled|p1a: Blob\n|-heal|p1a: Blob|78/100 par\n|cant|p2a: Snorlax|slp\n|\n|upkeep\n|turn|28\n|\n|t:|1785095528\n|move|p1a: Blob|Thunder Wave|p2a: Snorlax\n|-fail|p2a: Snorlax\n|-curestatus|p2a: Snorlax|slp|[msg]\n|\n|upkeep\n|turn|29\n|inactive|oligen1 has 270 seconds left.\n|\n|t:|1785095534\n|switch|p2a: Chansey|Chansey|77/100 frz\n|move|p1a: Blob|Thunder Wave|p2a: Chansey\n|-fail|p2a: Chansey\n|\n|upkeep\n|turn|30\n|\n|t:|1785095542\n|switch|p2a: Snorlax|Snorlax|100/100\n|move|p1a: Blob|Soft-Boiled|p1a: Blob\n|-heal|p1a: Blob|100/100 par\n|\n|upkeep\n|turn|31\n|\n|t:|1785095547\n|move|p2a: Snorlax|Earthquake|p1a: Blob\n|-damage|p1a: Blob|65/100 par\n|move|p1a: Blob|Thunder Wave|p2a: Snorlax\n|-status|p2a: Snorlax|par\n|\n|upkeep\n|turn|32\n|\n|t:|1785095554\n|cant|p1a: Blob|par\n|move|p2a: Snorlax|Earthquake|p1a: Blob\n|-damage|p1a: Blob|32/100 par\n|\n|upkeep\n|turn|33\n|\n|t:|1785095559\n|move|p1a: Blob|Soft-Boiled|p1a: Blob\n|-heal|p1a: Blob|82/100 par\n|move|p2a: Snorlax|Body Slam|p1a: Blob\n|-damage|p1a: Blob|41/100 par\n|\n|upkeep\n|turn|34\n|\n|t:|1785095565\n|cant|p1a: Blob|par\n|move|p2a: Snorlax|Earthquake|p1a: Blob\n|-crit|p1a: Blob\n|-damage|p1a: Blob|0 fnt\n|faint|p1a: Blob\n|\n|t:|1785095575\n|switch|p1a: Patrick|Starmie|54/100 par\n|turn|35\n|\n|t:|1785095584\n|cant|p1a: Patrick|par\n|move|p2a: Snorlax|Body Slam|p1a: Patrick\n|-damage|p1a: Patrick|20/100 par\n|\n|upkeep\n|turn|36\n|\n|t:|1785095590\n|move|p1a: Patrick|Blizzard|p2a: Snorlax\n|-damage|p2a: Snorlax|78/100 par\n|move|p2a: Snorlax|Body Slam|p1a: Patrick\n|-damage|p1a: Patrick|0 fnt\n|faint|p1a: Patrick\n|\n|t:|1785095594\n|switch|p1a: Me On Weekends|Snorlax|100/100\n|turn|37\n|\n|t:|1785095602\n|move|p1a: Me On Weekends|Body Slam|p2a: Snorlax\n|-damage|p2a: Snorlax|51/100 par\n|cant|p2a: Snorlax|par\n|\n|upkeep\n|turn|38\n|\n|t:|1785095611\n|move|p1a: Me On Weekends|Body Slam|p2a: Snorlax\n|-damage|p2a: Snorlax|25/100 par\n|move|p2a: Snorlax|Self-Destruct|p1a: Me On Weekends\n|-damage|p1a: Me On Weekends|19/100\n|faint|p2a: Snorlax\n|\n|t:|1785095621\n|switch|p2a: Tauros|Tauros|100/100\n|turn|39\n|\n|t:|1785095628\n|move|p2a: Tauros|Body Slam|p1a: Me On Weekends\n|-damage|p1a: Me On Weekends|0 fnt\n|faint|p1a: Me On Weekends\n|\n|t:|1785095629\n|switch|p1a: Raging Bull|Tauros|100/100 par\n|turn|40\n|\n|t:|1785095633\n|move|p2a: Tauros|Body Slam|p1a: Raging Bull\n|-damage|p1a: Raging Bull|72/100 par\n|move|p1a: Raging Bull|Hyper Beam|p2a: Tauros\n|-crit|p2a: Tauros\n|-damage|p2a: Tauros|8/100\n|-mustrecharge|p1a: Raging Bull\n|\n|upkeep\n|turn|41\n|\n|t:|1785095640\n|move|p2a: Tauros|Body Slam|p1a: Raging Bull\n|-crit|p1a: Raging Bull\n|-damage|p1a: Raging Bull|19/100 par\n|cant|p1a: Raging Bull|recharge\n|\n|upkeep\n|turn|42\n|c|☆BeeOrSomething|gg\n|\n|t:|1785095645\n|move|p2a: Tauros|Body Slam|p1a: Raging Bull\n|-damage|p1a: Raging Bull|0 fnt\n|faint|p1a: Raging Bull\n|\n|win|oligen1\n|c|☆oligen1|gg wp\n|player|p1|\n","uploadtime":1785095645,"views":"75","formatid":"gen1ou","rating":null,"private":0,"password":null}