{"id":"smogtours-gen1ou-917093","format":"[Gen 1] OU","players":["nicole7735","LNumbers"],"log":"|inactive|Battle timer is ON: inactive players will automatically lose when time's up.\n|t:|1773521281\n|gametype|singles\n|player|p1|nicole7735|#splxviiscooters|\n|player|p2|LNumbers|#splxviityrants2|\n|gen|1\n|tier|[Gen 1] OU\n|rule|Desync Clause Mod: Desyncs changed to move failure.\n|rule|HP Percentage Mod: HP is shown in percentages\n|rule|Endless Battle Clause: Forcing endless battles is banned\n|rule|Sleep Clause Mod: Limit one foe put to sleep\n|rule|Freeze Clause Mod: Limit one foe frozen\n|rule|Species Clause: Limit one of each Pokémon\n|rule|OHKO Clause: OHKO moves are banned\n|rule|Evasion Moves Clause: Evasion moves are banned\n|\n|t:|1773521281\n|teamsize|p1|6\n|teamsize|p2|6\n|start\n|switch|p1a: Jynx|Jynx|100/100\n|switch|p2a: Jynx|Jynx|100/100\n|turn|1\n|c|☆LNumbers|hf\n|rated|Smogon Premier League\n|c|☆nicole7735|hf\n|\n|t:|1773521307\n|move|p2a: Jynx|Lovely Kiss|p1a: Jynx\n|-status|p1a: Jynx|slp|[from] move: Lovely Kiss\n|cant|p1a: Jynx|slp\n|\n|upkeep\n|turn|2\n|\n|t:|1773521316\n|move|p2a: Jynx|Body Slam|p1a: Jynx\n|-damage|p1a: Jynx|78/100 slp\n|cant|p1a: Jynx|slp\n|\n|upkeep\n|turn|3\n|\n|t:|1773521323\n|move|p2a: Jynx|Body Slam|p1a: Jynx\n|-damage|p1a: Jynx|52/100 slp\n|cant|p1a: Jynx|slp\n|\n|upkeep\n|turn|4\n|\n|t:|1773521339\n|switch|p1a: Chansey|Chansey|100/100\n|switch|p2a: Tauros|Tauros|100/100\n|\n|upkeep\n|turn|5\n|\n|t:|1773521347\n|switch|p2a: Jynx|Jynx|100/100\n|move|p1a: Chansey|Thunder Wave|p2a: Jynx\n|-status|p2a: Jynx|par\n|\n|upkeep\n|turn|6\n|\n|t:|1773521351\n|move|p1a: Chansey|Thunderbolt|p2a: Jynx\n|-damage|p2a: Jynx|75/100 par\n|move|p2a: Jynx|Ice Beam|p1a: Chansey\n|-damage|p1a: Chansey|86/100\n|\n|upkeep\n|turn|7\n|\n|t:|1773521355\n|move|p1a: Chansey|Thunderbolt|p2a: Jynx\n|-damage|p2a: Jynx|52/100 par\n|move|p2a: Jynx|Ice Beam|p1a: Chansey\n|-damage|p1a: Chansey|71/100\n|\n|upkeep\n|turn|8\n|\n|t:|1773521361\n|switch|p1a: Tauros|Tauros|100/100\n|cant|p2a: Jynx|par\n|\n|upkeep\n|turn|9\n|\n|t:|1773521372\n|switch|p2a: Gengar|Gengar|100/100\n|move|p1a: Tauros|Body Slam|p2a: Gengar\n|-immune|p2a: Gengar\n|\n|upkeep\n|turn|10\n|\n|t:|1773521391\n|switch|p2a: Exeggutor|Exeggutor|100/100\n|move|p1a: Tauros|Blizzard|p2a: Exeggutor\n|-crit|p2a: Exeggutor\n|-supereffective|p2a: Exeggutor\n|-damage|p2a: Exeggutor|35/100\n|\n|upkeep\n|turn|11\n|inactive|LNumbers has 270 seconds left.\n|\n|t:|1773521420\n|switch|p2a: Gengar|Gengar|100/100\n|move|p1a: Tauros|Hyper Beam|p2a: Gengar\n|-immune|p2a: Gengar\n|\n|upkeep\n|turn|12\n|inactive|LNumbers has 270 seconds left.\n|\n|t:|1773521437\n|move|p1a: Tauros|Earthquake|p2a: Gengar\n|-supereffective|p2a: Gengar\n|-damage|p2a: Gengar|30/100\n|move|p2a: Gengar|Thunderbolt|p1a: Tauros\n|-damage|p1a: Tauros|67/100\n|\n|upkeep\n|turn|13\n|inactive|LNumbers has 270 seconds left.\n|inactive|nicole7735 has 270 seconds left.\n|\n|t:|1773521461\n|switch|p2a: Snorlax|Snorlax|100/100\n|move|p1a: Tauros|Body Slam|p2a: Snorlax\n|-crit|p2a: Snorlax\n|-damage|p2a: Snorlax|49/100\n|\n|upkeep\n|turn|14\n|inactive|LNumbers has 270 seconds left.\n|inactive|nicole7735 has 270 seconds left.\n|inactive|nicole7735 has 240 seconds left.\n|inactive|LNumbers has 240 seconds left.\n|\n|t:|1773521527\n|move|p1a: Tauros|Body Slam|p2a: Snorlax\n|-damage|p2a: Snorlax|25/100\n|move|p2a: Snorlax|Body Slam|p1a: Tauros\n|-damage|p1a: Tauros|33/100\n|\n|upkeep\n|turn|15\n|inactive|LNumbers has 240 seconds left.\n|\n|t:|1773521547\n|switch|p2a: Gengar|Gengar|30/100\n|move|p1a: Tauros|Hyper Beam|p2a: Gengar\n|-immune|p2a: Gengar\n|\n|upkeep\n|turn|16\n|inactive|LNumbers has 240 seconds left.\n|inactive|LNumbers has 210 seconds left.\n|\n|t:|1773521609\n|switch|p2a: Exeggutor|Exeggutor|35/100\n|move|p1a: Tauros|Earthquake|p2a: Exeggutor\n|-resisted|p2a: Exeggutor\n|-damage|p2a: Exeggutor|24/100\n|\n|upkeep\n|turn|17\n|\n|t:|1773521618\n|switch|p2a: Gengar|Gengar|30/100\n|move|p1a: Tauros|Body Slam|p2a: Gengar\n|-immune|p2a: Gengar\n|\n|upkeep\n|turn|18\n|\n|t:|1773521622\n|move|p2a: Gengar|Explosion|p1a: Tauros\n|-crit|p1a: Tauros\n|-damage|p1a: Tauros|0 fnt\n|faint|p1a: Tauros\n|faint|p2a: Gengar\n|inactive|nicole7735 has 210 seconds left.\n|inactive|LNumbers has 180 seconds left.\n|\n|t:|1773521676\n|switch|p2a: Zapdos|Zapdos|100/100\n|switch|p1a: Snorlax|Snorlax|100/100\n|turn|19\n|inactive|LNumbers has 180 seconds left.\n|\n|t:|1773521692\n|move|p2a: Zapdos|Thunderbolt|p1a: Snorlax\n|-damage|p1a: Snorlax|70/100\n|-status|p1a: Snorlax|par\n|cant|p1a: Snorlax|par\n|\n|upkeep\n|turn|20\n|inactive|LNumbers has 150 seconds left.\n|\n|t:|1773521752\n|move|p2a: Zapdos|Thunderbolt|p1a: Snorlax\n|-damage|p1a: Snorlax|36/100 par\n|cant|p1a: Snorlax|par\n|\n|upkeep\n|turn|21\n|\n|t:|1773521776\n|switch|p2a: Jynx|Jynx|52/100 par\n|move|p1a: Snorlax|Self-Destruct|p2a: Jynx\n|-damage|p2a: Jynx|0 fnt\n|faint|p2a: Jynx\n|faint|p1a: Snorlax\n|inactive|nicole7735 has 180 seconds left.\n|inactive|LNumbers has 120 seconds left.\n|inactive|LNumbers has 90 seconds left.\n|inactive|nicole7735 has 150 seconds left.\n|inactive|LNumbers has 60 seconds left.\n|\n|t:|1773521858\n|switch|p2a: Zapdos|Zapdos|100/100\n|switch|p1a: Zapdos|Zapdos|100/100\n|turn|22\n|inactive|LNumbers has 60 seconds left.\n|\n|t:|1773521887\n|move|p2a: Zapdos|Thunder Wave|p1a: Zapdos\n|-status|p1a: Zapdos|par\n|move|p1a: Zapdos|Thunderbolt|p2a: Zapdos\n|-damage|p2a: Zapdos|72/100\n|\n|upkeep\n|turn|23\n|\n|t:|1773521892\n|move|p2a: Zapdos|Thunderbolt|p1a: Zapdos\n|-damage|p1a: Zapdos|70/100 par\n|cant|p1a: Zapdos|par\n|\n|upkeep\n|turn|24\n|\n|t:|1773521910\n|move|p2a: Zapdos|Thunderbolt|p1a: Zapdos\n|-damage|p1a: Zapdos|41/100 par\n|cant|p1a: Zapdos|par\n|\n|upkeep\n|turn|25\n|inactive|LNumbers has 60 seconds left.\n|\n|t:|1773521927\n|move|p2a: Zapdos|Thunderbolt|p1a: Zapdos\n|-damage|p1a: Zapdos|11/100 par\n|move|p1a: Zapdos|Thunderbolt|p2a: Zapdos\n|-damage|p2a: Zapdos|43/100\n|\n|upkeep\n|turn|26\n|inactive|LNumbers has 60 seconds left.\n|\n|t:|1773521960\n|move|p2a: Zapdos|Thunderbolt|p1a: Zapdos\n|-damage|p1a: Zapdos|0 fnt\n|faint|p1a: Zapdos\n|\n|t:|1773521968\n|switch|p1a: Chansey|Chansey|71/100\n|turn|27\n|inactive|LNumbers has 30 seconds left.\n|inactive|LNumbers has 20 seconds left.\n|inactive|LNumbers has 15 seconds left.\n|inactive|LNumbers has 10 seconds left.\n|inactive|LNumbers has 5 seconds left.\n|\n|t:|1773522021\n|move|p2a: Zapdos|Thunder Wave|p1a: Chansey\n|-status|p1a: Chansey|par\n|move|p1a: Chansey|Ice Beam|p2a: Zapdos\n|-supereffective|p2a: Zapdos\n|-damage|p2a: Zapdos|8/100\n|\n|upkeep\n|turn|28\n|inactive|LNumbers has 15 seconds left this turn.\n|inactive|LNumbers has 10 seconds left.\n|\n|t:|1773522028\n|switch|p2a: Snorlax|Snorlax|25/100\n|cant|p1a: Chansey|par\n|\n|upkeep\n|turn|29\n|inactive|LNumbers has 20 seconds left this turn.\n|inactive|LNumbers has 15 seconds left.\n|\n|t:|1773522037\n|switch|p1a: Jynx|Jynx|52/100 slp\n|move|p2a: Snorlax|Body Slam|p1a: Jynx\n|-damage|p1a: Jynx|0 fnt\n|faint|p1a: Jynx\n|\n|t:|1773522039\n|switch|p1a: Starmie|Starmie|100/100\n|turn|30\n|inactive|LNumbers has 30 seconds left this turn.\n|inactive|LNumbers has 20 seconds left.\n|inactive|LNumbers has 15 seconds left.\n|\n|t:|1773522056\n|move|p1a: Starmie|Psychic|p2a: Snorlax\n|-damage|p2a: Snorlax|0 fnt\n|faint|p2a: Snorlax\n|inactive|LNumbers has 20 seconds left this turn.\n|\n|t:|1773522059\n|switch|p2a: Tauros|Tauros|100/100\n|turn|31\n|inactive|LNumbers has 30 seconds left this turn.\n|inactive|LNumbers has 20 seconds left.\n|\n|t:|1773522069\n|move|p1a: Starmie|Thunder Wave|p2a: Tauros\n|-status|p2a: Tauros|par\n|move|p2a: Tauros|Body Slam|p1a: Starmie\n|-damage|p1a: Starmie|66/100\n|-status|p1a: Starmie|par\n|\n|upkeep\n|turn|32\n|inactive|LNumbers has 30 seconds left this turn.\n|inactive|LNumbers has 20 seconds left.\n|inactive|LNumbers has 15 seconds left.\n|inactive|LNumbers has 10 seconds left.\n|\n|t:|1773522093\n|cant|p1a: Starmie|par\n|move|p2a: Tauros|Body Slam|p1a: Starmie\n|-damage|p1a: Starmie|32/100 par\n|\n|upkeep\n|turn|33\n|inactive|LNumbers has 20 seconds left this turn.\n|\n|t:|1773522098\n|switch|p2a: Exeggutor|Exeggutor|24/100\n|move|p1a: Starmie|Recover|p1a: Starmie\n|-heal|p1a: Starmie|82/100 par\n|\n|upkeep\n|turn|34\n|inactive|LNumbers has 30 seconds left this turn.\n|inactive|nicole7735 has 150 seconds left.\n|\n|t:|1773522142\n|move|p2a: Exeggutor|Explosion|p1a: Starmie\n|-damage|p1a: Starmie|0 fnt\n|faint|p1a: Starmie\n|faint|p2a: Exeggutor\n|inactive|LNumbers has 30 seconds left this turn.\n|\n|t:|1773522149\n|switch|p2a: Zapdos|Zapdos|8/100\n|switch|p1a: Chansey|Chansey|71/100 par\n|turn|35\n|\n|t:|1773522161\n|move|p2a: Zapdos|Drill Peck|p1a: Chansey\n|-damage|p1a: Chansey|38/100 par\n|move|p1a: Chansey|Thunder Wave|p2a: Zapdos\n|-status|p2a: Zapdos|par\n|\n|upkeep\n|turn|36\n|\n|t:|1773522167\n|move|p2a: Zapdos|Drill Peck|p1a: Chansey\n|-damage|p1a: Chansey|2/100 par\n|move|p1a: Chansey|Soft-Boiled|p1a: Chansey\n|-heal|p1a: Chansey|52/100 par\n|\n|upkeep\n|turn|37\n|\n|t:|1773522169\n|move|p2a: Zapdos|Drill Peck|p1a: Chansey\n|-damage|p1a: Chansey|20/100 par\n|move|p1a: Chansey|Soft-Boiled|p1a: Chansey\n|-heal|p1a: Chansey|70/100 par\n|\n|upkeep\n|turn|38\n|\n|t:|1773522171\n|move|p2a: Zapdos|Drill Peck|p1a: Chansey\n|-damage|p1a: Chansey|35/100 par\n|move|p1a: Chansey|Soft-Boiled|p1a: Chansey\n|-heal|p1a: Chansey|85/100 par\n|\n|upkeep\n|turn|39\n|\n|t:|1773522173\n|cant|p2a: Zapdos|par\n|move|p1a: Chansey|Soft-Boiled|p1a: Chansey\n|-heal|p1a: Chansey|100/100 par\n|\n|upkeep\n|turn|40\n|\n|t:|1773522175\n|cant|p2a: Zapdos|par\n|move|p1a: Chansey|Ice Beam|p2a: Zapdos\n|-supereffective|p2a: Zapdos\n|-damage|p2a: Zapdos|0 fnt\n|faint|p2a: Zapdos\n|\n|t:|1773522176\n|switch|p2a: Tauros|Tauros|100/100 par\n|turn|41\n|\n|t:|1773522180\n|move|p2a: Tauros|Body Slam|p1a: Chansey\n|-damage|p1a: Chansey|61/100 par\n|move|p1a: Chansey|Ice Beam|p2a: Tauros\n|-crit|p2a: Tauros\n|-damage|p2a: Tauros|51/100 par\n|\n|upkeep\n|turn|42\n|\n|t:|1773522194\n|move|p2a: Tauros|Hyper Beam|p1a: Chansey\n|-damage|p1a: Chansey|0 fnt\n|faint|p1a: Chansey\n|\n|win|LNumbers\n|c|☆nicole7735|ggs\n|c|☆LNumbers|ggs\n","uploadtime":1773522194,"views":"850","formatid":"gen1ou","rating":null,"private":0,"password":null}