{"id":"smogtours-gen1ou-949919","format":"[Gen 1] OU","players":["Soda Krys","TG2513"],"log":"|inactive|Battle timer is ON: inactive players will automatically lose when time's up.\n|t:|1782330773\n|gametype|singles\n|player|p1|Soda Krys|lass-gen1rb|\n|player|p2|TG2513|brycenman|\n|gen|1\n|tier|[Gen 1] OU\n|rule|Desync Clause Mod: Desyncs changed to move failure.\n|rule|HP Percentage Mod: HP is shown in percentages\n|rule|Endless Battle Clause: Forcing endless battles is banned\n|rule|Sleep Clause Mod: Limit one foe put to sleep\n|rule|Freeze Clause Mod: Limit one foe frozen\n|rule|Species Clause: Limit one of each Pokémon\n|rule|OHKO Clause: OHKO moves are banned\n|rule|Evasion Moves Clause: Evasion moves are banned\n|\n|t:|1782330773\n|teamsize|p1|6\n|teamsize|p2|6\n|start\n|switch|p1a: Starmie|Starmie|100/100\n|switch|p2a: Chansey|Chansey|100/100\n|turn|1\n|inactive|Soda Krys also wants the timer to be on.\n|c|☆TG2513|HF\n|\n|t:|1782330786\n|move|p1a: Starmie|Blizzard|p2a: Chansey\n|-damage|p2a: Chansey|89/100\n|move|p2a: Chansey|Sing|p1a: Starmie|[miss]\n|-miss|p2a: Chansey\n|\n|upkeep\n|turn|2\n|\n|t:|1782330796\n|move|p1a: Starmie|Blizzard|p2a: Chansey\n|-crit|p2a: Chansey\n|-damage|p2a: Chansey|64/100\n|move|p2a: Chansey|Thunder Wave|p1a: Starmie\n|-status|p1a: Starmie|par\n|\n|upkeep\n|turn|3\n|\n|t:|1782330798\n|move|p2a: Chansey|Soft-Boiled|p2a: Chansey\n|-heal|p2a: Chansey|100/100\n|move|p1a: Starmie|Blizzard|p2a: Chansey\n|-damage|p2a: Chansey|88/100\n|-status|p2a: Chansey|frz\n|\n|upkeep\n|turn|4\n|\n|t:|1782330805\n|switch|p2a: Snorlax|Snorlax|100/100\n|switch|p1a: Snorlax|Snorlax|100/100\n|\n|upkeep\n|turn|5\n|\n|t:|1782330810\n|move|p2a: Snorlax|Reflect|p2a: Snorlax\n|-start|p2a: Snorlax|Reflect\n|move|p1a: Snorlax|Body Slam|p2a: Snorlax\n|-damage|p2a: Snorlax|87/100\n|\n|upkeep\n|turn|6\n|\n|t:|1782330814\n|switch|p1a: Exeggutor|Exeggutor|100/100\n|move|p2a: Snorlax|Ice Beam|p1a: Exeggutor\n|-supereffective|p1a: Exeggutor\n|-damage|p1a: Exeggutor|75/100\n|\n|upkeep\n|turn|7\n|\n|t:|1782330827\n|switch|p2a: Starmie|Starmie|100/100\n|move|p1a: Exeggutor|Sleep Powder|p2a: Starmie\n|-status|p2a: Starmie|slp|[from] move: Sleep Powder\n|\n|upkeep\n|turn|8\n|\n|t:|1782330831\n|switch|p2a: Exeggutor|Exeggutor|100/100\n|move|p1a: Exeggutor|Stun Spore|p2a: Exeggutor\n|-status|p2a: Exeggutor|par\n|\n|upkeep\n|turn|9\n|\n|t:|1782330835\n|switch|p1a: Starmie|Starmie|100/100 par\n|move|p2a: Exeggutor|Sleep Powder|p1a: Starmie\n|-fail|p1a: Starmie\n|\n|upkeep\n|turn|10\n|\n|t:|1782330842\n|move|p1a: Starmie|Blizzard|p2a: Exeggutor\n|-crit|p2a: Exeggutor\n|-supereffective|p2a: Exeggutor\n|-damage|p2a: Exeggutor|25/100 par\n|move|p2a: Exeggutor|Double-Edge|p1a: Starmie\n|-damage|p1a: Starmie|74/100 par\n|-damage|p2a: Exeggutor|20/100 par|[from] Recoil|[of] p1a: Starmie\n|\n|upkeep\n|turn|11\n|\n|t:|1782330847\n|move|p1a: Starmie|Blizzard|p2a: Exeggutor\n|-supereffective|p2a: Exeggutor\n|-damage|p2a: Exeggutor|0 fnt\n|faint|p2a: Exeggutor\n|\n|t:|1782330850\n|switch|p2a: Snorlax|Snorlax|87/100\n|turn|12\n|\n|t:|1782330853\n|move|p2a: Snorlax|Body Slam|p1a: Starmie\n|-damage|p1a: Starmie|38/100 par\n|move|p1a: Starmie|Thunder Wave|p2a: Snorlax\n|-status|p2a: Snorlax|par\n|\n|upkeep\n|turn|13\n|\n|t:|1782330857\n|move|p1a: Starmie|Recover|p1a: Starmie\n|-heal|p1a: Starmie|88/100 par\n|move|p2a: Snorlax|Body Slam|p1a: Starmie\n|-damage|p1a: Starmie|51/100 par\n|\n|upkeep\n|turn|14\n|\n|t:|1782330860\n|move|p1a: Starmie|Psychic|p2a: Snorlax\n|-crit|p2a: Snorlax\n|-damage|p2a: Snorlax|34/100 par\n|move|p2a: Snorlax|Reflect|p2a: Snorlax\n|-start|p2a: Snorlax|Reflect\n|\n|upkeep\n|turn|15\n|\n|t:|1782330862\n|cant|p1a: Starmie|par\n|move|p2a: Snorlax|Rest|p2a: Snorlax\n|-status|p2a: Snorlax|slp|[from] move: Rest\n|-heal|p2a: Snorlax|100/100 slp|[silent]\n|\n|upkeep\n|turn|16\n|\n|t:|1782330864\n|cant|p1a: Starmie|par\n|cant|p2a: Snorlax|slp\n|\n|upkeep\n|turn|17\n|\n|t:|1782330866\n|move|p1a: Starmie|Thunder Wave|p2a: Snorlax\n|-fail|p2a: Snorlax\n|-curestatus|p2a: Snorlax|slp|[msg]\n|\n|upkeep\n|turn|18\n|\n|t:|1782330867\n|cant|p1a: Starmie|par\n|move|p2a: Snorlax|Body Slam|p1a: Starmie\n|-damage|p1a: Starmie|14/100 par\n|\n|upkeep\n|turn|19\n|\n|t:|1782330869\n|move|p1a: Starmie|Recover|p1a: Starmie\n|-heal|p1a: Starmie|64/100 par\n|move|p2a: Snorlax|Body Slam|p1a: Starmie\n|-damage|p1a: Starmie|30/100 par\n|\n|upkeep\n|turn|20\n|\n|t:|1782330872\n|move|p1a: Starmie|Recover|p1a: Starmie\n|-heal|p1a: Starmie|80/100 par\n|move|p2a: Snorlax|Body Slam|p1a: Starmie\n|-damage|p1a: Starmie|44/100 par\n|\n|upkeep\n|turn|21\n|\n|t:|1782330874\n|move|p1a: Starmie|Thunder Wave|p2a: Snorlax\n|-status|p2a: Snorlax|par\n|move|p2a: Snorlax|Body Slam|p1a: Starmie\n|-damage|p1a: Starmie|8/100 par\n|\n|upkeep\n|turn|22\n|\n|t:|1782330876\n|move|p1a: Starmie|Recover|p1a: Starmie\n|-heal|p1a: Starmie|58/100 par\n|move|p2a: Snorlax|Body Slam|p1a: Starmie\n|-damage|p1a: Starmie|18/100 par\n|\n|upkeep\n|turn|23\n|\n|t:|1782330879\n|move|p1a: Starmie|Recover|p1a: Starmie\n|-heal|p1a: Starmie|68/100 par\n|move|p2a: Snorlax|Body Slam|p1a: Starmie\n|-damage|p1a: Starmie|28/100 par\n|\n|upkeep\n|turn|24\n|\n|t:|1782330881\n|cant|p1a: Starmie|par\n|move|p2a: Snorlax|Body Slam|p1a: Starmie\n|-damage|p1a: Starmie|0 fnt\n|faint|p1a: Starmie\n|\n|t:|1782330885\n|switch|p1a: Exeggutor|Exeggutor|75/100\n|turn|25\n|\n|t:|1782330891\n|move|p1a: Exeggutor|Psychic|p2a: Snorlax\n|-damage|p2a: Snorlax|71/100 par\n|move|p2a: Snorlax|Body Slam|p1a: Exeggutor\n|-crit|p1a: Exeggutor\n|-damage|p1a: Exeggutor|21/100\n|-status|p1a: Exeggutor|par\n|\n|upkeep\n|turn|26\n|c|☆Soda Krys|well i know ur not beam so :3\n|\n|t:|1782330900\n|cant|p1a: Exeggutor|par\n|move|p2a: Snorlax|Ice Beam|p1a: Exeggutor\n|-supereffective|p1a: Exeggutor\n|-damage|p1a: Exeggutor|0 fnt\n|faint|p1a: Exeggutor\n|\n|t:|1782330902\n|switch|p1a: Slowbro|Slowbro|100/100\n|turn|27\n|\n|t:|1782330910\n|move|p1a: Slowbro|Amnesia|p1a: Slowbro\n|-boost|p1a: Slowbro|spa|2\n|-boost|p1a: Slowbro|spd|2\n|cant|p2a: Snorlax|par\n|\n|upkeep\n|turn|28\n|\n|t:|1782330920\n|move|p1a: Slowbro|Psychic|p2a: Snorlax\n|-damage|p2a: Snorlax|27/100 par\n|cant|p2a: Snorlax|par\n|\n|upkeep\n|turn|29\n|\n|t:|1782330924\n|move|p1a: Slowbro|Psychic|p2a: Snorlax\n|-damage|p2a: Snorlax|0 fnt\n|faint|p2a: Snorlax\n|\n|t:|1782330927\n|switch|p2a: Tauros|Tauros|100/100\n|turn|30\n|c|☆Soda Krys|not letting u explode is huge\n|\n|t:|1782330934\n|move|p2a: Tauros|Thunderbolt|p1a: Slowbro\n|-supereffective|p1a: Slowbro\n|-damage|p1a: Slowbro|81/100\n|move|p1a: Slowbro|Thunder Wave|p2a: Tauros\n|-status|p2a: Tauros|par\n|\n|upkeep\n|turn|31\n|\n|t:|1782330938\n|move|p1a: Slowbro|Amnesia|p1a: Slowbro\n|-boost|p1a: Slowbro|spa|2\n|-boost|p1a: Slowbro|spd|2\n|cant|p2a: Tauros|par\n|\n|upkeep\n|turn|32\n|\n|t:|1782330940\n|move|p1a: Slowbro|Psychic|p2a: Tauros\n|-damage|p2a: Tauros|4/100 par\n|move|p2a: Tauros|Thunderbolt|p1a: Slowbro\n|-crit|p1a: Slowbro\n|-supereffective|p1a: Slowbro\n|-damage|p1a: Slowbro|17/100\n|\n|upkeep\n|turn|33\n|\n|t:|1782330946\n|move|p1a: Slowbro|Rest|p1a: Slowbro\n|-status|p1a: Slowbro|slp|[from] move: Rest\n|-heal|p1a: Slowbro|100/100 slp|[silent]\n|cant|p2a: Tauros|par\n|\n|upkeep\n|turn|34\n|\n|t:|1782330949\n|cant|p1a: Slowbro|slp\n|cant|p2a: Tauros|par\n|\n|upkeep\n|turn|35\n|\n|t:|1782330951\n|-curestatus|p1a: Slowbro|slp|[msg]\n|move|p2a: Tauros|Thunderbolt|p1a: Slowbro\n|-supereffective|p1a: Slowbro\n|-damage|p1a: Slowbro|87/100\n|\n|upkeep\n|turn|36\n|\n|t:|1782330952\n|move|p1a: Slowbro|Psychic|p2a: Tauros\n|-damage|p2a: Tauros|0 fnt\n|faint|p2a: Tauros\n|c|☆TG2513|GG. 2-2\n|-message|TG2513 forfeited.\n|\n|win|Soda Krys\n|c|☆Soda Krys|what was lastmon\n|player|p2|\n","uploadtime":1782330960,"views":"69","formatid":"gen1ou","rating":null,"private":0,"password":null}