{"id":"smogtours-gen1ou-962898","format":"[Gen 1] OU","players":["BeeOrSomething","Girls See Ghosts"],"log":"|inactive|Battle timer is ON: inactive players will automatically lose when time's up.\n|t:|1786325798\n|gametype|singles\n|player|p1|BeeOrSomething|#beeorsomething|\n|player|p2|Girls See Ghosts|#adpl9|\n|gen|1\n|tier|[Gen 1] OU\n|rule|Desync Clause Mod: Desyncs resolve to link battle behavior from the acting player's perspective.\n|rule|HP Percentage Mod: HP is shown in percentages\n|rule|Endless Battle Clause: Forcing endless battles is banned\n|rule|Sleep Clause Mod: Limit one foe put to sleep\n|rule|Freeze Clause Mod: Limit one foe frozen\n|rule|Species Clause: Limit one of each Pokémon\n|rule|OHKO Clause: OHKO moves are banned\n|rule|Evasion Moves Clause: Evasion moves are banned\n|\n|t:|1786325798\n|teamsize|p1|6\n|teamsize|p2|6\n|start\n|switch|p1a: Patrick|Starmie|100/100\n|switch|p2a: Alakazam|Alakazam|100/100\n|turn|1\n|c|☆BeeOrSomething|glhf\n|c|☆Girls See Ghosts|u2\n|\n|t:|1786325817\n|switch|p1a: Eggy|Exeggutor|100/100\n|move|p2a: Alakazam|Seismic Toss|p1a: Eggy\n|-damage|p1a: Eggy|75/100\n|\n|upkeep\n|turn|2\n|\n|t:|1786325830\n|move|p2a: Alakazam|Thunder Wave|p1a: Eggy\n|-status|p1a: Eggy|par\n|move|p1a: Eggy|Sleep Powder|p2a: Alakazam|[miss]\n|-miss|p1a: Eggy\n|\n|upkeep\n|turn|3\n|\n|t:|1786325835\n|move|p2a: Alakazam|Seismic Toss|p1a: Eggy\n|-damage|p1a: Eggy|50/100 par\n|move|p1a: Eggy|Sleep Powder|p2a: Alakazam|[miss]\n|-miss|p1a: Eggy\n|\n|upkeep\n|turn|4\n|\n|t:|1786325839\n|move|p2a: Alakazam|Seismic Toss|p1a: Eggy\n|-damage|p1a: Eggy|24/100 par\n|cant|p1a: Eggy|par\n|\n|upkeep\n|turn|5\n|c|☆BeeOrSomething|stupid useless pokemon\n|\n|t:|1786325848\n|switch|p1a: Blob|Chansey|100/100\n|move|p2a: Alakazam|Seismic Toss|p1a: Blob\n|-damage|p1a: Blob|86/100\n|\n|upkeep\n|turn|6\n|\n|t:|1786325859\n|move|p2a: Alakazam|Psychic|p1a: Blob\n|-damage|p1a: Blob|67/100\n|move|p1a: Blob|Sing|p2a: Alakazam\n|-status|p2a: Alakazam|slp|[from] move: Sing\n|\n|upkeep\n|turn|7\n|\n|t:|1786325873\n|switch|p1a: Eggy|Exeggutor|24/100 par\n|cant|p2a: Alakazam|slp\n|\n|upkeep\n|turn|8\n|\n|t:|1786325877\n|cant|p2a: Alakazam|slp\n|move|p1a: Eggy|Explosion|p2a: Alakazam\n|-damage|p2a: Alakazam|0 fnt\n|faint|p2a: Alakazam\n|faint|p1a: Eggy\n|\n|t:|1786325884\n|switch|p2a: Exeggutor|Exeggutor|100/100\n|switch|p1a: Dr. Tenma|Lapras|100/100\n|turn|9\n|\n|t:|1786325902\n|move|p1a: Dr. Tenma|Sing|p2a: Exeggutor\n|-status|p2a: Exeggutor|slp|[from] move: Sing\n|cant|p2a: Exeggutor|slp\n|\n|upkeep\n|turn|10\n|\n|t:|1786325912\n|switch|p2a: Lapras|Lapras|100/100\n|move|p1a: Dr. Tenma|Blizzard|p2a: Lapras\n|-resisted|p2a: Lapras\n|-damage|p2a: Lapras|93/100\n|\n|upkeep\n|turn|11\n|c|☆BeeOrSomething|:spit:\n|c|☆Girls See Ghosts|rule #2 of GSG teambuilding: just steal from the bee teamdump,\n|inactive|Girls See Ghosts has 270 seconds left.\n|\n|t:|1786325944\n|switch|p2a: Chansey|Chansey|100/100\n|move|p1a: Dr. Tenma|Thunderbolt|p2a: Chansey\n|-damage|p2a: Chansey|90/100\n|\n|upkeep\n|turn|12\n|inactive|BeeOrSomething has 270 seconds left.\n|\n|t:|1786325977\n|switch|p1a: Blob|Chansey|67/100\n|move|p2a: Chansey|Ice Beam|p1a: Blob\n|-damage|p1a: Blob|56/100\n|\n|upkeep\n|turn|13\n|\n|t:|1786325983\n|move|p1a: Blob|Thunder Wave|p2a: Chansey\n|-status|p2a: Chansey|par\n|move|p2a: Chansey|Ice Beam|p1a: Blob\n|-damage|p1a: Blob|46/100\n|\n|upkeep\n|turn|14\n|\n|t:|1786325991\n|switch|p2a: Lapras|Lapras|93/100\n|move|p1a: Blob|Soft-Boiled|p1a: Blob\n|-heal|p1a: Blob|96/100\n|\n|upkeep\n|turn|15\n|\n|t:|1786326000\n|move|p2a: Lapras|Sing|p1a: Blob\n|-status|p1a: Blob|slp|[from] move: Sing\n|cant|p1a: Blob|slp\n|\n|upkeep\n|turn|16\n|c|☆BeeOrSomething|accurate ahhh laprases\n|\n|t:|1786326008\n|move|p2a: Lapras|Thunderbolt|p1a: Blob\n|-damage|p1a: Blob|86/100 slp\n|cant|p1a: Blob|slp\n|\n|upkeep\n|turn|17\n|\n|t:|1786326015\n|switch|p2a: Tauros|Tauros|100/100\n|cant|p1a: Blob|slp\n|\n|upkeep\n|turn|18\n|\n|t:|1786326020\n|switch|p1a: Dr. Tenma|Lapras|100/100\n|move|p2a: Tauros|Body Slam|p1a: Dr. Tenma\n|-damage|p1a: Dr. Tenma|76/100\n|-status|p1a: Dr. Tenma|par\n|\n|upkeep\n|turn|19\n|\n|t:|1786326028\n|switch|p2a: Chansey|Chansey|90/100 par\n|move|p1a: Dr. Tenma|Blizzard|p2a: Chansey\n|-damage|p2a: Chansey|73/100 par\n|\n|upkeep\n|turn|20\n|\n|t:|1786326034\n|cant|p1a: Dr. Tenma|par\n|move|p2a: Chansey|Soft-Boiled|p2a: Chansey\n|-heal|p2a: Chansey|100/100 par\n|\n|upkeep\n|turn|21\n|\n|t:|1786326037\n|switch|p1a: Blob|Chansey|86/100 slp\n|move|p2a: Chansey|Thunderbolt|p1a: Blob\n|-damage|p1a: Blob|75/100 slp\n|\n|upkeep\n|turn|22\n|\n|t:|1786326041\n|switch|p1a: Me On Weekends|Snorlax|100/100\n|switch|p2a: Tauros|Tauros|100/100\n|\n|upkeep\n|turn|23\n|\n|t:|1786326044\n|switch|p2a: Snorlax|Snorlax|100/100\n|move|p1a: Me On Weekends|Body Slam|p2a: Snorlax\n|-damage|p2a: Snorlax|73/100\n|\n|upkeep\n|turn|24\n|\n|t:|1786326049\n|move|p1a: Me On Weekends|Body Slam|p2a: Snorlax\n|-crit|p2a: Snorlax\n|-damage|p2a: Snorlax|23/100\n|move|p2a: Snorlax|Reflect|p2a: Snorlax\n|-start|p2a: Snorlax|Reflect\n|\n|upkeep\n|turn|25\n|\n|t:|1786326055\n|switch|p1a: Patrick|Starmie|100/100\n|move|p2a: Snorlax|Rest|p2a: Snorlax\n|-status|p2a: Snorlax|slp|[from] move: Rest\n|-heal|p2a: Snorlax|100/100 slp|[silent]\n|\n|upkeep\n|turn|26\n|\n|t:|1786326061\n|switch|p2a: Chansey|Chansey|100/100 par\n|move|p1a: Patrick|Surf|p2a: Chansey\n|-damage|p2a: Chansey|86/100 par\n|\n|upkeep\n|turn|27\n|\n|t:|1786326065\n|switch|p1a: Blob|Chansey|75/100 slp\n|move|p2a: Chansey|Thunder Wave|p1a: Blob\n|-fail|p1a: Blob\n|\n|upkeep\n|turn|28\n|\n|t:|1786326069\n|switch|p2a: Tauros|Tauros|100/100\n|-curestatus|p1a: Blob|slp|[msg]\n|\n|upkeep\n|turn|29\n|\n|t:|1786326076\n|switch|p2a: Snorlax|Snorlax|100/100 slp\n|switch|p1a: Me On Weekends|Snorlax|100/100\n|\n|upkeep\n|turn|30\n|\n|t:|1786326080\n|cant|p2a: Snorlax|slp\n|move|p1a: Me On Weekends|Body Slam|p2a: Snorlax\n|-damage|p2a: Snorlax|74/100 slp\n|\n|upkeep\n|turn|31\n|\n|t:|1786326085\n|move|p1a: Me On Weekends|Body Slam|p2a: Snorlax\n|-damage|p2a: Snorlax|47/100 slp\n|-curestatus|p2a: Snorlax|slp|[msg]\n|\n|upkeep\n|turn|32\n|\n|t:|1786326114\n|switch|p1a: Patrick|Starmie|100/100\n|move|p2a: Snorlax|Body Slam|p1a: Patrick\n|-damage|p1a: Patrick|67/100\n|\n|upkeep\n|turn|33\n|\n|t:|1786326127\n|switch|p1a: Me On Weekends|Snorlax|100/100\n|switch|p2a: Chansey|Chansey|86/100 par\n|\n|upkeep\n|turn|34\n|\n|t:|1786326131\n|move|p1a: Me On Weekends|Body Slam|p2a: Chansey\n|-damage|p2a: Chansey|41/100 par\n|move|p2a: Chansey|Thunder Wave|p1a: Me On Weekends\n|-status|p1a: Me On Weekends|par\n|\n|upkeep\n|turn|35\n|\n|t:|1786326138\n|switch|p2a: Snorlax|Snorlax|47/100\n|move|p1a: Me On Weekends|Body Slam|p2a: Snorlax\n|-damage|p2a: Snorlax|20/100\n|\n|upkeep\n|turn|36\n|\n|t:|1786326144\n|switch|p1a: Raging Bull|Tauros|100/100\n|move|p2a: Snorlax|Rest|p2a: Snorlax\n|-status|p2a: Snorlax|slp|[from] move: Rest\n|-heal|p2a: Snorlax|100/100 slp|[silent]\n|\n|upkeep\n|turn|37\n|\n|t:|1786326150\n|switch|p2a: Exeggutor|Exeggutor|100/100 slp\n|move|p1a: Raging Bull|Body Slam|p2a: Exeggutor\n|-damage|p2a: Exeggutor|70/100 slp\n|\n|upkeep\n|turn|38\n|\n|t:|1786326154\n|move|p1a: Raging Bull|Body Slam|p2a: Exeggutor\n|-damage|p2a: Exeggutor|41/100 slp\n|-curestatus|p2a: Exeggutor|slp|[msg]\n|\n|upkeep\n|turn|39\n|\n|t:|1786326166\n|switch|p1a: Dr. Tenma|Lapras|76/100 par\n|move|p2a: Exeggutor|Explosion|p1a: Dr. Tenma\n|-damage|p1a: Dr. Tenma|9/100 par\n|faint|p2a: Exeggutor\n|\n|t:|1786326173\n|switch|p2a: Tauros|Tauros|100/100\n|turn|40\n|\n|t:|1786326179\n|move|p2a: Tauros|Body Slam|p1a: Dr. Tenma\n|-damage|p1a: Dr. Tenma|0 fnt\n|faint|p1a: Dr. Tenma\n|\n|t:|1786326182\n|switch|p1a: Patrick|Starmie|67/100\n|turn|41\n|\n|t:|1786326211\n|switch|p2a: Chansey|Chansey|41/100 par\n|move|p1a: Patrick|Surf|p2a: Chansey\n|-damage|p2a: Chansey|26/100 par\n|\n|upkeep\n|turn|42\n|\n|t:|1786326218\n|move|p1a: Patrick|Surf|p2a: Chansey\n|-damage|p2a: Chansey|12/100 par\n|move|p2a: Chansey|Soft-Boiled|p2a: Chansey\n|-heal|p2a: Chansey|62/100 par\n|\n|upkeep\n|turn|43\n|\n|t:|1786326224\n|switch|p1a: Me On Weekends|Snorlax|100/100 par\n|move|p2a: Chansey|Soft-Boiled|p2a: Chansey\n|-heal|p2a: Chansey|100/100 par\n|\n|upkeep\n|turn|44\n|\n|t:|1786326230\n|switch|p2a: Snorlax|Snorlax|100/100 slp\n|cant|p1a: Me On Weekends|par\n|\n|upkeep\n|turn|45\n|\n|t:|1786326234\n|cant|p2a: Snorlax|slp\n|move|p1a: Me On Weekends|Body Slam|p2a: Snorlax\n|-damage|p2a: Snorlax|75/100 slp\n|\n|upkeep\n|turn|46\n|\n|t:|1786326239\n|-curestatus|p2a: Snorlax|slp|[msg]\n|move|p1a: Me On Weekends|Body Slam|p2a: Snorlax\n|-damage|p2a: Snorlax|50/100\n|\n|upkeep\n|turn|47\n|\n|t:|1786326243\n|move|p2a: Snorlax|Body Slam|p1a: Me On Weekends\n|-damage|p1a: Me On Weekends|75/100 par\n|cant|p1a: Me On Weekends|par\n|\n|upkeep\n|turn|48\n|\n|t:|1786326253\n|move|p2a: Snorlax|Reflect|p2a: Snorlax\n|-start|p2a: Snorlax|Reflect\n|cant|p1a: Me On Weekends|par\n|\n|upkeep\n|turn|49\n|\n|t:|1786326257\n|move|p2a: Snorlax|Body Slam|p1a: Me On Weekends\n|-damage|p1a: Me On Weekends|47/100 par\n|move|p1a: Me On Weekends|Reflect|p1a: Me On Weekends\n|-start|p1a: Me On Weekends|Reflect\n|\n|upkeep\n|turn|50\n|\n|t:|1786326265\n|move|p2a: Snorlax|Rest|p2a: Snorlax\n|-status|p2a: Snorlax|slp|[from] move: Rest\n|-heal|p2a: Snorlax|100/100 slp|[silent]\n|move|p1a: Me On Weekends|Body Slam|p2a: Snorlax\n|-damage|p2a: Snorlax|87/100 slp\n|\n|upkeep\n|turn|51\n|\n|t:|1786326268\n|cant|p2a: Snorlax|slp\n|move|p1a: Me On Weekends|Rest|p1a: Me On Weekends\n|-status|p1a: Me On Weekends|slp|[from] move: Rest\n|-heal|p1a: Me On Weekends|100/100 slp|[silent]\n|\n|upkeep\n|turn|52\n|\n|t:|1786326270\n|-curestatus|p2a: Snorlax|slp|[msg]\n|cant|p1a: Me On Weekends|slp\n|\n|upkeep\n|turn|53\n|\n|t:|1786326273\n|move|p2a: Snorlax|Body Slam|p1a: Me On Weekends\n|-damage|p1a: Me On Weekends|87/100 slp\n|-curestatus|p1a: Me On Weekends|slp|[msg]\n|\n|upkeep\n|turn|54\n|\n|t:|1786326276\n|move|p2a: Snorlax|Ice Beam|p1a: Me On Weekends\n|-damage|p1a: Me On Weekends|72/100\n|move|p1a: Me On Weekends|Body Slam|p2a: Snorlax\n|-damage|p2a: Snorlax|73/100\n|\n|upkeep\n|turn|55\n|\n|t:|1786326281\n|switch|p1a: Blob|Chansey|75/100\n|move|p2a: Snorlax|Ice Beam|p1a: Blob\n|-damage|p1a: Blob|67/100\n|\n|upkeep\n|turn|56\n|\n|t:|1786326287\n|switch|p2a: Chansey|Chansey|100/100 par\n|move|p1a: Blob|Soft-Boiled|p1a: Blob\n|-heal|p1a: Blob|100/100\n|\n|upkeep\n|turn|57\n|\n|t:|1786326299\n|switch|p2a: Lapras|Lapras|93/100\n|move|p1a: Blob|Seismic Toss|p2a: Lapras\n|-damage|p2a: Lapras|72/100\n|\n|upkeep\n|turn|58\n|\n|t:|1786326306\n|move|p2a: Lapras|Sing|p1a: Blob|[miss]\n|-miss|p2a: Lapras\n|move|p1a: Blob|Thunder Wave|p2a: Lapras\n|-status|p2a: Lapras|par\n|\n|upkeep\n|turn|59\n|\n|t:|1786326310\n|move|p1a: Blob|Seismic Toss|p2a: Lapras\n|-damage|p2a: Lapras|50/100 par\n|cant|p2a: Lapras|par\n|\n|upkeep\n|turn|60\n|\n|t:|1786326314\n|move|p1a: Blob|Seismic Toss|p2a: Lapras\n|-damage|p2a: Lapras|28/100 par\n|move|p2a: Lapras|Sing|p1a: Blob|[miss]\n|-miss|p2a: Lapras\n|\n|upkeep\n|turn|61\n|\n|t:|1786326324\n|move|p1a: Blob|Seismic Toss|p2a: Lapras\n|-damage|p2a: Lapras|7/100 par\n|move|p2a: Lapras|Sing|p1a: Blob|[miss]\n|-miss|p2a: Lapras\n|\n|upkeep\n|turn|62\n|\n|t:|1786326328\n|switch|p2a: Chansey|Chansey|100/100 par\n|move|p1a: Blob|Seismic Toss|p2a: Chansey\n|-damage|p2a: Chansey|86/100 par\n|\n|upkeep\n|turn|63\n|c|☆Girls See Ghosts|stupid fat dinosaur\n|c|☆BeeOrSomething|real\n|\n|t:|1786326337\n|move|p1a: Blob|Seismic Toss|p2a: Chansey\n|-damage|p2a: Chansey|72/100 par\n|cant|p2a: Chansey|par\n|\n|upkeep\n|turn|64\n|\n|t:|1786326341\n|move|p1a: Blob|Seismic Toss|p2a: Chansey\n|-damage|p2a: Chansey|58/100 par\n|move|p2a: Chansey|Ice Beam|p1a: Blob\n|-damage|p1a: Blob|90/100\n|\n|upkeep\n|turn|65\n|\n|t:|1786326345\n|switch|p1a: Me On Weekends|Snorlax|72/100\n|move|p2a: Chansey|Soft-Boiled|p2a: Chansey\n|-heal|p2a: Chansey|100/100 par\n|\n|upkeep\n|turn|66\n|\n|t:|1786326352\n|move|p1a: Me On Weekends|Self-Destruct|p2a: Chansey\n|-damage|p2a: Chansey|0 fnt\n|faint|p2a: Chansey\n|faint|p1a: Me On Weekends\n|\n|t:|1786326359\n|switch|p1a: Blob|Chansey|90/100\n|switch|p2a: Snorlax|Snorlax|73/100\n|turn|67\n|\n|t:|1786326365\n|move|p1a: Blob|Sing|p2a: Snorlax|[miss]\n|-miss|p1a: Blob\n|move|p2a: Snorlax|Body Slam|p1a: Blob\n|-crit|p1a: Blob\n|-damage|p1a: Blob|13/100\n|\n|upkeep\n|turn|68\n|\n|t:|1786326372\n|move|p1a: Blob|Soft-Boiled|p1a: Blob\n|-heal|p1a: Blob|63/100\n|move|p2a: Snorlax|Body Slam|p1a: Blob\n|-damage|p1a: Blob|21/100\n|\n|upkeep\n|turn|69\n|\n|t:|1786326375\n|move|p1a: Blob|Soft-Boiled|p1a: Blob\n|-heal|p1a: Blob|71/100\n|move|p2a: Snorlax|Body Slam|p1a: Blob\n|-crit|p1a: Blob\n|-damage|p1a: Blob|0 fnt\n|faint|p1a: Blob\n|c|☆BeeOrSomething|stupid pink blob\n|c|☆Girls See Ghosts|god im so talented\n|\n|t:|1786326385\n|switch|p1a: Patrick|Starmie|67/100\n|turn|70\n|c|☆BeeOrSomething|why do I use this stupid idiot\n|\n|t:|1786326412\n|switch|p2a: Lapras|Lapras|7/100 par\n|move|p1a: Patrick|Thunder Wave|p2a: Lapras\n|-fail|p2a: Lapras|par\n|\n|upkeep\n|turn|71\n|\n|t:|1786326417\n|move|p1a: Patrick|Surf|p2a: Lapras\n|-resisted|p2a: Lapras\n|-damage|p2a: Lapras|0 fnt\n|faint|p2a: Lapras\n|\n|t:|1786326420\n|switch|p2a: Tauros|Tauros|100/100\n|turn|72\n|\n|t:|1786326423\n|move|p1a: Patrick|Thunder Wave|p2a: Tauros\n|-status|p2a: Tauros|par\n|cant|p2a: Tauros|par\n|\n|upkeep\n|turn|73\n|\n|t:|1786326427\n|move|p1a: Patrick|Recover|p1a: Patrick\n|-heal|p1a: Patrick|100/100\n|move|p2a: Tauros|Body Slam|p1a: Patrick\n|-crit|p1a: Patrick\n|-damage|p1a: Patrick|32/100\n|-status|p1a: Patrick|par\n|\n|upkeep\n|turn|74\n|\n|t:|1786326434\n|move|p1a: Patrick|Recover|p1a: Patrick\n|-heal|p1a: Patrick|82/100 par\n|cant|p2a: Tauros|par\n|\n|upkeep\n|turn|75\n|\n|t:|1786326438\n|move|p1a: Patrick|Surf|p2a: Tauros\n|-crit|p2a: Tauros\n|-damage|p2a: Tauros|19/100 par\n|cant|p2a: Tauros|par\n|\n|upkeep\n|turn|76\n|\n|t:|1786326442\n|move|p1a: Patrick|Surf|p2a: Tauros\n|-damage|p2a: Tauros|0 fnt\n|faint|p2a: Tauros\n|\n|t:|1786326444\n|switch|p2a: Snorlax|Snorlax|73/100\n|turn|77\n|\n|t:|1786326446\n|move|p2a: Snorlax|Body Slam|p1a: Patrick\n|-damage|p1a: Patrick|46/100 par\n|move|p1a: Patrick|Thunder Wave|p2a: Snorlax\n|-status|p2a: Snorlax|par\n|\n|upkeep\n|turn|78\n|\n|t:|1786326451\n|move|p1a: Patrick|Surf|p2a: Snorlax\n|-damage|p2a: Snorlax|47/100 par\n|move|p2a: Snorlax|Body Slam|p1a: Patrick\n|-damage|p1a: Patrick|12/100 par\n|\n|upkeep\n|turn|79\n|\n|t:|1786326454\n|move|p1a: Patrick|Surf|p2a: Snorlax\n|-damage|p2a: Snorlax|19/100 par\n|move|p2a: Snorlax|Reflect|p2a: Snorlax\n|-start|p2a: Snorlax|Reflect\n|\n|upkeep\n|turn|80\n|\n|t:|1786326459\n|move|p1a: Patrick|Surf|p2a: Snorlax\n|-damage|p2a: Snorlax|0 fnt\n|faint|p2a: Snorlax\n|\n|win|BeeOrSomething\n|c|☆Girls See Ghosts|gg\n|c|☆BeeOrSomething|ggs\n|player|p1|\n|player|p2|\n","uploadtime":1786326459,"views":"121","formatid":"gen1ou","rating":null,"private":0,"password":null}