{"id":"smogtours-gen1ou-961630","format":"[Gen 1] OU","players":["Ct0wn","Girls See Ghosts"],"log":"|inactive|Battle timer is ON: inactive players will automatically lose when time's up.\n|t:|1785808212\n|gametype|singles\n|player|p1|Ct0wn|battlegirl-gen4|\n|player|p2|Girls See Ghosts|#adpl9|\n|gen|1\n|tier|[Gen 1] OU\n|rule|Desync Clause Mod: Desyncs resolve to link battle behavior from the acting player's perspective.\n|rule|HP Percentage Mod: HP is shown in percentages\n|rule|Endless Battle Clause: Forcing endless battles is banned\n|rule|Sleep Clause Mod: Limit one foe put to sleep\n|rule|Freeze Clause Mod: Limit one foe frozen\n|rule|Species Clause: Limit one of each Pokémon\n|rule|OHKO Clause: OHKO moves are banned\n|rule|Evasion Moves Clause: Evasion moves are banned\n|\n|t:|1785808212\n|teamsize|p1|6\n|teamsize|p2|6\n|start\n|switch|p1a: Gengar|Gengar|100/100\n|switch|p2a: Alakazam|Alakazam|100/100\n|turn|1\n|c|☆Girls See Ghosts|glhf\n|c|☆Ct0wn|U2\n|inactive|Girls See Ghosts disconnected and has 300 seconds to reconnect!\n|player|p2|\n|inactive|Girls See Ghosts reconnected and has 290 seconds left.\n|player|p2|Girls See Ghosts|#adpl9|\n|inactive|Ct0wn has 270 seconds left.\n|\n|t:|1785808246\n|switch|p1a: Exeggutor|Exeggutor|100/100\n|move|p2a: Alakazam|Seismic Toss|p1a: Exeggutor\n|-damage|p1a: Exeggutor|75/100\n|\n|upkeep\n|turn|2\n|\n|t:|1785808259\n|move|p2a: Alakazam|Seismic Toss|p1a: Exeggutor\n|-damage|p1a: Exeggutor|50/100\n|move|p1a: Exeggutor|Sleep Powder|p2a: Alakazam\n|-status|p2a: Alakazam|slp|[from] move: Sleep Powder\n|\n|upkeep\n|turn|3\n|\n|t:|1785808269\n|switch|p1a: Gengar|Gengar|100/100\n|cant|p2a: Alakazam|slp\n|\n|upkeep\n|turn|4\n|\n|t:|1785808273\n|cant|p2a: Alakazam|slp\n|move|p1a: Gengar|Night Shade|p2a: Alakazam\n|-damage|p2a: Alakazam|69/100 slp\n|\n|upkeep\n|turn|5\n|\n|t:|1785808277\n|-curestatus|p2a: Alakazam|slp|[msg]\n|move|p1a: Gengar|Night Shade|p2a: Alakazam\n|-damage|p2a: Alakazam|37/100\n|\n|upkeep\n|turn|6\n|\n|t:|1785808282\n|switch|p1a: Chansey|Chansey|100/100\n|move|p2a: Alakazam|Psychic|p1a: Chansey\n|-crit|p1a: Chansey\n|-damage|p1a: Chansey|64/100\n|\n|upkeep\n|turn|7\n|\n|t:|1785808284\n|move|p2a: Alakazam|Recover|p2a: Alakazam\n|-heal|p2a: Alakazam|86/100\n|move|p1a: Chansey|Sing|p2a: Alakazam|[miss]\n|-miss|p1a: Chansey\n|\n|upkeep\n|turn|8\n|\n|t:|1785808289\n|move|p2a: Alakazam|Psychic|p1a: Chansey\n|-damage|p1a: Chansey|44/100\n|move|p1a: Chansey|Sing|p2a: Alakazam\n|-status|p2a: Alakazam|slp|[from] move: Sing\n|\n|upkeep\n|turn|9\n|\n|t:|1785808295\n|switch|p2a: Exeggutor|Exeggutor|100/100\n|move|p1a: Chansey|Thunder Wave|p2a: Exeggutor\n|-status|p2a: Exeggutor|par\n|\n|upkeep\n|turn|10\n|\n|t:|1785808301\n|switch|p1a: Gengar|Gengar|100/100\n|move|p2a: Exeggutor|Sleep Powder|p1a: Gengar\n|-status|p1a: Gengar|slp|[from] move: Sleep Powder\n|\n|upkeep\n|turn|11\n|\n|t:|1785808314\n|switch|p1a: Chansey|Chansey|44/100\n|switch|p2a: Tauros|Tauros|100/100\n|\n|upkeep\n|turn|12\n|c|+Endill|ct0wn goat...\n|inactive|Girls See Ghosts has 270 seconds left.\n|inactive|Girls See Ghosts has 240 seconds left.\n|\n|t:|1785808383\n|switch|p1a: Snorlax|Snorlax|100/100\n|move|p2a: Tauros|Hyper Beam|p1a: Snorlax\n|-damage|p1a: Snorlax|55/100\n|-mustrecharge|p2a: Tauros\n|\n|upkeep\n|turn|13\n|\n|t:|1785808391\n|cant|p2a: Tauros|recharge\n|move|p1a: Snorlax|Body Slam|p2a: Tauros\n|-damage|p2a: Tauros|70/100\n|\n|upkeep\n|turn|14\n|\n|t:|1785808400\n|move|p2a: Tauros|Body Slam|p1a: Snorlax\n|-damage|p1a: Snorlax|30/100\n|move|p1a: Snorlax|Reflect|p1a: Snorlax\n|-start|p1a: Snorlax|Reflect\n|\n|upkeep\n|turn|15\n|\n|t:|1785808411\n|switch|p2a: Zapdos|Zapdos|100/100\n|move|p1a: Snorlax|Rest|p1a: Snorlax\n|-status|p1a: Snorlax|slp|[from] move: Rest\n|-heal|p1a: Snorlax|100/100 slp|[silent]\n|\n|upkeep\n|turn|16\n|\n|t:|1785808418\n|move|p2a: Zapdos|Thunderbolt|p1a: Snorlax\n|-crit|p1a: Snorlax\n|-damage|p1a: Snorlax|35/100 slp\n|cant|p1a: Snorlax|slp\n|\n|upkeep\n|turn|17\n|\n|t:|1785808421\n|switch|p1a: Gengar|Gengar|100/100 slp\n|move|p2a: Zapdos|Thunderbolt|p1a: Gengar\n|-damage|p1a: Gengar|64/100 slp\n|\n|upkeep\n|turn|18\n|\n|t:|1785808425\n|cant|p1a: Gengar|slp\n|move|p2a: Zapdos|Drill Peck|p1a: Gengar\n|-damage|p1a: Gengar|27/100 slp\n|\n|upkeep\n|turn|19\n|\n|t:|1785808432\n|cant|p1a: Gengar|slp\n|move|p2a: Zapdos|Thunderbolt|p1a: Gengar\n|-crit|p1a: Gengar\n|-damage|p1a: Gengar|0 fnt\n|faint|p1a: Gengar\n|\n|t:|1785808434\n|switch|p1a: Zapdos|Zapdos|100/100\n|turn|20\n|\n|t:|1785808439\n|move|p2a: Zapdos|Thunder Wave|p1a: Zapdos\n|-status|p1a: Zapdos|par\n|move|p1a: Zapdos|Thunderbolt|p2a: Zapdos\n|-damage|p2a: Zapdos|71/100\n|\n|upkeep\n|turn|21\n|\n|t:|1785808443\n|move|p2a: Zapdos|Thunderbolt|p1a: Zapdos\n|-damage|p1a: Zapdos|71/100 par\n|move|p1a: Zapdos|Thunderbolt|p2a: Zapdos\n|-damage|p2a: Zapdos|43/100\n|\n|upkeep\n|turn|22\n|\n|t:|1785808450\n|move|p2a: Zapdos|Thunderbolt|p1a: Zapdos\n|-damage|p1a: Zapdos|40/100 par\n|cant|p1a: Zapdos|par\n|\n|upkeep\n|turn|23\n|\n|t:|1785808453\n|move|p2a: Zapdos|Thunderbolt|p1a: Zapdos\n|-damage|p1a: Zapdos|9/100 par\n|move|p1a: Zapdos|Thunderbolt|p2a: Zapdos\n|-damage|p2a: Zapdos|16/100\n|\n|upkeep\n|turn|24\n|\n|t:|1785808461\n|move|p2a: Zapdos|Thunderbolt|p1a: Zapdos\n|-crit|p1a: Zapdos\n|-damage|p1a: Zapdos|0 fnt\n|faint|p1a: Zapdos\n|\n|t:|1785808462\n|switch|p1a: Tauros|Tauros|100/100\n|turn|25\n|\n|t:|1785808472\n|switch|p2a: Alakazam|Alakazam|86/100 slp\n|move|p1a: Tauros|Body Slam|p2a: Alakazam\n|-damage|p2a: Alakazam|35/100 slp\n|\n|upkeep\n|turn|26\n|\n|t:|1785808485\n|switch|p2a: Snorlax|Snorlax|100/100\n|move|p1a: Tauros|Blizzard|p2a: Snorlax\n|-damage|p2a: Snorlax|82/100\n|-status|p2a: Snorlax|frz\n|\n|upkeep\n|turn|27\n|c|☆Girls See Ghosts|my bad\n|\n|t:|1785808506\n|switch|p2a: Starmie|Starmie|100/100\n|move|p1a: Tauros|Body Slam|p2a: Starmie\n|-damage|p2a: Starmie|69/100\n|\n|upkeep\n|turn|28\n|\n|t:|1785808519\n|switch|p1a: Chansey|Chansey|44/100\n|move|p2a: Starmie|Thunder Wave|p1a: Chansey\n|-status|p1a: Chansey|par\n|\n|upkeep\n|turn|29\n|\n|t:|1785808523\n|switch|p2a: Zapdos|Zapdos|16/100\n|move|p1a: Chansey|Soft-Boiled|p1a: Chansey\n|-heal|p1a: Chansey|94/100 par\n|\n|upkeep\n|turn|30\n|\n|t:|1785808531\n|move|p2a: Zapdos|Drill Peck|p1a: Chansey\n|-damage|p1a: Chansey|58/100 par\n|move|p1a: Chansey|Seismic Toss|p2a: Zapdos\n|-damage|p2a: Zapdos|0 fnt\n|faint|p2a: Zapdos\n|\n|t:|1785808536\n|switch|p2a: Tauros|Tauros|70/100\n|turn|31\n|\n|t:|1785808539\n|switch|p1a: Snorlax|Snorlax|35/100 slp\n|move|p2a: Tauros|Body Slam|p1a: Snorlax\n|-damage|p1a: Snorlax|10/100 slp\n|\n|upkeep\n|turn|32\n|\n|t:|1785808543\n|move|p2a: Tauros|Body Slam|p1a: Snorlax\n|-damage|p1a: Snorlax|0 fnt\n|faint|p1a: Snorlax\n|\n|t:|1785808545\n|switch|p1a: Tauros|Tauros|100/100\n|turn|33\n|\n|t:|1785808552\n|switch|p2a: Snorlax|Snorlax|82/100 frz\n|move|p1a: Tauros|Body Slam|p2a: Snorlax\n|-damage|p2a: Snorlax|56/100 frz\n|\n|upkeep\n|turn|34\n|\n|t:|1785808557\n|move|p1a: Tauros|Body Slam|p2a: Snorlax\n|-crit|p2a: Snorlax\n|-damage|p2a: Snorlax|10/100 frz\n|cant|p2a: Snorlax|frz\n|\n|upkeep\n|turn|35\n|\n|t:|1785808561\n|switch|p1a: Chansey|Chansey|58/100 par\n|cant|p2a: Snorlax|frz\n|\n|upkeep\n|turn|36\n|\n|t:|1785808575\n|switch|p2a: Tauros|Tauros|70/100\n|move|p1a: Chansey|Thunder Wave|p2a: Tauros\n|-status|p2a: Tauros|par\n|\n|upkeep\n|turn|37\n|\n|t:|1785808583\n|switch|p1a: Exeggutor|Exeggutor|50/100\n|move|p2a: Tauros|Body Slam|p1a: Exeggutor\n|-damage|p1a: Exeggutor|23/100\n|-status|p1a: Exeggutor|par\n|\n|upkeep\n|turn|38\n|\n|t:|1785808593\n|move|p2a: Tauros|Body Slam|p1a: Exeggutor\n|-damage|p1a: Exeggutor|0 fnt\n|faint|p1a: Exeggutor\n|\n|t:|1785808595\n|switch|p1a: Tauros|Tauros|100/100\n|turn|39\n|\n|t:|1785808605\n|switch|p2a: Snorlax|Snorlax|10/100 frz\n|move|p1a: Tauros|Body Slam|p2a: Snorlax\n|-damage|p2a: Snorlax|0 fnt\n|faint|p2a: Snorlax\n|\n|t:|1785808616\n|switch|p2a: Starmie|Starmie|69/100\n|turn|40\n|\n|t:|1785808632\n|move|p2a: Starmie|Thunder Wave|p1a: Tauros\n|-status|p1a: Tauros|par\n|cant|p1a: Tauros|par\n|\n|upkeep\n|turn|41\n|\n|t:|1785808638\n|switch|p1a: Chansey|Chansey|58/100 par\n|move|p2a: Starmie|Thunderbolt|p1a: Chansey\n|-damage|p1a: Chansey|48/100 par\n|\n|upkeep\n|turn|42\n|inactive|Girls See Ghosts has 270 seconds left.\n|\n|t:|1785808676\n|switch|p2a: Exeggutor|Exeggutor|100/100 par\n|move|p1a: Chansey|Seismic Toss|p2a: Exeggutor\n|-damage|p2a: Exeggutor|75/100 par\n|\n|upkeep\n|turn|43\n|\n|t:|1785808686\n|cant|p2a: Exeggutor|par\n|cant|p1a: Chansey|par\n|\n|upkeep\n|turn|44\n|\n|t:|1785808690\n|move|p2a: Exeggutor|Psychic|p1a: Chansey\n|-damage|p1a: Chansey|31/100 par\n|-unboost|p1a: Chansey|spa|1\n|-unboost|p1a: Chansey|spd|1\n|move|p1a: Chansey|Seismic Toss|p2a: Exeggutor\n|-damage|p2a: Exeggutor|50/100 par\n|\n|upkeep\n|turn|45\n|\n|t:|1785808695\n|move|p2a: Exeggutor|Psychic|p1a: Chansey\n|-damage|p1a: Chansey|3/100 par\n|move|p1a: Chansey|Seismic Toss|p2a: Exeggutor\n|-damage|p2a: Exeggutor|24/100 par\n|\n|upkeep\n|turn|46\n|\n|t:|1785808707\n|move|p2a: Exeggutor|Rest|p2a: Exeggutor\n|-status|p2a: Exeggutor|slp|[from] move: Rest\n|-heal|p2a: Exeggutor|100/100 slp|[silent]\n|move|p1a: Chansey|Seismic Toss|p2a: Exeggutor\n|-damage|p2a: Exeggutor|75/100 slp\n|\n|upkeep\n|turn|47\n|\n|t:|1785808711\n|cant|p2a: Exeggutor|slp\n|move|p1a: Chansey|Seismic Toss|p2a: Exeggutor\n|-damage|p2a: Exeggutor|50/100 slp\n|\n|upkeep\n|turn|48\n|\n|t:|1785808715\n|-curestatus|p2a: Exeggutor|slp|[msg]\n|move|p1a: Chansey|Seismic Toss|p2a: Exeggutor\n|-damage|p2a: Exeggutor|24/100\n|\n|upkeep\n|turn|49\n|\n|t:|1785808722\n|move|p2a: Exeggutor|Psychic|p1a: Chansey\n|-damage|p1a: Chansey|0 fnt\n|faint|p1a: Chansey\n|\n|t:|1785808724\n|switch|p1a: Tauros|Tauros|100/100 par\n|turn|50\n|\n|t:|1785808728\n|switch|p2a: Alakazam|Alakazam|35/100 slp\n|move|p1a: Tauros|Body Slam|p2a: Alakazam\n|-crit|p2a: Alakazam\n|-damage|p2a: Alakazam|0 fnt\n|faint|p2a: Alakazam\n|\n|t:|1785808731\n|switch|p2a: Exeggutor|Exeggutor|24/100\n|turn|51\n|\n|t:|1785808733\n|move|p2a: Exeggutor|Explosion|p1a: Tauros\n|-damage|p1a: Tauros|23/100 par\n|faint|p2a: Exeggutor\n|\n|t:|1785808736\n|switch|p2a: Starmie|Starmie|69/100\n|turn|52\n|\n|t:|1785808738\n|move|p2a: Starmie|Thunderbolt|p1a: Tauros\n|-damage|p1a: Tauros|0 fnt\n|faint|p1a: Tauros\n|\n|win|Girls See Ghosts\n|c|☆Girls See Ghosts|gg\n|c|☆Ct0wn|Gg\n","uploadtime":1785808738,"views":"75","formatid":"gen1ou","rating":null,"private":0,"password":null}