{"id":"smogtours-gen1ou-909019","format":"[Gen 1] OU","players":["Laroxyl","BeeOrSomething"],"log":"|inactive|Battle timer is ON: inactive players will automatically lose when time's up.\n|t:|1771109909\n|gametype|singles\n|player|p1|Laroxyl|#splxviitigers2|\n|player|p2|BeeOrSomething|#beeorsomething|\n|gen|1\n|tier|[Gen 1] OU\n|rule|Desync Clause Mod: Desyncs changed to move failure.\n|rule|Sleep Clause Mod: Limit one foe put to sleep\n|rule|Freeze Clause Mod: Limit one foe frozen\n|rule|Species Clause: Limit one of each Pokémon\n|rule|OHKO Clause: OHKO moves are banned\n|rule|Evasion Moves Clause: Evasion moves are banned\n|rule|Endless Battle Clause: Forcing endless battles is banned\n|rule|HP Percentage Mod: HP is shown in percentages\n|\n|t:|1771109909\n|teamsize|p1|6\n|teamsize|p2|6\n|start\n|switch|p1a: Starmie|Starmie|100/100\n|switch|p2a: Is It Love|Jynx|100/100\n|turn|1\n|c|☆BeeOrSomething|glhf\n|c|☆Laroxyl|u2\n|\n|t:|1771109935\n|move|p1a: Starmie|Thunder Wave|p2a: Is It Love\n|-status|p2a: Is It Love|par\n|move|p2a: Is It Love|Lovely Kiss|p1a: Starmie\n|-status|p1a: Starmie|slp|[from] move: Lovely Kiss\n|\n|upkeep\n|turn|2\n|\n|t:|1771109947\n|switch|p2a: Your Reality|Tauros|100/100\n|cant|p1a: Starmie|slp\n|\n|upkeep\n|turn|3\n|\n|t:|1771109960\n|switch|p1a: Snorlax|Snorlax|100/100\n|move|p2a: Your Reality|Body Slam|p1a: Snorlax\n|-crit|p1a: Snorlax\n|-damage|p1a: Snorlax|48/100\n|\n|upkeep\n|turn|4\n|\n|t:|1771109974\n|move|p2a: Your Reality|Body Slam|p1a: Snorlax\n|-damage|p1a: Snorlax|22/100\n|move|p1a: Snorlax|Hyper Beam|p2a: Your Reality\n|-damage|p2a: Your Reality|47/100\n|-mustrecharge|p1a: Snorlax\n|\n|upkeep\n|turn|5\n|\n|t:|1771109979\n|move|p2a: Your Reality|Body Slam|p1a: Snorlax\n|-crit|p1a: Snorlax\n|-damage|p1a: Snorlax|0 fnt\n|faint|p1a: Snorlax\n|\n|t:|1771110002\n|switch|p1a: Exeggutor|Exeggutor|100/100\n|turn|6\n|\n|t:|1771110012\n|switch|p2a: Is It Love|Jynx|100/100 par\n|move|p1a: Exeggutor|Psychic|p2a: Is It Love\n|-crit|p2a: Is It Love\n|-resisted|p2a: Is It Love\n|-damage|p2a: Is It Love|65/100 par\n|\n|upkeep\n|turn|7\n|\n|t:|1771110019\n|switch|p1a: Chansey|Chansey|100/100\n|move|p2a: Is It Love|Blizzard|p1a: Chansey\n|-damage|p1a: Chansey|82/100\n|\n|upkeep\n|turn|8\n|\n|t:|1771110026\n|switch|p2a: Have It All|Chansey|100/100\n|move|p1a: Chansey|Thunderbolt|p2a: Have It All\n|-damage|p2a: Have It All|90/100\n|-status|p2a: Have It All|par\n|\n|upkeep\n|turn|9\n|\n|t:|1771110055\n|move|p1a: Chansey|Ice Beam|p2a: Have It All\n|-damage|p2a: Have It All|79/100 par\n|cant|p2a: Have It All|par\n|\n|upkeep\n|turn|10\n|\n|t:|1771110064\n|move|p1a: Chansey|Ice Beam|p2a: Have It All\n|-crit|p2a: Have It All\n|-damage|p2a: Have It All|58/100 par\n|move|p2a: Have It All|Ice Beam|p1a: Chansey\n|-crit|p1a: Chansey\n|-damage|p1a: Chansey|61/100\n|\n|upkeep\n|turn|11\n|\n|t:|1771110075\n|move|p1a: Chansey|Soft-Boiled|p1a: Chansey\n|-heal|p1a: Chansey|100/100\n|move|p2a: Have It All|Soft-Boiled|p2a: Have It All\n|-heal|p2a: Have It All|100/100 par\n|\n|upkeep\n|turn|12\n|\n|t:|1771110083\n|move|p1a: Chansey|Ice Beam|p2a: Have It All\n|-damage|p2a: Have It All|90/100 par\n|move|p2a: Have It All|Ice Beam|p1a: Chansey\n|-damage|p1a: Chansey|90/100\n|\n|upkeep\n|turn|13\n|\n|t:|1771110089\n|move|p1a: Chansey|Ice Beam|p2a: Have It All\n|-damage|p2a: Have It All|79/100 par\n|move|p2a: Have It All|Ice Beam|p1a: Chansey\n|-damage|p1a: Chansey|79/100\n|\n|upkeep\n|turn|14\n|\n|t:|1771110094\n|move|p1a: Chansey|Ice Beam|p2a: Have It All\n|-damage|p2a: Have It All|68/100 par\n|cant|p2a: Have It All|par\n|\n|upkeep\n|turn|15\n|\n|t:|1771110106\n|switch|p1a: Tauros|Tauros|100/100\n|move|p2a: Have It All|Ice Beam|p1a: Tauros\n|-damage|p1a: Tauros|74/100\n|\n|upkeep\n|turn|16\n|\n|t:|1771110125\n|switch|p2a: Is It Love|Jynx|65/100 par\n|move|p1a: Tauros|Body Slam|p2a: Is It Love\n|-damage|p2a: Is It Love|9/100 par\n|\n|upkeep\n|turn|17\n|\n|t:|1771110129\n|move|p1a: Tauros|Body Slam|p2a: Is It Love\n|-damage|p2a: Is It Love|0 fnt\n|faint|p2a: Is It Love\n|\n|t:|1771110131\n|switch|p2a: Dark Puddle|Snorlax|100/100\n|turn|18\n|\n|t:|1771110144\n|switch|p1a: Exeggutor|Exeggutor|100/100\n|move|p2a: Dark Puddle|Body Slam|p1a: Exeggutor\n|-damage|p1a: Exeggutor|72/100\n|\n|upkeep\n|turn|19\n|\n|t:|1771110158\n|move|p1a: Exeggutor|Psychic|p2a: Dark Puddle\n|-damage|p2a: Dark Puddle|68/100\n|move|p2a: Dark Puddle|Body Slam|p1a: Exeggutor\n|-damage|p1a: Exeggutor|41/100\n|\n|upkeep\n|turn|20\n|\n|t:|1771110164\n|switch|p2a: Have It All|Chansey|68/100 par\n|move|p1a: Exeggutor|Explosion|p2a: Have It All\n|-damage|p2a: Have It All|0 fnt\n|faint|p2a: Have It All\n|faint|p1a: Exeggutor\n|\n|t:|1771110187\n|switch|p1a: Tauros|Tauros|74/100\n|switch|p2a: Dark Puddle|Snorlax|68/100\n|turn|21\n|\n|t:|1771110196\n|move|p1a: Tauros|Body Slam|p2a: Dark Puddle\n|-damage|p2a: Dark Puddle|44/100\n|move|p2a: Dark Puddle|Reflect|p2a: Dark Puddle\n|-start|p2a: Dark Puddle|Reflect\n|\n|upkeep\n|turn|22\n|\n|t:|1771110204\n|move|p1a: Tauros|Body Slam|p2a: Dark Puddle\n|-damage|p2a: Dark Puddle|32/100\n|move|p2a: Dark Puddle|Rest|p2a: Dark Puddle\n|-status|p2a: Dark Puddle|slp|[from] move: Rest\n|-heal|p2a: Dark Puddle|100/100 slp|[silent]\n|\n|upkeep\n|turn|23\n|\n|t:|1771110211\n|move|p1a: Tauros|Body Slam|p2a: Dark Puddle\n|-crit|p2a: Dark Puddle\n|-damage|p2a: Dark Puddle|54/100 slp\n|cant|p2a: Dark Puddle|slp\n|\n|upkeep\n|turn|24\n|\n|t:|1771110214\n|move|p1a: Tauros|Body Slam|p2a: Dark Puddle\n|-damage|p2a: Dark Puddle|42/100 slp\n|-curestatus|p2a: Dark Puddle|slp|[msg]\n|\n|upkeep\n|turn|25\n|\n|t:|1771110217\n|move|p1a: Tauros|Body Slam|p2a: Dark Puddle\n|-damage|p2a: Dark Puddle|28/100\n|move|p2a: Dark Puddle|Rest|p2a: Dark Puddle\n|-status|p2a: Dark Puddle|slp|[from] move: Rest\n|-heal|p2a: Dark Puddle|100/100 slp|[silent]\n|\n|upkeep\n|turn|26\n|\n|t:|1771110222\n|move|p1a: Tauros|Body Slam|p2a: Dark Puddle\n|-crit|p2a: Dark Puddle\n|-damage|p2a: Dark Puddle|56/100 slp\n|cant|p2a: Dark Puddle|slp\n|\n|upkeep\n|turn|27\n|\n|t:|1771110224\n|move|p1a: Tauros|Body Slam|p2a: Dark Puddle\n|-damage|p2a: Dark Puddle|42/100 slp\n|-curestatus|p2a: Dark Puddle|slp|[msg]\n|\n|upkeep\n|turn|28\n|\n|t:|1771110227\n|move|p1a: Tauros|Body Slam|p2a: Dark Puddle\n|-crit|p2a: Dark Puddle\n|-damage|p2a: Dark Puddle|0 fnt\n|faint|p2a: Dark Puddle\n|inactive|BeeOrSomething has 270 seconds left.\n|inactive|BeeOrSomething has 240 seconds left.\n|\n|t:|1771110317\n|switch|p2a: Leave You Be|Exeggutor|100/100\n|turn|29\n|\n|t:|1771110341\n|switch|p1a: Chansey|Chansey|79/100\n|move|p2a: Leave You Be|Psychic|p1a: Chansey\n|-damage|p1a: Chansey|63/100\n|\n|upkeep\n|turn|30\n|\n|t:|1771110359\n|move|p2a: Leave You Be|Explosion|p1a: Chansey\n|-damage|p1a: Chansey|0 fnt\n|faint|p1a: Chansey\n|faint|p2a: Leave You Be\n|\n|t:|1771110368\n|switch|p2a: Special Day|Zapdos|100/100\n|switch|p1a: Tauros|Tauros|74/100\n|turn|31\n|inactive|Laroxyl has 270 seconds left.\n|inactive|Laroxyl has 240 seconds left.\n|inactive|Laroxyl has 210 seconds left.\n|inactive|Laroxyl has 180 seconds left.\n|inactive|Laroxyl has 150 seconds left.\n|\n|t:|1771110515\n|switch|p1a: Rhydon|Rhydon|100/100\n|switch|p2a: Your Reality|Tauros|47/100\n|\n|upkeep\n|turn|32\n|inactive|Laroxyl has 150 seconds left.\n|\n|t:|1771110539\n|switch|p1a: Starmie|Starmie|100/100 slp\n|move|p2a: Your Reality|Blizzard|p1a: Starmie\n|-resisted|p1a: Starmie\n|-damage|p1a: Starmie|89/100 slp\n|\n|upkeep\n|turn|33\n|\n|t:|1771110544\n|cant|p1a: Starmie|slp\n|move|p2a: Your Reality|Body Slam|p1a: Starmie\n|-damage|p1a: Starmie|53/100 slp\n|\n|upkeep\n|turn|34\n|\n|t:|1771110548\n|cant|p1a: Starmie|slp\n|move|p2a: Your Reality|Body Slam|p1a: Starmie\n|-damage|p1a: Starmie|16/100 slp\n|\n|upkeep\n|turn|35\n|\n|t:|1771110551\n|-curestatus|p1a: Starmie|slp|[msg]\n|move|p2a: Your Reality|Earthquake|p1a: Starmie\n|-damage|p1a: Starmie|0 fnt\n|faint|p1a: Starmie\n|\n|t:|1771110555\n|switch|p1a: Tauros|Tauros|74/100\n|turn|36\n|\n|t:|1771110569\n|switch|p2a: Special Day|Zapdos|100/100\n|move|p1a: Tauros|Body Slam|p2a: Special Day\n|-damage|p2a: Special Day|72/100\n|\n|upkeep\n|turn|37\n|inactive|Laroxyl has 150 seconds left.\n|inactive|Laroxyl has 120 seconds left.\n|\n|t:|1771110655\n|switch|p1a: Rhydon|Rhydon|100/100\n|switch|p2a: Your Reality|Tauros|47/100\n|\n|upkeep\n|turn|38\n|inactive|Laroxyl has 90 seconds left.\n|\n|t:|1771110681\n|move|p2a: Your Reality|Blizzard|p1a: Rhydon\n|-supereffective|p1a: Rhydon\n|-damage|p1a: Rhydon|45/100\n|move|p1a: Rhydon|Earthquake|p2a: Your Reality|[miss]\n|-miss|p1a: Rhydon\n|-hint|In Gen 1, moves with 100% accuracy can still miss 1/256 of the time.\n|\n|upkeep\n|turn|39\n|\n|t:|1771110690\n|switch|p1a: Tauros|Tauros|74/100\n|move|p2a: Your Reality|Blizzard|p1a: Tauros\n|-crit|p1a: Tauros\n|-damage|p1a: Tauros|23/100\n|\n|upkeep\n|turn|40\n|inactive|Laroxyl has 90 seconds left.\n|inactive|Laroxyl has 60 seconds left.\n|inactive|Laroxyl has 30 seconds left.\n|inactive|Laroxyl has 20 seconds left.\n|\n|t:|1771110767\n|switch|p2a: Special Day|Zapdos|72/100\n|move|p1a: Tauros|Blizzard|p2a: Special Day\n|-supereffective|p2a: Special Day\n|-damage|p2a: Special Day|40/100\n|\n|upkeep\n|turn|41\n|inactive|Laroxyl has 30 seconds left this turn.\n|inactive|Laroxyl has 20 seconds left.\n|inactive|Laroxyl has 15 seconds left.\n|inactive|Laroxyl has 10 seconds left.\n|\n|t:|1771110791\n|switch|p1a: Rhydon|Rhydon|45/100\n|move|p2a: Special Day|Drill Peck|p1a: Rhydon\n|-resisted|p1a: Rhydon\n|-damage|p1a: Rhydon|35/100\n|\n|upkeep\n|turn|42\n|inactive|Laroxyl has 20 seconds left this turn.\n|inactive|Laroxyl has 15 seconds left.\n|inactive|Laroxyl has 10 seconds left.\n|\n|t:|1771110805\n|move|p2a: Special Day|Drill Peck|p1a: Rhydon\n|-resisted|p1a: Rhydon\n|-damage|p1a: Rhydon|25/100\n|move|p1a: Rhydon|Substitute|p1a: Rhydon\n|-fail|p1a: Rhydon|move: Substitute|[weak]\n|\n|upkeep\n|turn|43\n|inactive|Laroxyl has 20 seconds left this turn.\n|inactive|Laroxyl has 15 seconds left.\n|\n|t:|1771110811\n|move|p2a: Special Day|Drill Peck|p1a: Rhydon\n|-resisted|p1a: Rhydon\n|-damage|p1a: Rhydon|16/100\n|move|p1a: Rhydon|Body Slam|p2a: Special Day\n|-crit|p2a: Special Day\n|-damage|p2a: Special Day|0 fnt\n|faint|p2a: Special Day\n|\n|t:|1771110813\n|switch|p2a: Your Reality|Tauros|47/100\n|turn|44\n|inactive|Laroxyl has 30 seconds left this turn.\n|rated|Smogon Premier League\n|\n|t:|1771110816\n|move|p2a: Your Reality|Earthquake|p1a: Rhydon\n|-supereffective|p1a: Rhydon\n|-damage|p1a: Rhydon|0 fnt\n|faint|p1a: Rhydon\n|\n|t:|1771110817\n|switch|p1a: Tauros|Tauros|23/100\n|turn|45\n|\n|t:|1771110820\n|move|p2a: Your Reality|Body Slam|p1a: Tauros\n|-damage|p1a: Tauros|0 fnt\n|faint|p1a: Tauros\n|\n|win|BeeOrSomething\n|c|☆BeeOrSomething|gg\n|c|☆Laroxyl|gg\n|player|p2|\n|player|p1|\n","uploadtime":1771110820,"views":"1010","formatid":"gen1ou","rating":null,"private":0,"password":null}