{"id":"smogtours-gen1ou-822687","format":"[Gen 1] OU","players":["Serpi n_n","Isza"],"log":"|inactive|Battle timer is ON: inactive players will automatically lose when time's up.\n|t:|1740868442\n|gametype|singles\n|player|p1|Serpi n_n|#splxviraiders|\n|player|p2|Isza|#splxiiclassiest|\n|teamsize|p1|6\n|teamsize|p2|6\n|gen|1\n|tier|[Gen 1] OU\n|rule|Desync Clause Mod: Desyncs changed to move failure.\n|rule|Sleep Clause Mod: Limit one foe put to sleep\n|rule|Freeze Clause Mod: Limit one foe frozen\n|rule|Species Clause: Limit one of each Pokémon\n|rule|OHKO Clause: OHKO moves are banned\n|rule|Evasion Moves Clause: Evasion moves are banned\n|rule|Endless Battle Clause: Forcing endless battles is banned\n|rule|HP Percentage Mod: HP is shown in percentages\n|\n|t:|1740868442\n|start\n|switch|p1a: Alakazam|Alakazam|100/100\n|switch|p2a: Starmie|Starmie|100/100\n|turn|1\n|c|☆Serpi n_n|hf\n|c|☆Isza|you as well\n|rated|Smogon Premier League\n|inactive|Serpi n_n has 270 seconds left.\n|inactive|Isza has 270 seconds left.\n|inactive|Serpi n_n has 240 seconds left.\n|inactive|Isza has 240 seconds left.\n|inactive|Serpi n_n has 210 seconds left.\n|inactive|Isza has 210 seconds left.\n|inactive|Serpi n_n has 180 seconds left.\n|\n|t:|1740868589\n|switch|p2a: Chansey|Chansey|100/100\n|move|p1a: Alakazam|Seismic Toss|p2a: Chansey\n|-damage|p2a: Chansey|86/100\n|\n|upkeep\n|turn|2\n|inactive|Serpi n_n has 210 seconds left.\n|\n|t:|1740868619\n|switch|p1a: Gengar|Gengar|100/100\n|move|p2a: Chansey|Sing|p1a: Gengar\n|-status|p1a: Gengar|slp|[from] move: Sing\n|\n|upkeep\n|turn|3\n|inactive|Isza has 240 seconds left.\n|\n|t:|1740868651\n|-curestatus|p1a: Gengar|slp|[msg]\n|move|p2a: Chansey|Ice Beam|p1a: Gengar\n|-damage|p1a: Gengar|82/100\n|\n|upkeep\n|turn|4\n|inactive|Isza has 240 seconds left.\n|\n|t:|1740868668\n|switch|p2a: Starmie|Starmie|100/100\n|move|p1a: Gengar|Hypnosis|p2a: Starmie|[miss]\n|-miss|p1a: Gengar\n|\n|upkeep\n|turn|5\n|\n|t:|1740868682\n|switch|p1a: Exeggutor|Exeggutor|100/100\n|move|p2a: Starmie|Surf|p1a: Exeggutor\n|-resisted|p1a: Exeggutor\n|-damage|p1a: Exeggutor|89/100\n|\n|upkeep\n|turn|6\n|inactive|Isza has 240 seconds left.\n|\n|t:|1740868698\n|move|p2a: Starmie|Surf|p1a: Exeggutor\n|-crit|p1a: Exeggutor\n|-resisted|p1a: Exeggutor\n|-damage|p1a: Exeggutor|65/100\n|move|p1a: Exeggutor|Sleep Powder|p2a: Starmie\n|-status|p2a: Starmie|slp|[from] move: Sleep Powder\n|\n|upkeep\n|turn|7\n|inactive|Isza has 240 seconds left.\n|\n|t:|1740868712\n|cant|p2a: Starmie|slp\n|move|p1a: Exeggutor|Stun Spore|p2a: Starmie\n|-fail|p2a: Starmie\n|\n|upkeep\n|turn|8\n|inactive|Isza has 240 seconds left.\n|\n|t:|1740868732\n|cant|p2a: Starmie|slp\n|move|p1a: Exeggutor|Stun Spore|p2a: Starmie|[miss]\n|-miss|p1a: Exeggutor\n|\n|upkeep\n|turn|9\n|\n|t:|1740868749\n|switch|p1a: Tauros|Tauros|100/100\n|cant|p2a: Starmie|slp\n|\n|upkeep\n|turn|10\n|\n|t:|1740868753\n|switch|p2a: Exeggutor|Exeggutor|100/100\n|move|p1a: Tauros|Body Slam|p2a: Exeggutor\n|-damage|p2a: Exeggutor|71/100\n|\n|upkeep\n|turn|11\n|inactive|Isza has 240 seconds left.\n|\n|t:|1740868768\n|switch|p1a: Gengar|Gengar|82/100\n|move|p2a: Exeggutor|Sleep Powder|p1a: Gengar\n|-status|p1a: Gengar|slp|[from] move: Sleep Powder\n|\n|upkeep\n|turn|12\n|inactive|Isza has 240 seconds left.\n|\n|t:|1740868787\n|switch|p1a: Alakazam|Alakazam|100/100\n|switch|p2a: Chansey|Chansey|86/100\n|\n|upkeep\n|turn|13\n|\n|t:|1740868795\n|move|p1a: Alakazam|Thunder Wave|p2a: Chansey\n|-status|p2a: Chansey|par\n|move|p2a: Chansey|Thunder Wave|p1a: Alakazam\n|-status|p1a: Alakazam|par\n|\n|upkeep\n|turn|14\n|\n|t:|1740868818\n|move|p1a: Alakazam|Psychic|p2a: Chansey\n|-damage|p2a: Chansey|68/100 par\n|move|p2a: Chansey|Ice Beam|p1a: Alakazam\n|-damage|p1a: Alakazam|80/100 par\n|\n|upkeep\n|turn|15\n|\n|t:|1740868830\n|move|p1a: Alakazam|Recover|p1a: Alakazam\n|-heal|p1a: Alakazam|100/100 par\n|move|p2a: Chansey|Soft-Boiled|p2a: Chansey\n|-heal|p2a: Chansey|100/100 par\n|\n|upkeep\n|turn|16\n|\n|t:|1740868840\n|move|p1a: Alakazam|Psychic|p2a: Chansey\n|-damage|p2a: Chansey|81/100 par\n|move|p2a: Chansey|Ice Beam|p1a: Alakazam\n|-damage|p1a: Alakazam|80/100 par\n|\n|upkeep\n|turn|17\n|\n|t:|1740868865\n|move|p1a: Alakazam|Psychic|p2a: Chansey\n|-damage|p2a: Chansey|63/100 par\n|-unboost|p2a: Chansey|spa|1\n|-unboost|p2a: Chansey|spd|1\n|move|p2a: Chansey|Ice Beam|p1a: Alakazam\n|-damage|p1a: Alakazam|68/100 par\n|\n|upkeep\n|turn|18\n|\n|t:|1740868871\n|move|p1a: Alakazam|Recover|p1a: Alakazam\n|-heal|p1a: Alakazam|100/100 par\n|move|p2a: Chansey|Soft-Boiled|p2a: Chansey\n|-heal|p2a: Chansey|100/100 par\n|\n|upkeep\n|turn|19\n|\n|t:|1740868897\n|switch|p2a: Starmie|Starmie|100/100 slp\n|move|p1a: Alakazam|Thunder Wave|p2a: Starmie\n|-fail|p2a: Starmie\n|\n|upkeep\n|turn|20\n|\n|t:|1740868907\n|switch|p1a: Snorlax|Snorlax|100/100\n|-curestatus|p2a: Starmie|slp|[msg]\n|\n|upkeep\n|turn|21\n|\n|t:|1740868928\n|switch|p1a: Alakazam|Alakazam|100/100 par\n|move|p2a: Starmie|Thunder Wave|p1a: Alakazam\n|-fail|p1a: Alakazam|par\n|\n|upkeep\n|turn|22\n|\n|t:|1740868935\n|switch|p2a: Chansey|Chansey|100/100 par\n|switch|p1a: Exeggutor|Exeggutor|65/100\n|\n|upkeep\n|turn|23\n|inactive|Isza has 240 seconds left.\n|\n|t:|1740868963\n|switch|p1a: Alakazam|Alakazam|100/100 par\n|cant|p2a: Chansey|par\n|\n|upkeep\n|turn|24\n|inactive|Isza has 240 seconds left.\n|inactive|Serpi n_n has 210 seconds left.\n|\n|t:|1740868979\n|cant|p1a: Alakazam|par\n|move|p2a: Chansey|Ice Beam|p1a: Alakazam\n|-damage|p1a: Alakazam|79/100 par\n|\n|upkeep\n|turn|25\n|inactive|Isza has 240 seconds left.\n|\n|t:|1740869001\n|switch|p2a: Starmie|Starmie|100/100\n|move|p1a: Alakazam|Psychic|p2a: Starmie\n|-resisted|p2a: Starmie\n|-damage|p2a: Starmie|81/100\n|\n|upkeep\n|turn|26\n|inactive|Serpi n_n has 210 seconds left.\n|\n|t:|1740869024\n|switch|p1a: Exeggutor|Exeggutor|65/100\n|move|p2a: Starmie|Surf|p1a: Exeggutor\n|-resisted|p1a: Exeggutor\n|-damage|p1a: Exeggutor|53/100\n|\n|upkeep\n|turn|27\n|inactive|Isza has 240 seconds left.\n|\n|t:|1740869032\n|move|p2a: Starmie|Thunder Wave|p1a: Exeggutor\n|-status|p1a: Exeggutor|par\n|move|p1a: Exeggutor|Psychic|p2a: Starmie\n|-crit|p2a: Starmie\n|-resisted|p2a: Starmie\n|-damage|p2a: Starmie|43/100\n|\n|upkeep\n|turn|28\n|\n|t:|1740869046\n|switch|p2a: Chansey|Chansey|100/100 par\n|cant|p1a: Exeggutor|par\n|\n|upkeep\n|turn|29\n|inactive|Serpi n_n has 210 seconds left.\n|\n|t:|1740869069\n|switch|p1a: Alakazam|Alakazam|79/100 par\n|switch|p2a: Starmie|Starmie|43/100\n|\n|upkeep\n|turn|30\n|inactive|Isza has 240 seconds left.\n|\n|t:|1740869087\n|move|p2a: Starmie|Recover|p2a: Starmie\n|-heal|p2a: Starmie|93/100\n|cant|p1a: Alakazam|par\n|\n|upkeep\n|turn|31\n|\n|t:|1740869095\n|switch|p1a: Exeggutor|Exeggutor|53/100 par\n|move|p2a: Starmie|Surf|p1a: Exeggutor\n|-crit|p1a: Exeggutor\n|-resisted|p1a: Exeggutor\n|-damage|p1a: Exeggutor|31/100 par\n|\n|upkeep\n|turn|32\n|inactive|Isza has 240 seconds left.\n|\n|t:|1740869132\n|switch|p2a: Exeggutor|Exeggutor|71/100\n|move|p1a: Exeggutor|Explosion|p2a: Exeggutor\n|-damage|p2a: Exeggutor|0 fnt\n|faint|p2a: Exeggutor\n|faint|p1a: Exeggutor\n|inactive|Serpi n_n has 210 seconds left.\n|inactive|Isza has 210 seconds left.\n|\n|t:|1740869160\n|switch|p2a: Snorlax|Snorlax|100/100\n|switch|p1a: Snorlax|Snorlax|100/100\n|turn|33\n|inactive|Isza has 210 seconds left.\n|inactive|Isza disconnected and has 300 seconds to reconnect!\n|player|p2|\n|inactive|Isza has 270 seconds to reconnect!\n|inactive|Isza reconnected and has 195 seconds left.\n|player|p2|Isza|#splxiiclassiest|\n|inactive|Isza has 180 seconds left.\n|\n|t:|1740869255\n|move|p2a: Snorlax|Reflect|p2a: Snorlax\n|-start|p2a: Snorlax|Reflect\n|move|p1a: Snorlax|Body Slam|p2a: Snorlax\n|-damage|p2a: Snorlax|87/100\n|\n|upkeep\n|turn|34\n|\n|t:|1740869260\n|switch|p1a: Gengar|Gengar|82/100 slp\n|move|p2a: Snorlax|Ice Beam|p1a: Gengar\n|-damage|p1a: Gengar|65/100 slp\n|\n|upkeep\n|turn|35\n|\n|t:|1740869272\n|switch|p1a: Cloyster|Cloyster|100/100\n|switch|p2a: Starmie|Starmie|93/100\n|\n|upkeep\n|turn|36\n|inactive|Serpi n_n has 210 seconds left.\n|\n|t:|1740869299\n|switch|p1a: Snorlax|Snorlax|100/100\n|move|p2a: Starmie|Recover|p2a: Starmie\n|-heal|p2a: Starmie|100/100\n|\n|upkeep\n|turn|37\n|inactive|Serpi n_n has 210 seconds left.\n|\n|t:|1740869309\n|move|p2a: Starmie|Thunder Wave|p1a: Snorlax\n|-status|p1a: Snorlax|par\n|move|p1a: Snorlax|Body Slam|p2a: Starmie\n|-damage|p2a: Starmie|62/100\n|\n|upkeep\n|turn|38\n|inactive|Serpi n_n has 210 seconds left.\n|\n|t:|1740869315\n|move|p2a: Starmie|Surf|p1a: Snorlax\n|-damage|p1a: Snorlax|72/100 par\n|move|p1a: Snorlax|Body Slam|p2a: Starmie\n|-damage|p2a: Starmie|27/100\n|-status|p2a: Starmie|par\n|\n|upkeep\n|turn|39\n|\n|t:|1740869322\n|move|p2a: Starmie|Recover|p2a: Starmie\n|-heal|p2a: Starmie|77/100 par\n|move|p1a: Snorlax|Body Slam|p2a: Starmie\n|-damage|p2a: Starmie|40/100 par\n|\n|upkeep\n|turn|40\n|\n|t:|1740869331\n|move|p2a: Starmie|Recover|p2a: Starmie\n|-heal|p2a: Starmie|90/100 par\n|move|p1a: Snorlax|Body Slam|p2a: Starmie\n|-damage|p2a: Starmie|56/100 par\n|\n|upkeep\n|turn|41\n|inactive|Serpi n_n has 210 seconds left.\n|inactive|Serpi n_n has 180 seconds left.\n|\n|t:|1740869385\n|move|p2a: Starmie|Recover|p2a: Starmie\n|-heal|p2a: Starmie|100/100 par\n|move|p1a: Snorlax|Self-Destruct|p2a: Starmie\n|-damage|p2a: Starmie|0 fnt\n|faint|p2a: Starmie\n|faint|p1a: Snorlax\n|inactive|Isza has 240 seconds left.\n|inactive|Serpi n_n has 180 seconds left.\n|inactive|Isza has 210 seconds left.\n|inactive|Serpi n_n has 150 seconds left.\n|inactive|Isza has 180 seconds left.\n|\n|t:|1740869461\n|switch|p2a: Snorlax|Snorlax|87/100\n|switch|p1a: Cloyster|Cloyster|100/100\n|turn|42\n|\n|t:|1740869469\n|move|p1a: Cloyster|Clamp|p2a: Snorlax\n|-damage|p2a: Snorlax|78/100\n|cant|p2a: Snorlax|partiallytrapped\n|\n|upkeep\n|turn|43\n|\n|t:|1740869472\n|switch|p2a: Chansey|Chansey|100/100 par\n|move|p1a: Cloyster|Clamp|p2a: Chansey\n|-crit|p2a: Chansey\n|-damage|p2a: Chansey|91/100 par\n|\n|upkeep\n|turn|44\n|\n|t:|1740869474\n|switch|p2a: Snorlax|Snorlax|78/100\n|move|p1a: Cloyster|Clamp|p2a: Snorlax\n|-damage|p2a: Snorlax|69/100\n|\n|upkeep\n|turn|45\n|\n|t:|1740869483\n|switch|p2a: Chansey|Chansey|91/100 par\n|move|p1a: Cloyster|Clamp|p2a: Chansey|[miss]\n|-miss|p1a: Cloyster\n|\n|upkeep\n|turn|46\n|inactive|Isza has 210 seconds left.\n|\n|t:|1740869505\n|switch|p1a: Alakazam|Alakazam|79/100 par\n|move|p2a: Chansey|Thunder Wave|p1a: Alakazam\n|-fail|p1a: Alakazam|par\n|\n|upkeep\n|turn|47\n|\n|t:|1740869513\n|switch|p2a: Snorlax|Snorlax|69/100\n|move|p1a: Alakazam|Psychic|p2a: Snorlax\n|-crit|p2a: Snorlax\n|-damage|p2a: Snorlax|3/100\n|\n|upkeep\n|turn|48\n|\n|t:|1740869530\n|switch|p1a: Gengar|Gengar|65/100 slp\n|move|p2a: Snorlax|Body Slam|p1a: Gengar\n|-immune|p1a: Gengar\n|\n|upkeep\n|turn|49\n|\n|t:|1740869538\n|cant|p1a: Gengar|slp\n|move|p2a: Snorlax|Ice Beam|p1a: Gengar\n|-damage|p1a: Gengar|51/100 slp\n|\n|upkeep\n|turn|50\n|\n|t:|1740869547\n|switch|p1a: Cloyster|Cloyster|100/100\n|switch|p2a: Tauros|Tauros|100/100\n|\n|upkeep\n|turn|51\n|inactive|Isza has 240 seconds left.\n|\n|t:|1740869577\n|move|p2a: Tauros|Body Slam|p1a: Cloyster\n|-damage|p1a: Cloyster|77/100\n|-status|p1a: Cloyster|par\n|move|p1a: Cloyster|Blizzard|p2a: Tauros\n|-damage|p2a: Tauros|53/100\n|\n|upkeep\n|turn|52\n|\n|t:|1740869584\n|switch|p2a: Snorlax|Snorlax|3/100\n|move|p1a: Cloyster|Blizzard|p2a: Snorlax\n|-damage|p2a: Snorlax|0 fnt\n|faint|p2a: Snorlax\n|\n|t:|1740869588\n|switch|p2a: Zapdos|Zapdos|100/100\n|turn|53\n|inactive|Serpi n_n has 180 seconds left.\n|\n|t:|1740869623\n|switch|p1a: Gengar|Gengar|51/100 slp\n|move|p2a: Zapdos|Thunderbolt|p1a: Gengar\n|-damage|p1a: Gengar|17/100 slp\n|\n|upkeep\n|turn|54\n|\n|t:|1740869630\n|-curestatus|p1a: Gengar|slp|[msg]\n|move|p2a: Zapdos|Thunderbolt|p1a: Gengar\n|-damage|p1a: Gengar|0 fnt\n|faint|p1a: Gengar\n|\n|t:|1740869656\n|switch|p1a: Alakazam|Alakazam|79/100 par\n|turn|55\n|inactive|Isza has 240 seconds left.\n|inactive|Isza has 210 seconds left.\n|\n|t:|1740869714\n|move|p2a: Zapdos|Drill Peck|p1a: Alakazam\n|-damage|p1a: Alakazam|38/100 par\n|cant|p1a: Alakazam|par\n|\n|upkeep\n|turn|56\n|\n|t:|1740869720\n|move|p2a: Zapdos|Drill Peck|p1a: Alakazam\n|-damage|p1a: Alakazam|0 fnt\n|faint|p1a: Alakazam\n|\n|t:|1740869722\n|switch|p1a: Tauros|Tauros|100/100\n|turn|57\n|inactive|Serpi n_n has 180 seconds left.\n|inactive|Serpi n_n has 150 seconds left.\n|\n|t:|1740869769\n|move|p1a: Tauros|Body Slam|p2a: Zapdos\n|-crit|p2a: Zapdos\n|-damage|p2a: Zapdos|40/100\n|move|p2a: Zapdos|Thunder Wave|p1a: Tauros\n|-status|p1a: Tauros|par\n|\n|upkeep\n|turn|58\n|inactive|Isza has 210 seconds left.\n|inactive|Serpi n_n has 120 seconds left.\n|inactive|Isza has 180 seconds left.\n|inactive|Serpi n_n has 90 seconds left.\n|inactive|Isza has 150 seconds left.\n|\n|t:|1740869863\n|switch|p2a: Chansey|Chansey|91/100 par\n|move|p1a: Tauros|Hyper Beam|p2a: Chansey\n|-damage|p2a: Chansey|26/100 par\n|-mustrecharge|p1a: Tauros\n|\n|upkeep\n|turn|59\n|\n|t:|1740869871\n|switch|p2a: Tauros|Tauros|53/100\n|cant|p1a: Tauros|recharge\n|\n|upkeep\n|turn|60\n|inactive|Serpi n_n has 90 seconds left.\n|inactive|Isza has 150 seconds left.\n|inactive|Serpi n_n has 60 seconds left.\n|inactive|Isza has 120 seconds left.\n|inactive|Serpi n_n has 30 seconds left.\n|inactive|Serpi n_n has 20 seconds left.\n|\n|t:|1740869954\n|switch|p2a: Zapdos|Zapdos|40/100\n|switch|p1a: Cloyster|Cloyster|77/100 par\n|\n|upkeep\n|turn|61\n|inactive|Serpi n_n has 30 seconds left this turn.\n|inactive|Isza has 120 seconds left.\n|\n|t:|1740869962\n|move|p2a: Zapdos|Thunderbolt|p1a: Cloyster\n|-supereffective|p1a: Cloyster\n|-damage|p1a: Cloyster|0 fnt\n|faint|p1a: Cloyster\n|inactive|Serpi n_n has 30 seconds left this turn.\n|\n|t:|1740869963\n|switch|p1a: Tauros|Tauros|100/100 par\n|turn|62\n|\n|t:|1740869969\n|move|p2a: Zapdos|Thunderbolt|p1a: Tauros\n|-damage|p1a: Tauros|54/100 par\n|move|p1a: Tauros|Hyper Beam|p2a: Zapdos\n|-damage|p2a: Zapdos|0 fnt\n|faint|p2a: Zapdos\n|\n|t:|1740869971\n|switch|p2a: Tauros|Tauros|53/100\n|turn|63\n|\n|t:|1740869975\n|move|p2a: Tauros|Hyper Beam|p1a: Tauros\n|-damage|p1a: Tauros|2/100 par\n|-mustrecharge|p2a: Tauros\n|move|p1a: Tauros|Hyper Beam|p2a: Tauros\n|-damage|p2a: Tauros|2/100\n|-mustrecharge|p1a: Tauros\n|\n|upkeep\n|turn|64\n|\n|t:|1740869979\n|cant|p2a: Tauros|recharge\n|cant|p1a: Tauros|recharge\n|\n|upkeep\n|turn|65\n|\n|t:|1740869981\n|move|p2a: Tauros|Body Slam|p1a: Tauros\n|-damage|p1a: Tauros|0 fnt\n|faint|p1a: Tauros\n|\n|win|Isza\n","uploadtime":1740869981,"views":"1979","formatid":"gen1ou","rating":null,"private":0,"password":null}