{"id":"smogtours-gen1ou-959512","format":"[Gen 1] OU","players":["Girls See Ghosts","Cakeconnesseur"],"log":"|inactive|Battle timer is ON: inactive players will automatically lose when time's up.\n|t:|1785102100\n|gametype|singles\n|player|p1|Girls See Ghosts|#adpl9|\n|player|p2|Cakeconnesseur|#adpl9|\n|gen|1\n|tier|[Gen 1] OU\n|rule|Desync Clause Mod: Desyncs resolve to link battle behavior from the acting player's perspective.\n|rule|HP Percentage Mod: HP is shown in percentages\n|rule|Endless Battle Clause: Forcing endless battles is banned\n|rule|Sleep Clause Mod: Limit one foe put to sleep\n|rule|Freeze Clause Mod: Limit one foe frozen\n|rule|Species Clause: Limit one of each Pokémon\n|rule|OHKO Clause: OHKO moves are banned\n|rule|Evasion Moves Clause: Evasion moves are banned\n|\n|t:|1785102100\n|teamsize|p1|6\n|teamsize|p2|6\n|start\n|switch|p1a: Jolteon|Jolteon|100/100\n|switch|p2a: Starmie|Starmie|100/100\n|turn|1\n|\n|t:|1785102129\n|switch|p2a: Chansey|Chansey|100/100\n|move|p1a: Jolteon|Thunder Wave|p2a: Chansey\n|-status|p2a: Chansey|par\n|\n|upkeep\n|turn|2\n|inactive|Cakeconnesseur has 270 seconds left.\n|\n|t:|1785102168\n|switch|p2a: Snorlax|Snorlax|100/100\n|move|p1a: Jolteon|Double Kick|p2a: Snorlax\n|-supereffective|p2a: Snorlax\n|-damage|p2a: Snorlax|90/100\n|-damage|p2a: Snorlax|80/100\n|-hitcount|p2a: Snorlax|2\n|\n|upkeep\n|turn|3\n|\n|t:|1785102190\n|move|p1a: Jolteon|Thunderbolt|p2a: Snorlax\n|-damage|p2a: Snorlax|49/100\n|move|p2a: Snorlax|Body Slam|p1a: Jolteon\n|-damage|p1a: Jolteon|53/100\n|\n|upkeep\n|turn|4\n|inactive|Cakeconnesseur has 270 seconds left.\n|\n|t:|1785102208\n|move|p1a: Jolteon|Thunderbolt|p2a: Snorlax\n|-damage|p2a: Snorlax|19/100\n|-status|p2a: Snorlax|par\n|move|p2a: Snorlax|Earthquake|p1a: Jolteon\n|-supereffective|p1a: Jolteon\n|-damage|p1a: Jolteon|0 fnt\n|faint|p1a: Jolteon\n|inactive|Girls See Ghosts has 270 seconds left.\n|\n|t:|1785102225\n|switch|p1a: Exeggutor|Exeggutor|100/100\n|turn|5\n|inactive|Cakeconnesseur has 270 seconds left.\n|\n|t:|1785102259\n|switch|p2a: Chansey|Chansey|100/100 par\n|move|p1a: Exeggutor|Psychic|p2a: Chansey\n|-damage|p2a: Chansey|83/100 par\n|-unboost|p2a: Chansey|spa|1\n|-unboost|p2a: Chansey|spd|1\n|\n|upkeep\n|turn|6\n|\n|t:|1785102265\n|move|p1a: Exeggutor|Psychic|p2a: Chansey\n|-damage|p2a: Chansey|55/100 par\n|-unboost|p2a: Chansey|spa|1\n|-unboost|p2a: Chansey|spd|1\n|move|p2a: Chansey|Thunder Wave|p1a: Exeggutor\n|-status|p1a: Exeggutor|par\n|\n|upkeep\n|turn|7\n|\n|t:|1785102277\n|switch|p2a: Snorlax|Snorlax|19/100 par\n|cant|p1a: Exeggutor|par\n|\n|upkeep\n|turn|8\n|inactive|Cakeconnesseur has 270 seconds left.\n|\n|t:|1785102282\n|move|p1a: Exeggutor|Psychic|p2a: Snorlax\n|-damage|p2a: Snorlax|0 fnt\n|faint|p2a: Snorlax\n|\n|t:|1785102283\n|switch|p2a: Chansey|Chansey|55/100 par\n|turn|9\n|\n|t:|1785102289\n|move|p1a: Exeggutor|Explosion|p2a: Chansey\n|-damage|p2a: Chansey|0 fnt\n|faint|p2a: Chansey\n|faint|p1a: Exeggutor\n|inactive|Cakeconnesseur has 270 seconds left.\n|inactive|Cakeconnesseur has 240 seconds left.\n|\n|t:|1785102348\n|switch|p1a: Jynx|Jynx|100/100\n|switch|p2a: Exeggutor|Exeggutor|100/100\n|turn|10\n|inactive|Cakeconnesseur has 240 seconds left.\n|\n|t:|1785102362\n|move|p1a: Jynx|Lovely Kiss|p2a: Exeggutor\n|-status|p2a: Exeggutor|slp|[from] move: Lovely Kiss\n|cant|p2a: Exeggutor|slp\n|\n|upkeep\n|turn|11\n|\n|t:|1785102372\n|switch|p2a: Starmie|Starmie|100/100\n|move|p1a: Jynx|Body Slam|p2a: Starmie\n|-damage|p2a: Starmie|86/100\n|\n|upkeep\n|turn|12\n|\n|t:|1785102379\n|switch|p1a: Alakazam|Alakazam|100/100\n|move|p2a: Starmie|Thunder Wave|p1a: Alakazam\n|-status|p1a: Alakazam|par\n|\n|upkeep\n|turn|13\n|\n|t:|1785102383\n|switch|p2a: Exeggutor|Exeggutor|100/100 slp\n|move|p1a: Alakazam|Psychic|p2a: Exeggutor\n|-resisted|p2a: Exeggutor\n|-damage|p2a: Exeggutor|87/100 slp\n|\n|upkeep\n|turn|14\n|inactive|Cakeconnesseur has 270 seconds left.\n|inactive|Girls See Ghosts has 270 seconds left.\n|\n|t:|1785102422\n|switch|p1a: Jynx|Jynx|100/100\n|-curestatus|p2a: Exeggutor|slp|[msg]\n|\n|upkeep\n|turn|15\n|\n|t:|1785102430\n|move|p1a: Jynx|Lovely Kiss|p2a: Exeggutor\n|-status|p2a: Exeggutor|slp|[from] move: Lovely Kiss\n|cant|p2a: Exeggutor|slp\n|\n|upkeep\n|turn|16\n|\n|t:|1785102434\n|switch|p2a: Starmie|Starmie|86/100\n|move|p1a: Jynx|Blizzard|p2a: Starmie\n|-resisted|p2a: Starmie\n|-damage|p2a: Starmie|65/100\n|\n|upkeep\n|turn|17\n|\n|t:|1785102440\n|switch|p1a: Alakazam|Alakazam|100/100 par\n|move|p2a: Starmie|Thunderbolt|p1a: Alakazam|[miss]\n|-miss|p2a: Starmie\n|-hint|In Gen 1, moves with 100% accuracy can still miss 1/256 of the time.\n|\n|upkeep\n|turn|18\n|\n|t:|1785102447\n|move|p2a: Starmie|Recover|p2a: Starmie\n|-heal|p2a: Starmie|100/100\n|move|p1a: Alakazam|Psychic|p2a: Starmie\n|-resisted|p2a: Starmie\n|-damage|p2a: Starmie|79/100\n|\n|upkeep\n|turn|19\n|\n|t:|1785102449\n|switch|p2a: Exeggutor|Exeggutor|87/100 slp\n|move|p1a: Alakazam|Psychic|p2a: Exeggutor\n|-resisted|p2a: Exeggutor\n|-damage|p2a: Exeggutor|72/100 slp\n|-unboost|p2a: Exeggutor|spa|1\n|-unboost|p2a: Exeggutor|spd|1\n|\n|upkeep\n|turn|20\n|\n|t:|1785102459\n|switch|p1a: Jynx|Jynx|100/100\n|cant|p2a: Exeggutor|slp\n|\n|upkeep\n|turn|21\n|\n|t:|1785102467\n|switch|p2a: Starmie|Starmie|79/100\n|move|p1a: Jynx|Blizzard|p2a: Starmie\n|-resisted|p2a: Starmie\n|-damage|p2a: Starmie|57/100\n|\n|upkeep\n|turn|22\n|\n|t:|1785102475\n|switch|p1a: Alakazam|Alakazam|100/100 par\n|move|p2a: Starmie|Recover|p2a: Starmie\n|-heal|p2a: Starmie|100/100\n|\n|upkeep\n|turn|23\n|\n|t:|1785102481\n|switch|p2a: Exeggutor|Exeggutor|72/100 slp\n|move|p1a: Alakazam|Psychic|p2a: Exeggutor\n|-resisted|p2a: Exeggutor\n|-damage|p2a: Exeggutor|58/100 slp\n|\n|upkeep\n|turn|24\n|\n|t:|1785102491\n|-curestatus|p2a: Exeggutor|slp|[msg]\n|cant|p1a: Alakazam|par\n|\n|upkeep\n|turn|25\n|\n|t:|1785102502\n|move|p2a: Exeggutor|Explosion|p1a: Alakazam\n|-crit|p1a: Alakazam\n|-damage|p1a: Alakazam|0 fnt\n|faint|p1a: Alakazam\n|faint|p2a: Exeggutor\n|\n|t:|1785102506\n|switch|p2a: Tauros|Tauros|100/100\n|switch|p1a: Snorlax|Snorlax|100/100\n|turn|26\n|\n|t:|1785102511\n|move|p2a: Tauros|Body Slam|p1a: Snorlax\n|-damage|p1a: Snorlax|74/100\n|move|p1a: Snorlax|Body Slam|p2a: Tauros\n|-damage|p2a: Tauros|68/100\n|\n|upkeep\n|turn|27\n|\n|t:|1785102519\n|move|p2a: Tauros|Blizzard|p1a: Snorlax\n|-damage|p1a: Snorlax|56/100\n|move|p1a: Snorlax|Body Slam|p2a: Tauros\n|-damage|p2a: Tauros|34/100\n|\n|upkeep\n|turn|28\n|\n|t:|1785102527\n|move|p2a: Tauros|Hyper Beam|p1a: Snorlax\n|-damage|p1a: Snorlax|12/100\n|-mustrecharge|p2a: Tauros\n|move|p1a: Snorlax|Hyper Beam|p2a: Tauros\n|-damage|p2a: Tauros|0 fnt\n|faint|p2a: Tauros\n|\n|t:|1785102536\n|switch|p2a: Zapdos|Zapdos|100/100\n|turn|29\n|inactive|Girls See Ghosts disconnected and has 300 seconds to reconnect!\n|player|p1|\n|inactive|Girls See Ghosts reconnected and has 290 seconds left.\n|player|p1|Girls See Ghosts|#adpl9|\n|inactive|Girls See Ghosts has 270 seconds left.\n|\n|t:|1785102579\n|move|p2a: Zapdos|Thunderbolt|p1a: Snorlax\n|-damage|p1a: Snorlax|0 fnt\n|faint|p1a: Snorlax\n|\n|t:|1785102597\n|switch|p1a: Jynx|Jynx|100/100\n|turn|30\n|\n|t:|1785102604\n|move|p2a: Zapdos|Drill Peck|p1a: Jynx\n|-damage|p1a: Jynx|52/100\n|move|p1a: Jynx|Lovely Kiss|p2a: Zapdos|[miss]\n|-miss|p1a: Jynx\n|\n|upkeep\n|turn|31\n|\n|t:|1785102608\n|move|p2a: Zapdos|Drill Peck|p1a: Jynx\n|-damage|p1a: Jynx|7/100\n|move|p1a: Jynx|Lovely Kiss|p2a: Zapdos\n|-status|p2a: Zapdos|slp|[from] move: Lovely Kiss\n|\n|upkeep\n|turn|32\n|inactive|Girls See Ghosts has 270 seconds left.\n|\n|t:|1785102624\n|switch|p2a: Starmie|Starmie|100/100\n|move|p1a: Jynx|Rest|p1a: Jynx\n|-status|p1a: Jynx|slp|[from] move: Rest\n|-heal|p1a: Jynx|100/100 slp|[silent]\n|\n|upkeep\n|turn|33\n|\n|t:|1785102627\n|move|p2a: Starmie|Thunderbolt|p1a: Jynx\n|-damage|p1a: Jynx|76/100 slp\n|cant|p1a: Jynx|slp\n|\n|upkeep\n|turn|34\n|\n|t:|1785102629\n|move|p2a: Starmie|Thunderbolt|p1a: Jynx\n|-damage|p1a: Jynx|52/100 slp\n|-curestatus|p1a: Jynx|slp|[msg]\n|\n|upkeep\n|turn|35\n|\n|t:|1785102633\n|move|p2a: Starmie|Thunderbolt|p1a: Jynx\n|-damage|p1a: Jynx|28/100\n|move|p1a: Jynx|Body Slam|p2a: Starmie\n|-crit|p2a: Starmie\n|-damage|p2a: Starmie|73/100\n|\n|upkeep\n|turn|36\n|\n|t:|1785102636\n|move|p2a: Starmie|Thunderbolt|p1a: Jynx\n|-damage|p1a: Jynx|4/100\n|move|p1a: Jynx|Rest|p1a: Jynx\n|-status|p1a: Jynx|slp|[from] move: Rest\n|-heal|p1a: Jynx|100/100 slp|[silent]\n|\n|upkeep\n|turn|37\n|\n|t:|1785102638\n|move|p2a: Starmie|Thunderbolt|p1a: Jynx\n|-damage|p1a: Jynx|78/100 slp\n|cant|p1a: Jynx|slp\n|\n|upkeep\n|turn|38\n|\n|t:|1785102640\n|move|p2a: Starmie|Thunderbolt|p1a: Jynx\n|-damage|p1a: Jynx|55/100 slp\n|-curestatus|p1a: Jynx|slp|[msg]\n|\n|upkeep\n|turn|39\n|\n|t:|1785102642\n|move|p2a: Starmie|Thunderbolt|p1a: Jynx\n|-damage|p1a: Jynx|33/100\n|move|p1a: Jynx|Body Slam|p2a: Starmie\n|-damage|p2a: Starmie|58/100\n|-status|p2a: Starmie|par\n|\n|upkeep\n|turn|40\n|\n|t:|1785102648\n|move|p1a: Jynx|Rest|p1a: Jynx\n|-status|p1a: Jynx|slp|[from] move: Rest\n|-heal|p1a: Jynx|100/100 slp|[silent]\n|cant|p2a: Starmie|par\n|\n|upkeep\n|turn|41\n|\n|t:|1785102650\n|cant|p1a: Jynx|slp\n|cant|p2a: Starmie|par\n|\n|upkeep\n|turn|42\n|\n|t:|1785102653\n|-curestatus|p1a: Jynx|slp|[msg]\n|move|p2a: Starmie|Recover|p2a: Starmie\n|-heal|p2a: Starmie|100/100 par\n|\n|upkeep\n|turn|43\n|\n|t:|1785102657\n|move|p1a: Jynx|Body Slam|p2a: Starmie\n|-damage|p2a: Starmie|85/100 par\n|move|p2a: Starmie|Thunder Wave|p1a: Jynx\n|-status|p1a: Jynx|par\n|\n|upkeep\n|turn|44\n|\n|t:|1785102661\n|move|p2a: Starmie|Thunderbolt|p1a: Jynx\n|-damage|p1a: Jynx|76/100 par\n|move|p1a: Jynx|Body Slam|p2a: Starmie\n|-damage|p2a: Starmie|69/100 par\n|\n|upkeep\n|turn|45\n|\n|t:|1785102664\n|move|p2a: Starmie|Recover|p2a: Starmie\n|-heal|p2a: Starmie|100/100 par\n|cant|p1a: Jynx|par\n|\n|upkeep\n|turn|46\n|\n|t:|1785102668\n|cant|p2a: Starmie|par\n|cant|p1a: Jynx|par\n|\n|upkeep\n|turn|47\n|\n|t:|1785102671\n|cant|p2a: Starmie|par\n|move|p1a: Jynx|Rest|p1a: Jynx\n|-status|p1a: Jynx|slp|[from] move: Rest\n|-heal|p1a: Jynx|100/100 slp|[silent]\n|\n|upkeep\n|turn|48\n|\n|t:|1785102676\n|cant|p2a: Starmie|par\n|cant|p1a: Jynx|slp\n|\n|upkeep\n|turn|49\n|\n|t:|1785102679\n|move|p2a: Starmie|Thunder Wave|p1a: Jynx\n|-fail|p1a: Jynx\n|-curestatus|p1a: Jynx|slp|[msg]\n|\n|upkeep\n|turn|50\n|\n|t:|1785102683\n|move|p2a: Starmie|Thunder Wave|p1a: Jynx\n|-status|p1a: Jynx|par\n|move|p1a: Jynx|Body Slam|p2a: Starmie\n|-damage|p2a: Starmie|84/100 par\n|\n|upkeep\n|turn|51\n|\n|t:|1785102686\n|cant|p2a: Starmie|par\n|cant|p1a: Jynx|par\n|\n|upkeep\n|turn|52\n|\n|t:|1785102692\n|move|p2a: Starmie|Recover|p2a: Starmie\n|-heal|p2a: Starmie|100/100 par\n|cant|p1a: Jynx|par\n|\n|upkeep\n|turn|53\n|\n|t:|1785102699\n|move|p2a: Starmie|Thunder Wave|p1a: Jynx\n|-fail|p1a: Jynx|par\n|cant|p1a: Jynx|par\n|\n|upkeep\n|turn|54\n|\n|t:|1785102702\n|move|p2a: Starmie|Thunder Wave|p1a: Jynx\n|-fail|p1a: Jynx|par\n|move|p1a: Jynx|Body Slam|p2a: Starmie\n|-crit|p2a: Starmie\n|-damage|p2a: Starmie|70/100 par\n|\n|upkeep\n|turn|55\n|\n|t:|1785102705\n|cant|p2a: Starmie|par\n|cant|p1a: Jynx|par\n|\n|upkeep\n|turn|56\n|\n|t:|1785102708\n|cant|p2a: Starmie|par\n|move|p1a: Jynx|Body Slam|p2a: Starmie\n|-damage|p2a: Starmie|54/100 par\n|\n|upkeep\n|turn|57\n|\n|t:|1785102711\n|switch|p1a: Tauros|Tauros|100/100\n|move|p2a: Starmie|Recover|p2a: Starmie\n|-heal|p2a: Starmie|100/100 par\n|\n|upkeep\n|turn|58\n|\n|t:|1785102725\n|switch|p1a: Jynx|Jynx|100/100 par\n|move|p2a: Starmie|Thunder Wave|p1a: Jynx\n|-fail|p1a: Jynx|par\n|\n|upkeep\n|turn|59\n|\n|t:|1785102729\n|move|p2a: Starmie|Thunderbolt|p1a: Jynx\n|-crit|p1a: Jynx\n|-damage|p1a: Jynx|52/100 par\n|move|p1a: Jynx|Body Slam|p2a: Starmie\n|-damage|p2a: Starmie|85/100 par\n|\n|upkeep\n|turn|60\n|\n|t:|1785102733\n|move|p2a: Starmie|Thunderbolt|p1a: Jynx\n|-damage|p1a: Jynx|30/100 par\n|cant|p1a: Jynx|par\n|\n|upkeep\n|turn|61\n|\n|t:|1785102736\n|cant|p2a: Starmie|par\n|cant|p1a: Jynx|par\n|\n|upkeep\n|turn|62\n|\n|t:|1785102738\n|cant|p2a: Starmie|par\n|move|p1a: Jynx|Rest|p1a: Jynx\n|-status|p1a: Jynx|slp|[from] move: Rest\n|-heal|p1a: Jynx|100/100 slp|[silent]\n|\n|upkeep\n|turn|63\n|\n|t:|1785102740\n|move|p2a: Starmie|Thunderbolt|p1a: Jynx\n|-damage|p1a: Jynx|76/100 slp\n|cant|p1a: Jynx|slp\n|\n|upkeep\n|turn|64\n|\n|t:|1785102743\n|cant|p2a: Starmie|par\n|-curestatus|p1a: Jynx|slp|[msg]\n|\n|upkeep\n|turn|65\n|\n|t:|1785102745\n|cant|p2a: Starmie|par\n|move|p1a: Jynx|Body Slam|p2a: Starmie\n|-crit|p2a: Starmie\n|-damage|p2a: Starmie|57/100 par\n|\n|upkeep\n|turn|66\n|\n|t:|1785102750\n|cant|p2a: Starmie|par\n|move|p1a: Jynx|Blizzard|p2a: Starmie\n|-resisted|p2a: Starmie\n|-damage|p2a: Starmie|37/100 par\n|\n|upkeep\n|turn|67\n|\n|t:|1785102754\n|switch|p1a: Tauros|Tauros|100/100\n|move|p2a: Starmie|Recover|p2a: Starmie\n|-heal|p2a: Starmie|87/100 par\n|\n|upkeep\n|turn|68\n|\n|t:|1785102766\n|move|p1a: Tauros|Thunderbolt|p2a: Starmie\n|-supereffective|p2a: Starmie\n|-damage|p2a: Starmie|48/100 par\n|move|p2a: Starmie|Thunder Wave|p1a: Tauros\n|-status|p1a: Tauros|par\n|\n|upkeep\n|turn|69\n|\n|t:|1785102769\n|cant|p2a: Starmie|par\n|move|p1a: Tauros|Thunderbolt|p2a: Starmie\n|-crit|p2a: Starmie\n|-supereffective|p2a: Starmie\n|-damage|p2a: Starmie|0 fnt\n|faint|p2a: Starmie\n|\n|t:|1785102771\n|switch|p2a: Zapdos|Zapdos|100/100 slp\n|turn|70\n|\n|t:|1785102777\n|switch|p1a: Jynx|Jynx|76/100\n|cant|p2a: Zapdos|slp\n|\n|upkeep\n|turn|71\n|\n|t:|1785102780\n|cant|p2a: Zapdos|slp\n|move|p1a: Jynx|Blizzard|p2a: Zapdos\n|-supereffective|p2a: Zapdos\n|-damage|p2a: Zapdos|43/100 slp\n|\n|upkeep\n|turn|72\n|\n|t:|1785102782\n|-curestatus|p2a: Zapdos|slp|[msg]\n|move|p1a: Jynx|Blizzard|p2a: Zapdos\n|-supereffective|p2a: Zapdos\n|-damage|p2a: Zapdos|0 fnt\n|faint|p2a: Zapdos\n|\n|win|Girls See Ghosts\n|c|☆Girls See Ghosts|gg\n|c|☆Cakeconnesseur|/log Cakeconnesseur made the replay of this battle unlisted.\n|player|p1|\n|player|p2|\n","uploadtime":1785102782,"views":"44","formatid":"gen1ou","rating":null,"private":2,"password":null}