{"id":"smogtours-gen1ou-956592","format":"[Gen 1] OU","players":["stunner047","Soda Eesti"],"log":"|inactive|Battle timer is ON: inactive players will automatically lose when time's up.\n|t:|1784313432\n|gametype|singles\n|player|p1|stunner047|#rbypliiidingdangdewgongs|\n|player|p2|Soda Eesti|gwynn|\n|gen|1\n|tier|[Gen 1] OU\n|rule|Desync Clause Mod: Desyncs resolve to link battle behavior from the acting player's perspective.\n|rule|HP Percentage Mod: HP is shown in percentages\n|rule|Endless Battle Clause: Forcing endless battles is banned\n|rule|Sleep Clause Mod: Limit one foe put to sleep\n|rule|Freeze Clause Mod: Limit one foe frozen\n|rule|Species Clause: Limit one of each Pokémon\n|rule|OHKO Clause: OHKO moves are banned\n|rule|Evasion Moves Clause: Evasion moves are banned\n|\n|t:|1784313432\n|teamsize|p1|6\n|teamsize|p2|6\n|start\n|switch|p1a: Jynx|Jynx|100/100\n|switch|p2a: Jynx|Jynx|100/100\n|turn|1\n|\n|t:|1784313435\n|move|p2a: Jynx|Lovely Kiss|p1a: Jynx\n|-status|p1a: Jynx|slp|[from] move: Lovely Kiss\n|cant|p1a: Jynx|slp\n|\n|upkeep\n|turn|2\n|c|☆stunner047|gl hf\n|\n|t:|1784313439\n|move|p2a: Jynx|Blizzard|p1a: Jynx\n|-resisted|p1a: Jynx\n|-damage|p1a: Jynx|81/100 slp\n|cant|p1a: Jynx|slp\n|\n|upkeep\n|turn|3\n|c|☆Soda Eesti|hf\n|\n|t:|1784313443\n|move|p2a: Jynx|Blizzard|p1a: Jynx\n|-resisted|p1a: Jynx\n|-damage|p1a: Jynx|60/100 slp\n|cant|p1a: Jynx|slp\n|\n|upkeep\n|turn|4\n|\n|t:|1784313456\n|switch|p2a: Tauros|Tauros|100/100\n|cant|p1a: Jynx|slp\n|\n|upkeep\n|turn|5\n|\n|t:|1784313459\n|switch|p1a: Snorlax|Snorlax|100/100\n|move|p2a: Tauros|Body Slam|p1a: Snorlax\n|-damage|p1a: Snorlax|77/100\n|\n|upkeep\n|turn|6\n|\n|t:|1784313466\n|switch|p2a: Gengar|Gengar|100/100\n|move|p1a: Snorlax|Body Slam|p2a: Gengar\n|-immune|p2a: Gengar\n|\n|upkeep\n|turn|7\n|\n|t:|1784313471\n|switch|p2a: Zapdos|Zapdos|100/100\n|move|p1a: Snorlax|Earthquake|p2a: Zapdos\n|-immune|p2a: Zapdos\n|\n|upkeep\n|turn|8\n|\n|t:|1784313475\n|move|p2a: Zapdos|Thunder Wave|p1a: Snorlax\n|-status|p1a: Snorlax|par\n|move|p1a: Snorlax|Body Slam|p2a: Zapdos\n|-damage|p2a: Zapdos|69/100\n|-status|p2a: Zapdos|par\n|\n|upkeep\n|turn|9\n|\n|t:|1784313478\n|move|p2a: Zapdos|Thunderbolt|p1a: Snorlax\n|-damage|p1a: Snorlax|45/100 par\n|move|p1a: Snorlax|Body Slam|p2a: Zapdos\n|-damage|p2a: Zapdos|35/100 par\n|\n|upkeep\n|turn|10\n|\n|t:|1784313480\n|move|p2a: Zapdos|Thunderbolt|p1a: Snorlax\n|-damage|p1a: Snorlax|12/100 par\n|cant|p1a: Snorlax|par\n|\n|upkeep\n|turn|11\n|\n|t:|1784313481\n|cant|p2a: Zapdos|par\n|move|p1a: Snorlax|Hyper Beam|p2a: Zapdos\n|-damage|p2a: Zapdos|0 fnt\n|faint|p2a: Zapdos\n|\n|t:|1784313484\n|switch|p2a: Tauros|Tauros|100/100\n|turn|12\n|\n|t:|1784313487\n|move|p2a: Tauros|Body Slam|p1a: Snorlax\n|-damage|p1a: Snorlax|0 fnt\n|faint|p1a: Snorlax\n|\n|t:|1784313488\n|switch|p1a: Starmie|Starmie|100/100\n|turn|13\n|\n|t:|1784313494\n|switch|p2a: Jynx|Jynx|100/100\n|move|p1a: Starmie|Thunder Wave|p2a: Jynx\n|-status|p2a: Jynx|par\n|\n|upkeep\n|turn|14\n|\n|t:|1784313496\n|move|p1a: Starmie|Psychic|p2a: Jynx\n|-crit|p2a: Jynx\n|-resisted|p2a: Jynx\n|-damage|p2a: Jynx|68/100 par\n|move|p2a: Jynx|Blizzard|p1a: Starmie\n|-resisted|p1a: Starmie\n|-damage|p1a: Starmie|79/100\n|\n|upkeep\n|turn|15\n|\n|t:|1784313501\n|move|p1a: Starmie|Psychic|p2a: Jynx\n|-resisted|p2a: Jynx\n|-damage|p2a: Jynx|51/100 par\n|move|p2a: Jynx|Blizzard|p1a: Starmie\n|-resisted|p1a: Starmie\n|-damage|p1a: Starmie|58/100\n|\n|upkeep\n|turn|16\n|\n|t:|1784313506\n|move|p1a: Starmie|Psychic|p2a: Jynx\n|-crit|p2a: Jynx\n|-resisted|p2a: Jynx\n|-damage|p2a: Jynx|18/100 par\n|move|p2a: Jynx|Blizzard|p1a: Starmie\n|-resisted|p1a: Starmie\n|-damage|p1a: Starmie|36/100\n|\n|upkeep\n|turn|17\n|\n|t:|1784313512\n|switch|p2a: Snorlax|Snorlax|100/100\n|move|p1a: Starmie|Psychic|p2a: Snorlax\n|-damage|p2a: Snorlax|73/100\n|\n|upkeep\n|turn|18\n|\n|t:|1784313514\n|switch|p1a: Chansey|Chansey|100/100\n|move|p2a: Snorlax|Body Slam|p1a: Chansey\n|-damage|p1a: Chansey|61/100\n|\n|upkeep\n|turn|19\n|\n|t:|1784313517\n|move|p1a: Chansey|Ice Beam|p2a: Snorlax\n|-damage|p2a: Snorlax|53/100\n|move|p2a: Snorlax|Body Slam|p1a: Chansey\n|-damage|p1a: Chansey|21/100\n|\n|upkeep\n|turn|20\n|\n|t:|1784313524\n|move|p1a: Chansey|Ice Beam|p2a: Snorlax\n|-damage|p2a: Snorlax|32/100\n|move|p2a: Snorlax|Hyper Beam|p1a: Chansey|[miss]\n|-miss|p2a: Snorlax\n|\n|upkeep\n|turn|21\n|\n|t:|1784313527\n|move|p1a: Chansey|Ice Beam|p2a: Snorlax\n|-damage|p2a: Snorlax|14/100\n|move|p2a: Snorlax|Body Slam|p1a: Chansey\n|-damage|p1a: Chansey|0 fnt\n|faint|p1a: Chansey\n|\n|t:|1784313531\n|switch|p1a: Starmie|Starmie|36/100\n|turn|22\n|\n|t:|1784313533\n|move|p1a: Starmie|Psychic|p2a: Snorlax\n|-crit|p2a: Snorlax\n|-damage|p2a: Snorlax|0 fnt\n|faint|p2a: Snorlax\n|\n|t:|1784313534\n|switch|p2a: Gengar|Gengar|100/100\n|turn|23\n|\n|t:|1784313546\n|move|p1a: Starmie|Thunder Wave|p2a: Gengar\n|-status|p2a: Gengar|par\n|move|p2a: Gengar|Mega Drain|p1a: Starmie\n|-supereffective|p1a: Starmie\n|-damage|p1a: Starmie|12/100\n|\n|upkeep\n|turn|24\n|\n|t:|1784313549\n|move|p1a: Starmie|Recover|p1a: Starmie\n|-heal|p1a: Starmie|62/100\n|move|p2a: Gengar|Explosion|p1a: Starmie\n|-crit|p1a: Starmie\n|-damage|p1a: Starmie|0 fnt\n|faint|p1a: Starmie\n|faint|p2a: Gengar\n|\n|t:|1784313555\n|switch|p1a: Tauros|Tauros|100/100\n|switch|p2a: Slowbro|Slowbro|100/100\n|turn|25\n|\n|t:|1784313559\n|switch|p1a: Jynx|Jynx|60/100 slp\n|move|p2a: Slowbro|Thunder Wave|p1a: Jynx|[miss]\n|-miss|p2a: Slowbro\n|-hint|In Gen 1, moves with 100% accuracy can still miss 1/256 of the time.\n|\n|upkeep\n|turn|26\n|\n|t:|1784313561\n|cant|p1a: Jynx|slp\n|move|p2a: Slowbro|Amnesia|p2a: Slowbro\n|-boost|p2a: Slowbro|spa|2\n|-boost|p2a: Slowbro|spd|2\n|\n|upkeep\n|turn|27\n|\n|t:|1784313562\n|-curestatus|p1a: Jynx|slp|[msg]\n|move|p2a: Slowbro|Surf|p1a: Jynx\n|-damage|p1a: Jynx|0 fnt\n|faint|p1a: Jynx\n|\n|t:|1784313565\n|switch|p1a: Gengar|Gengar|100/100\n|turn|28\n|\n|t:|1784313568\n|switch|p2a: Jynx|Jynx|18/100 par\n|move|p1a: Gengar|Hypnosis|p2a: Jynx\n|-fail|p2a: Jynx\n|\n|upkeep\n|turn|29\n|\n|t:|1784313570\n|move|p1a: Gengar|Thunderbolt|p2a: Jynx\n|-damage|p2a: Jynx|0 fnt\n|faint|p2a: Jynx\n|\n|t:|1784313571\n|switch|p2a: Tauros|Tauros|100/100\n|turn|30\n|\n|t:|1784313574\n|move|p2a: Tauros|Earthquake|p1a: Gengar\n|-supereffective|p1a: Gengar\n|-damage|p1a: Gengar|33/100\n|move|p1a: Gengar|Hypnosis|p2a: Tauros|[miss]\n|-miss|p1a: Gengar\n|\n|upkeep\n|turn|31\n|\n|t:|1784313577\n|move|p2a: Tauros|Earthquake|p1a: Gengar\n|-supereffective|p1a: Gengar\n|-damage|p1a: Gengar|0 fnt\n|faint|p1a: Gengar\n|\n|t:|1784313579\n|switch|p1a: Tauros|Tauros|100/100\n|turn|32\n|\n|t:|1784313580\n|move|p1a: Tauros|Blizzard|p2a: Tauros\n|-damage|p2a: Tauros|76/100\n|move|p2a: Tauros|Body Slam|p1a: Tauros\n|-damage|p1a: Tauros|70/100\n|\n|upkeep\n|turn|33\n|\n|t:|1784313583\n|move|p2a: Tauros|Body Slam|p1a: Tauros\n|-damage|p1a: Tauros|41/100\n|move|p1a: Tauros|Blizzard|p2a: Tauros\n|-crit|p2a: Tauros\n|-damage|p2a: Tauros|25/100\n|-status|p2a: Tauros|frz\n|\n|upkeep\n|turn|34\n|\n|t:|1784313585\n|cant|p2a: Tauros|frz\n|move|p1a: Tauros|Body Slam|p2a: Tauros\n|-crit|p2a: Tauros\n|-damage|p2a: Tauros|0 fnt\n|faint|p2a: Tauros\n|\n|t:|1784313586\n|switch|p2a: Slowbro|Slowbro|100/100\n|turn|35\n|\n|t:|1784313591\n|move|p1a: Tauros|Body Slam|p2a: Slowbro\n|-damage|p2a: Slowbro|77/100\n|move|p2a: Slowbro|Thunder Wave|p1a: Tauros\n|-status|p1a: Tauros|par\n|\n|upkeep\n|turn|36\n|\n|t:|1784313595\n|move|p2a: Slowbro|Psychic|p1a: Tauros\n|-damage|p1a: Tauros|8/100 par\n|-unboost|p1a: Tauros|spa|1\n|-unboost|p1a: Tauros|spd|1\n|move|p1a: Tauros|Body Slam|p2a: Slowbro\n|-crit|p2a: Slowbro\n|-damage|p2a: Slowbro|28/100\n|\n|upkeep\n|turn|37\n|\n|t:|1784313598\n|move|p2a: Slowbro|Surf|p1a: Tauros\n|-damage|p1a: Tauros|0 fnt\n|faint|p1a: Tauros\n|\n|win|Soda Eesti\n|c|☆stunner047|gg\n|c|☆Soda Eesti|gg\n|c|☆stunner047|/log stunner047 made the replay of this battle unlisted.\n|player|p1|\n","uploadtime":1784313598,"views":"63","formatid":"gen1ou","rating":null,"private":2,"password":null}