{"id":"smogtours-gen1ou-958653","format":"[Gen 1] OU","players":["RoboKyII","TheStupe"],"log":"|inactive|Battle timer is ON: inactive players will automatically lose when time's up.\n|t:|1784938106\n|gametype|singles\n|player|p1|RoboKyII|#advplvi|\n|player|p2|TheStupe|psychicf-gen4|\n|gen|1\n|tier|[Gen 1] OU\n|rule|Desync Clause Mod: Desyncs resolve to link battle behavior from the acting player's perspective.\n|rule|HP Percentage Mod: HP is shown in percentages\n|rule|Endless Battle Clause: Forcing endless battles is banned\n|rule|Sleep Clause Mod: Limit one foe put to sleep\n|rule|Freeze Clause Mod: Limit one foe frozen\n|rule|Species Clause: Limit one of each Pokémon\n|rule|OHKO Clause: OHKO moves are banned\n|rule|Evasion Moves Clause: Evasion moves are banned\n|\n|t:|1784938106\n|teamsize|p1|6\n|teamsize|p2|6\n|start\n|switch|p1a: Starmie|Starmie|100/100\n|switch|p2a: Alakazam|Alakazam|100/100\n|turn|1\n|\n|t:|1784938116\n|switch|p1a: Chansey|Chansey|100/100\n|move|p2a: Alakazam|Thunder Wave|p1a: Chansey\n|-status|p1a: Chansey|par\n|\n|upkeep\n|turn|2\n|\n|t:|1784938122\n|move|p2a: Alakazam|Psychic|p1a: Chansey\n|-crit|p1a: Chansey\n|-damage|p1a: Chansey|64/100 par\n|-unboost|p1a: Chansey|spa|1\n|-unboost|p1a: Chansey|spd|1\n|move|p1a: Chansey|Sing|p2a: Alakazam\n|-status|p2a: Alakazam|slp|[from] move: Sing\n|\n|upkeep\n|turn|3\n|\n|t:|1784938129\n|switch|p2a: Snorlax|Snorlax|100/100\n|move|p1a: Chansey|Thunder Wave|p2a: Snorlax\n|-status|p2a: Snorlax|par\n|\n|upkeep\n|turn|4\n|\n|t:|1784938135\n|switch|p1a: Snorlax|Snorlax|100/100\n|move|p2a: Snorlax|Body Slam|p1a: Snorlax\n|-damage|p1a: Snorlax|73/100\n|\n|upkeep\n|turn|5\n|\n|t:|1784938141\n|move|p1a: Snorlax|Reflect|p1a: Snorlax\n|-start|p1a: Snorlax|Reflect\n|move|p2a: Snorlax|Reflect|p2a: Snorlax\n|-start|p2a: Snorlax|Reflect\n|\n|upkeep\n|turn|6\n|\n|t:|1784938147\n|move|p1a: Snorlax|Body Slam|p2a: Snorlax\n|-damage|p2a: Snorlax|87/100 par\n|move|p2a: Snorlax|Body Slam|p1a: Snorlax\n|-damage|p1a: Snorlax|60/100\n|\n|upkeep\n|turn|7\n|\n|t:|1784938153\n|switch|p1a: Exeggutor|Exeggutor|100/100\n|cant|p2a: Snorlax|par\n|\n|upkeep\n|turn|8\n|\n|t:|1784938167\n|switch|p2a: Exeggutor|Exeggutor|100/100\n|move|p1a: Exeggutor|Psychic|p2a: Exeggutor\n|-resisted|p2a: Exeggutor\n|-damage|p2a: Exeggutor|86/100\n|\n|upkeep\n|turn|9\n|\n|t:|1784938174\n|switch|p1a: Chansey|Chansey|64/100 par\n|move|p2a: Exeggutor|Psychic|p1a: Chansey\n|-damage|p1a: Chansey|47/100 par\n|\n|upkeep\n|turn|10\n|\n|t:|1784938180\n|switch|p2a: Snorlax|Snorlax|87/100 par\n|cant|p1a: Chansey|par\n|\n|upkeep\n|turn|11\n|\n|t:|1784938186\n|move|p1a: Chansey|Soft-Boiled|p1a: Chansey\n|-heal|p1a: Chansey|97/100 par\n|move|p2a: Snorlax|Body Slam|p1a: Chansey\n|-damage|p1a: Chansey|57/100 par\n|\n|upkeep\n|turn|12\n|\n|t:|1784938192\n|switch|p1a: Snorlax|Snorlax|60/100\n|move|p2a: Snorlax|Body Slam|p1a: Snorlax\n|-damage|p1a: Snorlax|31/100\n|\n|upkeep\n|turn|13\n|\n|t:|1784938198\n|move|p1a: Snorlax|Rest|p1a: Snorlax\n|-status|p1a: Snorlax|slp|[from] move: Rest\n|-heal|p1a: Snorlax|100/100 slp|[silent]\n|move|p2a: Snorlax|Body Slam|p1a: Snorlax\n|-damage|p1a: Snorlax|76/100 slp\n|\n|upkeep\n|turn|14\n|\n|t:|1784938204\n|switch|p2a: Exeggutor|Exeggutor|86/100\n|cant|p1a: Snorlax|slp\n|\n|upkeep\n|turn|15\n|\n|t:|1784938210\n|switch|p1a: Chansey|Chansey|57/100 par\n|move|p2a: Exeggutor|Psychic|p1a: Chansey\n|-damage|p1a: Chansey|40/100 par\n|-unboost|p1a: Chansey|spa|1\n|-unboost|p1a: Chansey|spd|1\n|\n|upkeep\n|turn|16\n|\n|t:|1784938215\n|move|p2a: Exeggutor|Hyper Beam|p1a: Chansey\n|-damage|p1a: Chansey|0 fnt\n|faint|p1a: Chansey\n|c|☆RoboKyII|ye\n|c|☆RoboKyII|what can u do\n|\n|t:|1784938224\n|switch|p1a: Starmie|Starmie|100/100\n|turn|17\n|\n|t:|1784938231\n|switch|p2a: Alakazam|Alakazam|100/100 slp\n|move|p1a: Starmie|Thunder Wave|p2a: Alakazam\n|-fail|p2a: Alakazam\n|\n|upkeep\n|turn|18\n|\n|t:|1784938237\n|switch|p2a: Chansey|Chansey|100/100\n|move|p1a: Starmie|Thunder Wave|p2a: Chansey\n|-status|p2a: Chansey|par\n|\n|upkeep\n|turn|19\n|\n|t:|1784938243\n|switch|p1a: Rhydon Kuzunoha|Rhydon|100/100\n|move|p2a: Chansey|Ice Beam|p1a: Rhydon Kuzunoha\n|-supereffective|p1a: Rhydon Kuzunoha\n|-damage|p1a: Rhydon Kuzunoha|39/100\n|\n|upkeep\n|turn|20\n|\n|t:|1784938249\n|switch|p2a: Exeggutor|Exeggutor|86/100\n|move|p1a: Rhydon Kuzunoha|Body Slam|p2a: Exeggutor\n|-damage|p2a: Exeggutor|62/100\n|-status|p2a: Exeggutor|par\n|\n|upkeep\n|turn|21\n|\n|t:|1784938259\n|switch|p1a: Exeggutor|Exeggutor|100/100\n|move|p2a: Exeggutor|Sleep Powder|p1a: Exeggutor\n|-status|p1a: Exeggutor|slp|[from] move: Sleep Powder\n|\n|upkeep\n|turn|22\n|\n|t:|1784938267\n|switch|p2a: Starmie|Starmie|100/100\n|cant|p1a: Exeggutor|slp\n|\n|upkeep\n|turn|23\n|\n|t:|1784938273\n|switch|p1a: Starmie|Starmie|100/100\n|move|p2a: Starmie|Thunder Wave|p1a: Starmie\n|-status|p1a: Starmie|par\n|\n|upkeep\n|turn|24\n|\n|t:|1784938279\n|switch|p2a: Chansey|Chansey|100/100 par\n|move|p1a: Starmie|Thunder Wave|p2a: Chansey\n|-fail|p2a: Chansey|par\n|\n|upkeep\n|turn|25\n|\n|t:|1784938285\n|switch|p1a: Snorlax|Snorlax|76/100 slp\n|cant|p2a: Chansey|par\n|\n|upkeep\n|turn|26\n|\n|t:|1784938291\n|switch|p2a: Exeggutor|Exeggutor|62/100 par\n|-curestatus|p1a: Snorlax|slp|[msg]\n|\n|upkeep\n|turn|27\n|\n|t:|1784938297\n|move|p1a: Snorlax|Body Slam|p2a: Exeggutor\n|-damage|p2a: Exeggutor|29/100 par\n|move|p2a: Exeggutor|Explosion|p1a: Snorlax\n|-crit|p1a: Snorlax\n|-damage|p1a: Snorlax|0 fnt\n|faint|p1a: Snorlax\n|faint|p2a: Exeggutor\n|c|☆RoboKyII|oh bly\n|\n|t:|1784938321\n|switch|p1a: Starmie|Starmie|100/100 par\n|switch|p2a: Starmie|Starmie|100/100\n|turn|28\n|\n|t:|1784938327\n|move|p2a: Starmie|Thunderbolt|p1a: Starmie\n|-supereffective|p1a: Starmie\n|-damage|p1a: Starmie|57/100 par\n|cant|p1a: Starmie|par\n|\n|upkeep\n|turn|29\n|-message|RoboKyII forfeited.\n|\n|win|TheStupe\n|player|p1|\n","uploadtime":1784938330,"views":"68","formatid":"gen1ou","rating":null,"private":0,"password":null}