{"id":"smogtours-gen1ou-948076","format":"[Gen 1] OU","players":["Gilgeous","Deezcastforms"],"log":"|inactive|Battle timer is ON: inactive players will automatically lose when time's up.\n|t:|1781900788\n|gametype|singles\n|player|p1|Gilgeous|hoopster|\n|player|p2|Deezcastforms|#adpl8|\n|gen|1\n|tier|[Gen 1] OU\n|rule|Desync Clause Mod: Desyncs changed to move failure.\n|rule|HP Percentage Mod: HP is shown in percentages\n|rule|Endless Battle Clause: Forcing endless battles is banned\n|rule|Sleep Clause Mod: Limit one foe put to sleep\n|rule|Freeze Clause Mod: Limit one foe frozen\n|rule|Species Clause: Limit one of each Pokémon\n|rule|OHKO Clause: OHKO moves are banned\n|rule|Evasion Moves Clause: Evasion moves are banned\n|\n|t:|1781900788\n|teamsize|p1|6\n|teamsize|p2|6\n|start\n|switch|p1a: Ryuusui|Gengar|100/100\n|switch|p2a: 75%SleepForChuds|Parasect|100/100\n|turn|1\n|inactive|Gilgeous also wants the timer to be on.\n|c|☆Gilgeous|hf\n|c|☆Deezcastforms|u2\n|\n|t:|1781900803\n|move|p1a: Ryuusui|Hypnosis|p2a: 75%SleepForChuds\n|-status|p2a: 75%SleepForChuds|slp|[from] move: Hypnosis\n|cant|p2a: 75%SleepForChuds|slp\n|\n|upkeep\n|turn|2\n|\n|t:|1781900821\n|switch|p2a: 311.0|Chansey|100/100\n|move|p1a: Ryuusui|Night Shade|p2a: 311.0\n|-damage|p2a: 311.0|86/100\n|\n|upkeep\n|turn|3\n|\n|t:|1781900846\n|move|p1a: Ryuusui|Explosion|p2a: 311.0\n|-damage|p2a: 311.0|13/100\n|faint|p1a: Ryuusui\n|\n|t:|1781900854\n|switch|p1a: Stanley|Tauros|100/100\n|turn|4\n|\n|t:|1781900867\n|switch|p2a: NoSleepTilMain|Exeggutor|100/100\n|move|p1a: Stanley|Body Slam|p2a: NoSleepTilMain\n|-damage|p2a: NoSleepTilMain|72/100\n|\n|upkeep\n|turn|5\n|\n|t:|1781900876\n|switch|p1a: Senku|Exeggutor|100/100\n|move|p2a: NoSleepTilMain|Stun Spore|p1a: Senku\n|-status|p1a: Senku|par\n|\n|upkeep\n|turn|6\n|\n|t:|1781900890\n|move|p2a: NoSleepTilMain|Psychic|p1a: Senku\n|-crit|p1a: Senku\n|-resisted|p1a: Senku\n|-damage|p1a: Senku|75/100 par\n|move|p1a: Senku|Stun Spore|p2a: NoSleepTilMain\n|-status|p2a: NoSleepTilMain|par\n|\n|upkeep\n|turn|7\n|\n|t:|1781900899\n|move|p1a: Senku|Psychic|p2a: NoSleepTilMain\n|-resisted|p2a: NoSleepTilMain\n|-damage|p2a: NoSleepTilMain|59/100 par\n|move|p2a: NoSleepTilMain|Psychic|p1a: Senku\n|-crit|p1a: Senku\n|-resisted|p1a: Senku\n|-damage|p1a: Senku|48/100 par\n|-unboost|p1a: Senku|spa|1\n|-unboost|p1a: Senku|spd|1\n|\n|upkeep\n|turn|8\n|\n|t:|1781900910\n|switch|p2a: 311.0|Chansey|13/100\n|move|p1a: Senku|Psychic|p2a: 311.0\n|-damage|p2a: 311.0|2/100\n|\n|upkeep\n|turn|9\n|\n|t:|1781900918\n|move|p2a: 311.0|Soft-Boiled|p2a: 311.0\n|-heal|p2a: 311.0|52/100\n|move|p1a: Senku|Explosion|p2a: 311.0\n|-crit|p2a: 311.0\n|-damage|p2a: 311.0|0 fnt\n|faint|p2a: 311.0\n|faint|p1a: Senku\n|\n|t:|1781900938\n|switch|p2a: Hydration Break|Gyarados|100/100\n|switch|p1a: Chrome|Kangaskhan|100/100\n|turn|10\n|\n|t:|1781900950\n|move|p1a: Chrome|Body Slam|p2a: Hydration Break\n|-damage|p2a: Hydration Break|69/100\n|move|p2a: Hydration Break|Hydro Pump|p1a: Chrome|[miss]\n|-miss|p2a: Hydration Break\n|\n|upkeep\n|turn|11\n|\n|t:|1781900971\n|switch|p1a: Kohaku|Kingler|100/100\n|move|p2a: Hydration Break|Hydro Pump|p1a: Kohaku\n|-resisted|p1a: Kohaku\n|-damage|p1a: Kohaku|67/100\n|\n|upkeep\n|turn|12\n|\n|t:|1781900977\n|switch|p1a: Chrome|Kangaskhan|100/100\n|move|p2a: Hydration Break|Thunderbolt|p1a: Chrome\n|-damage|p1a: Chrome|70/100\n|\n|upkeep\n|turn|13\n|\n|t:|1781900995\n|move|p1a: Chrome|Body Slam|p2a: Hydration Break\n|-damage|p2a: Hydration Break|39/100\n|-status|p2a: Hydration Break|par\n|move|p2a: Hydration Break|Blizzard|p1a: Chrome\n|-crit|p1a: Chrome\n|-damage|p1a: Chrome|0 fnt\n|faint|p1a: Chrome\n|\n|t:|1781901011\n|switch|p1a: Stanley|Tauros|100/100\n|turn|14\n|\n|t:|1781901027\n|move|p1a: Stanley|Hyper Beam|p2a: Hydration Break\n|-crit|p2a: Hydration Break\n|-damage|p2a: Hydration Break|0 fnt\n|faint|p2a: Hydration Break\n|\n|t:|1781901032\n|switch|p2a: Giving Horn|Tauros|100/100\n|turn|15\n|\n|t:|1781901040\n|move|p1a: Stanley|Body Slam|p2a: Giving Horn\n|-damage|p2a: Giving Horn|70/100\n|move|p2a: Giving Horn|Body Slam|p1a: Stanley\n|-damage|p1a: Stanley|71/100\n|\n|upkeep\n|turn|16\n|\n|t:|1781901043\n|move|p1a: Stanley|Blizzard|p2a: Giving Horn\n|-damage|p2a: Giving Horn|42/100\n|move|p2a: Giving Horn|Body Slam|p1a: Stanley\n|-damage|p1a: Stanley|41/100\n|\n|upkeep\n|turn|17\n|inactive|Deezcastforms has 270 seconds left.\n|inactive|Gilgeous has 270 seconds left.\n|\n|t:|1781901101\n|switch|p2a: 75%SleepForChuds|Parasect|100/100 slp\n|move|p1a: Stanley|Hyper Beam|p2a: 75%SleepForChuds|[miss]\n|-miss|p1a: Stanley\n|\n|upkeep\n|turn|18\n|\n|t:|1781901115\n|move|p1a: Stanley|Body Slam|p2a: 75%SleepForChuds\n|-crit|p2a: 75%SleepForChuds\n|-damage|p2a: 75%SleepForChuds|32/100 slp\n|cant|p2a: 75%SleepForChuds|slp\n|\n|upkeep\n|turn|19\n|\n|t:|1781901120\n|switch|p1a: Kohaku|Kingler|67/100\n|-curestatus|p2a: 75%SleepForChuds|slp|[msg]\n|\n|upkeep\n|turn|20\n|\n|t:|1781901134\n|move|p1a: Kohaku|Hyper Beam|p2a: 75%SleepForChuds|[miss]\n|-miss|p1a: Kohaku\n|move|p2a: 75%SleepForChuds|Spore|p1a: Kohaku\n|-status|p1a: Kohaku|slp|[from] move: Spore\n|\n|upkeep\n|turn|21\n|inactive|Gilgeous has 270 seconds left.\n|\n|t:|1781901177\n|cant|p1a: Kohaku|slp\n|move|p2a: 75%SleepForChuds|Swords Dance|p2a: 75%SleepForChuds\n|-boost|p2a: 75%SleepForChuds|atk|2\n|\n|upkeep\n|turn|22\n|\n|t:|1781901183\n|cant|p1a: Kohaku|slp\n|move|p2a: 75%SleepForChuds|Hyper Beam|p1a: Kohaku\n|-damage|p1a: Kohaku|0 fnt\n|faint|p1a: Kohaku\n|\n|t:|1781901187\n|switch|p1a: Stanley|Tauros|41/100\n|turn|23\n|inactive|Deezcastforms has 270 seconds left.\n|\n|t:|1781901193\n|move|p1a: Stanley|Body Slam|p2a: 75%SleepForChuds\n|-damage|p2a: 75%SleepForChuds|0 fnt\n|faint|p2a: 75%SleepForChuds\n|inactive|Deezcastforms has 270 seconds left.\n|\n|t:|1781901203\n|switch|p2a: NoSleepTilMain|Exeggutor|59/100 par\n|turn|24\n|\n|t:|1781901217\n|move|p1a: Stanley|Body Slam|p2a: NoSleepTilMain\n|-damage|p2a: NoSleepTilMain|30/100 par\n|move|p2a: NoSleepTilMain|Psychic|p1a: Stanley\n|-damage|p1a: Stanley|0 fnt\n|faint|p1a: Stanley\n|\n|t:|1781901221\n|switch|p1a: Xeno|Zapdos|100/100\n|turn|25\n|\n|t:|1781901223\n|move|p1a: Xeno|Drill Peck|p2a: NoSleepTilMain\n|-supereffective|p2a: NoSleepTilMain\n|-damage|p2a: NoSleepTilMain|0 fnt\n|faint|p2a: NoSleepTilMain\n|\n|t:|1781901224\n|switch|p2a: Bedquaker|Rhydon|100/100\n|turn|26\n|c|☆Deezcastforms|gg\n|c|☆Gilgeous|gg\n|\n|t:|1781901231\n|move|p1a: Xeno|Thunderbolt|p2a: Bedquaker\n|-immune|p2a: Bedquaker\n|move|p2a: Bedquaker|Rock Slide|p1a: Xeno\n|-supereffective|p1a: Xeno\n|-damage|p1a: Xeno|38/100\n|\n|upkeep\n|turn|27\n|\n|t:|1781901234\n|move|p1a: Xeno|Thunderbolt|p2a: Bedquaker\n|-immune|p2a: Bedquaker\n|move|p2a: Bedquaker|Rock Slide|p1a: Xeno\n|-supereffective|p1a: Xeno\n|-damage|p1a: Xeno|0 fnt\n|faint|p1a: Xeno\n|\n|win|Deezcastforms\n|player|p2|\n","uploadtime":1781901234,"views":"79","formatid":"gen1ou","rating":null,"private":2,"password":null}