{"id":"smogtours-gen1ou-949574","format":"[Gen 1] OU","players":["corvinus II","big will 2024"],"log":"|inactive|Battle timer is ON: inactive players will automatically lose when time's up.\n|t:|1782093202\n|gametype|singles\n|player|p1|corvinus II|skullgrunt|\n|player|p2|big will 2024|morty-gen2|\n|gen|1\n|tier|[Gen 1] OU\n|rule|Desync Clause Mod: Desyncs changed to move failure.\n|rule|HP Percentage Mod: HP is shown in percentages\n|rule|Endless Battle Clause: Forcing endless battles is banned\n|rule|Sleep Clause Mod: Limit one foe put to sleep\n|rule|Freeze Clause Mod: Limit one foe frozen\n|rule|Species Clause: Limit one of each Pokémon\n|rule|OHKO Clause: OHKO moves are banned\n|rule|Evasion Moves Clause: Evasion moves are banned\n|\n|t:|1782093202\n|teamsize|p1|6\n|teamsize|p2|6\n|start\n|switch|p1a: Jynx|Jynx|100/100\n|switch|p2a: prelude|Alakazam|100/100\n|turn|1\n|inactive|big will 2024 also wants the timer to be on.\n|inactive|corvinus II also wants the timer to be on.\n|c|☆corvinus II|glhf\n|c|☆big will 2024|u2\n|\n|t:|1782093226\n|move|p2a: prelude|Thunder Wave|p1a: Jynx\n|-status|p1a: Jynx|par\n|move|p1a: Jynx|Lovely Kiss|p2a: prelude\n|-status|p2a: prelude|slp|[from] move: Lovely Kiss\n|\n|upkeep\n|turn|2\n|\n|t:|1782093232\n|switch|p2a: early morning|Chansey|100/100\n|move|p1a: Jynx|Blizzard|p2a: early morning\n|-damage|p2a: early morning|83/100\n|\n|upkeep\n|turn|3\n|inactive|corvinus II has 270 seconds left.\n|\n|t:|1782093263\n|move|p2a: early morning|Seismic Toss|p1a: Jynx\n|-damage|p1a: Jynx|70/100 par\n|move|p1a: Jynx|Blizzard|p2a: early morning\n|-damage|p2a: early morning|65/100\n|\n|upkeep\n|turn|4\n|inactive|corvinus II has 270 seconds left.\n|\n|t:|1782093288\n|move|p2a: early morning|Seismic Toss|p1a: Jynx\n|-damage|p1a: Jynx|40/100 par\n|move|p1a: Jynx|Blizzard|p2a: early morning\n|-damage|p2a: early morning|48/100\n|\n|upkeep\n|turn|5\n|inactive|corvinus II has 270 seconds left.\n|inactive|corvinus II has 240 seconds left.\n|\n|t:|1782093325\n|switch|p2a: night lights|Tauros|100/100\n|move|p1a: Jynx|Rest|p1a: Jynx\n|-status|p1a: Jynx|slp|[from] move: Rest\n|-heal|p1a: Jynx|100/100 slp|[silent]\n|\n|upkeep\n|turn|6\n|\n|t:|1782093335\n|switch|p1a: Starmie|Starmie|100/100\n|move|p2a: night lights|Body Slam|p1a: Starmie\n|-damage|p1a: Starmie|66/100\n|\n|upkeep\n|turn|7\n|\n|t:|1782093348\n|switch|p2a: early morning|Chansey|48/100\n|move|p1a: Starmie|Thunder Wave|p2a: early morning\n|-status|p2a: early morning|par\n|\n|upkeep\n|turn|8\n|inactive|corvinus II has 240 seconds left.\n|\n|t:|1782093390\n|switch|p1a: Rhydon|Rhydon|100/100\n|move|p2a: early morning|Soft-Boiled|p2a: early morning\n|-heal|p2a: early morning|98/100 par\n|\n|upkeep\n|turn|9\n|\n|t:|1782093399\n|switch|p2a: the carnival|Exeggutor|100/100\n|move|p1a: Rhydon|Earthquake|p2a: the carnival\n|-resisted|p2a: the carnival\n|-damage|p2a: the carnival|81/100\n|\n|upkeep\n|turn|10\n|\n|t:|1782093403\n|switch|p1a: Jynx|Jynx|100/100 slp\n|move|p2a: the carnival|Psychic|p1a: Jynx\n|-resisted|p1a: Jynx\n|-damage|p1a: Jynx|83/100 slp\n|\n|upkeep\n|turn|11\n|\n|t:|1782093418\n|switch|p1a: Starmie|Starmie|66/100\n|move|p2a: the carnival|Psychic|p1a: Starmie\n|-resisted|p1a: Starmie\n|-damage|p1a: Starmie|46/100\n|\n|upkeep\n|turn|12\n|\n|t:|1782093421\n|switch|p1a: Jynx|Jynx|83/100 slp\n|move|p2a: the carnival|Sleep Powder|p1a: Jynx\n|-fail|p1a: Jynx|slp\n|\n|upkeep\n|turn|13\n|\n|t:|1782093423\n|cant|p1a: Jynx|slp\n|move|p2a: the carnival|Psychic|p1a: Jynx\n|-resisted|p1a: Jynx\n|-damage|p1a: Jynx|62/100 slp\n|-unboost|p1a: Jynx|spa|1\n|-unboost|p1a: Jynx|spd|1\n|\n|upkeep\n|turn|14\n|\n|t:|1782093428\n|-curestatus|p1a: Jynx|slp|[msg]\n|move|p2a: the carnival|Psychic|p1a: Jynx\n|-resisted|p1a: Jynx\n|-damage|p1a: Jynx|35/100\n|\n|upkeep\n|turn|15\n|\n|t:|1782093436\n|switch|p2a: early morning|Chansey|98/100 par\n|move|p1a: Jynx|Blizzard|p2a: early morning\n|-crit|p2a: early morning\n|-damage|p2a: early morning|62/100 par\n|\n|upkeep\n|turn|16\n|inactive|corvinus II has 270 seconds left.\n|\n|t:|1782093443\n|switch|p2a: tell me when|Snorlax|100/100\n|move|p1a: Jynx|Psychic|p2a: tell me when\n|-damage|p2a: tell me when|85/100\n|-unboost|p2a: tell me when|spa|1\n|-unboost|p2a: tell me when|spd|1\n|\n|upkeep\n|turn|17\n|inactive|corvinus II has 270 seconds left.\n|inactive|corvinus II has 240 seconds left.\n|\n|t:|1782093506\n|switch|p1a: Chansey|Chansey|100/100\n|move|p2a: tell me when|Body Slam|p1a: Chansey\n|-damage|p1a: Chansey|57/100\n|\n|upkeep\n|turn|18\n|\n|t:|1782093511\n|move|p1a: Chansey|Soft-Boiled|p1a: Chansey\n|-heal|p1a: Chansey|100/100\n|move|p2a: tell me when|Body Slam|p1a: Chansey\n|-damage|p1a: Chansey|61/100\n|\n|upkeep\n|turn|19\n|\n|t:|1782093514\n|move|p1a: Chansey|Soft-Boiled|p1a: Chansey\n|-heal|p1a: Chansey|100/100\n|move|p2a: tell me when|Body Slam|p1a: Chansey\n|-damage|p1a: Chansey|57/100\n|\n|upkeep\n|turn|20\n|\n|t:|1782093520\n|move|p1a: Chansey|Soft-Boiled|p1a: Chansey\n|-heal|p1a: Chansey|100/100\n|move|p2a: tell me when|Body Slam|p1a: Chansey\n|-damage|p1a: Chansey|58/100\n|\n|upkeep\n|turn|21\n|\n|t:|1782093527\n|move|p1a: Chansey|Soft-Boiled|p1a: Chansey\n|-heal|p1a: Chansey|100/100\n|move|p2a: tell me when|Body Slam|p1a: Chansey\n|-damage|p1a: Chansey|56/100\n|\n|upkeep\n|turn|22\n|\n|t:|1782093531\n|move|p1a: Chansey|Soft-Boiled|p1a: Chansey\n|-heal|p1a: Chansey|100/100\n|move|p2a: tell me when|Body Slam|p1a: Chansey\n|-damage|p1a: Chansey|62/100\n|\n|upkeep\n|turn|23\n|\n|t:|1782093532\n|move|p1a: Chansey|Thunder Wave|p2a: tell me when\n|-status|p2a: tell me when|par\n|move|p2a: tell me when|Body Slam|p1a: Chansey\n|-damage|p1a: Chansey|24/100\n|\n|upkeep\n|turn|24\n|inactive|corvinus II has 270 seconds left.\n|\n|t:|1782093563\n|move|p1a: Chansey|Soft-Boiled|p1a: Chansey\n|-heal|p1a: Chansey|74/100\n|move|p2a: tell me when|Hyper Beam|p1a: Chansey\n|-damage|p1a: Chansey|5/100\n|-mustrecharge|p2a: tell me when\n|\n|upkeep\n|turn|25\n|\n|t:|1782093568\n|move|p1a: Chansey|Soft-Boiled|p1a: Chansey\n|-heal|p1a: Chansey|55/100\n|cant|p2a: tell me when|recharge\n|\n|upkeep\n|turn|26\n|\n|t:|1782093580\n|move|p1a: Chansey|Soft-Boiled|p1a: Chansey\n|-heal|p1a: Chansey|100/100\n|move|p2a: tell me when|Body Slam|p1a: Chansey\n|-damage|p1a: Chansey|61/100\n|\n|upkeep\n|turn|27\n|\n|t:|1782093585\n|switch|p1a: Rhydon|Rhydon|100/100\n|cant|p2a: tell me when|par\n|\n|upkeep\n|turn|28\n|\n|t:|1782093598\n|move|p1a: Rhydon|Body Slam|p2a: tell me when\n|-damage|p2a: tell me when|63/100 par\n|cant|p2a: tell me when|par\n|\n|upkeep\n|turn|29\n|\n|t:|1782093623\n|switch|p1a: Snorlax|Snorlax|100/100\n|switch|p2a: the carnival|Exeggutor|81/100\n|\n|upkeep\n|turn|30\n|\n|t:|1782093631\n|switch|p1a: Jynx|Jynx|35/100\n|move|p2a: the carnival|Sleep Powder|p1a: Jynx\n|-status|p1a: Jynx|slp|[from] move: Sleep Powder\n|\n|upkeep\n|turn|31\n|inactive|corvinus II has 270 seconds left.\n|\n|t:|1782093666\n|switch|p1a: Starmie|Starmie|46/100\n|move|p2a: the carnival|Psychic|p1a: Starmie\n|-resisted|p1a: Starmie\n|-damage|p1a: Starmie|28/100\n|\n|upkeep\n|turn|32\n|\n|t:|1782093672\n|switch|p2a: festival|Zapdos|100/100\n|move|p1a: Starmie|Recover|p1a: Starmie\n|-heal|p1a: Starmie|78/100\n|\n|upkeep\n|turn|33\n|\n|t:|1782093681\n|switch|p1a: Rhydon|Rhydon|100/100\n|switch|p2a: the carnival|Exeggutor|81/100\n|\n|upkeep\n|turn|34\n|inactive|corvinus II has 270 seconds left.\n|\n|t:|1782093722\n|switch|p2a: tell me when|Snorlax|63/100 par\n|switch|p1a: Chansey|Chansey|61/100\n|\n|upkeep\n|turn|35\n|\n|t:|1782093728\n|move|p1a: Chansey|Soft-Boiled|p1a: Chansey\n|-heal|p1a: Chansey|100/100\n|move|p2a: tell me when|Body Slam|p1a: Chansey\n|-damage|p1a: Chansey|57/100\n|\n|upkeep\n|turn|36\n|\n|t:|1782093731\n|switch|p2a: early morning|Chansey|62/100 par\n|move|p1a: Chansey|Soft-Boiled|p1a: Chansey\n|-heal|p1a: Chansey|100/100\n|\n|upkeep\n|turn|37\n|\n|t:|1782093741\n|switch|p1a: Rhydon|Rhydon|100/100\n|move|p2a: early morning|Reflect|p2a: early morning\n|-start|p2a: early morning|Reflect\n|\n|upkeep\n|turn|38\n|\n|t:|1782093752\n|move|p1a: Rhydon|Earthquake|p2a: early morning\n|-damage|p2a: early morning|36/100 par\n|move|p2a: early morning|Soft-Boiled|p2a: early morning\n|-heal|p2a: early morning|86/100 par\n|\n|upkeep\n|turn|39\n|inactive|corvinus II has 270 seconds left.\n|\n|t:|1782093773\n|switch|p1a: Chansey|Chansey|100/100\n|move|p2a: early morning|Seismic Toss|p1a: Chansey\n|-damage|p1a: Chansey|86/100\n|\n|upkeep\n|turn|40\n|\n|t:|1782093778\n|move|p1a: Chansey|Thunderbolt|p2a: early morning\n|-damage|p2a: early morning|76/100 par\n|move|p2a: early morning|Thunder Wave|p1a: Chansey\n|-status|p1a: Chansey|par\n|\n|upkeep\n|turn|41\n|\n|t:|1782093781\n|move|p1a: Chansey|Thunderbolt|p2a: early morning\n|-damage|p2a: early morning|66/100 par\n|cant|p2a: early morning|par\n|\n|upkeep\n|turn|42\n|\n|t:|1782093799\n|switch|p1a: Starmie|Starmie|78/100\n|move|p2a: early morning|Soft-Boiled|p2a: early morning\n|-heal|p2a: early morning|100/100 par\n|\n|upkeep\n|turn|43\n|\n|t:|1782093806\n|switch|p1a: Chansey|Chansey|86/100 par\n|move|p2a: early morning|Seismic Toss|p1a: Chansey\n|-damage|p1a: Chansey|72/100 par\n|\n|upkeep\n|turn|44\n|\n|t:|1782093811\n|move|p2a: early morning|Seismic Toss|p1a: Chansey\n|-damage|p1a: Chansey|58/100 par\n|move|p1a: Chansey|Thunderbolt|p2a: early morning\n|-damage|p2a: early morning|91/100 par\n|\n|upkeep\n|turn|45\n|\n|t:|1782093817\n|switch|p2a: tell me when|Snorlax|63/100 par\n|move|p1a: Chansey|Soft-Boiled|p1a: Chansey\n|-heal|p1a: Chansey|100/100 par\n|\n|upkeep\n|turn|46\n|\n|t:|1782093839\n|switch|p1a: Snorlax|Snorlax|100/100\n|cant|p2a: tell me when|par\n|\n|upkeep\n|turn|47\n|\n|t:|1782093866\n|move|p1a: Snorlax|Body Slam|p2a: tell me when\n|-crit|p2a: tell me when\n|-damage|p2a: tell me when|14/100 par\n|move|p2a: tell me when|Body Slam|p1a: Snorlax\n|-damage|p1a: Snorlax|73/100\n|\n|upkeep\n|turn|48\n|c|☆corvinus II|mb\n|\n|t:|1782093875\n|switch|p2a: the carnival|Exeggutor|81/100\n|move|p1a: Snorlax|Body Slam|p2a: the carnival\n|-damage|p2a: the carnival|53/100\n|\n|upkeep\n|turn|49\n|inactive|corvinus II has 270 seconds left.\n|\n|t:|1782093898\n|switch|p2a: prelude|Alakazam|100/100 slp\n|switch|p1a: Chansey|Chansey|100/100 par\n|\n|upkeep\n|turn|50\n|\n|t:|1782093906\n|switch|p1a: Rhydon|Rhydon|100/100\n|cant|p2a: prelude|slp\n|\n|upkeep\n|turn|51\n|\n|t:|1782093913\n|switch|p2a: tell me when|Snorlax|14/100 par\n|move|p1a: Rhydon|Earthquake|p2a: tell me when\n|-damage|p2a: tell me when|0 fnt\n|faint|p2a: tell me when\n|\n|t:|1782093915\n|switch|p2a: night lights|Tauros|100/100\n|turn|52\n|\n|t:|1782093934\n|switch|p1a: Jynx|Jynx|35/100 slp\n|move|p2a: night lights|Body Slam|p1a: Jynx\n|-damage|p1a: Jynx|0 fnt\n|faint|p1a: Jynx\n|inactive|corvinus II has 270 seconds left.\n|\n|t:|1782093975\n|switch|p1a: Starmie|Starmie|78/100\n|turn|53\n|\n|t:|1782093999\n|switch|p1a: Rhydon|Rhydon|100/100\n|move|p2a: night lights|Blizzard|p1a: Rhydon\n|-supereffective|p1a: Rhydon\n|-damage|p1a: Rhydon|42/100\n|\n|upkeep\n|turn|54\n|\n|t:|1782094014\n|switch|p1a: Starmie|Starmie|78/100\n|move|p2a: night lights|Body Slam|p1a: Starmie\n|-damage|p1a: Starmie|45/100\n|\n|upkeep\n|turn|55\n|\n|t:|1782094017\n|move|p1a: Starmie|Recover|p1a: Starmie\n|-heal|p1a: Starmie|95/100\n|move|p2a: night lights|Body Slam|p1a: Starmie\n|-damage|p1a: Starmie|60/100\n|\n|upkeep\n|turn|56\n|\n|t:|1782094041\n|switch|p2a: prelude|Alakazam|100/100 slp\n|move|p1a: Starmie|Psychic|p2a: prelude\n|-resisted|p2a: prelude\n|-damage|p2a: prelude|88/100 slp\n|\n|upkeep\n|turn|57\n|\n|t:|1782094049\n|switch|p1a: Tauros|Tauros|100/100\n|-curestatus|p2a: prelude|slp|[msg]\n|\n|upkeep\n|turn|58\n|inactive|big will 2024 has 270 seconds left.\n|\n|t:|1782094083\n|switch|p1a: Chansey|Chansey|100/100 par\n|move|p2a: prelude|Psychic|p1a: Chansey\n|-damage|p1a: Chansey|83/100 par\n|-unboost|p1a: Chansey|spa|1\n|-unboost|p1a: Chansey|spd|1\n|\n|upkeep\n|turn|59\n|\n|t:|1782094087\n|move|p2a: prelude|Psychic|p1a: Chansey\n|-damage|p1a: Chansey|54/100 par\n|-unboost|p1a: Chansey|spa|1\n|-unboost|p1a: Chansey|spd|1\n|cant|p1a: Chansey|par\n|\n|upkeep\n|turn|60\n|\n|t:|1782094093\n|switch|p1a: Starmie|Starmie|60/100\n|move|p2a: prelude|Thunder Wave|p1a: Starmie\n|-status|p1a: Starmie|par\n|\n|upkeep\n|turn|61\n|c|☆corvinus II|wow\n|c|☆corvinus II|im getting fucking owned\n|\n|t:|1782094108\n|switch|p1a: Chansey|Chansey|54/100 par\n|move|p2a: prelude|Seismic Toss|p1a: Chansey\n|-damage|p1a: Chansey|40/100 par\n|\n|upkeep\n|turn|62\n|\n|t:|1782094124\n|move|p2a: prelude|Psychic|p1a: Chansey\n|-crit|p1a: Chansey\n|-damage|p1a: Chansey|5/100 par\n|move|p1a: Chansey|Soft-Boiled|p1a: Chansey\n|-heal|p1a: Chansey|55/100 par\n|\n|upkeep\n|turn|63\n|inactive|big will 2024 has 270 seconds left.\n|\n|t:|1782094147\n|switch|p2a: early morning|Chansey|91/100 par\n|move|p1a: Chansey|Soft-Boiled|p1a: Chansey\n|-heal|p1a: Chansey|100/100 par\n|\n|upkeep\n|turn|64\n|\n|t:|1782094151\n|move|p2a: early morning|Reflect|p2a: early morning\n|-start|p2a: early morning|Reflect\n|move|p1a: Chansey|Thunderbolt|p2a: early morning\n|-damage|p2a: early morning|80/100 par\n|\n|upkeep\n|turn|65\n|\n|t:|1782094158\n|move|p1a: Chansey|Thunderbolt|p2a: early morning\n|-damage|p2a: early morning|69/100 par\n|cant|p2a: early morning|par\n|\n|upkeep\n|turn|66\n|\n|t:|1782094169\n|switch|p1a: Starmie|Starmie|60/100 par\n|move|p2a: early morning|Soft-Boiled|p2a: early morning\n|-heal|p2a: early morning|100/100 par\n|\n|upkeep\n|turn|67\n|\n|t:|1782094174\n|move|p1a: Starmie|Recover|p1a: Starmie\n|-heal|p1a: Starmie|100/100 par\n|move|p2a: early morning|Seismic Toss|p1a: Starmie\n|-damage|p1a: Starmie|70/100 par\n|\n|upkeep\n|turn|68\n|\n|t:|1782094177\n|cant|p1a: Starmie|par\n|move|p2a: early morning|Seismic Toss|p1a: Starmie\n|-damage|p1a: Starmie|39/100 par\n|\n|upkeep\n|turn|69\n|\n|t:|1782094179\n|switch|p2a: festival|Zapdos|100/100\n|cant|p1a: Starmie|par\n|\n|upkeep\n|turn|70\n|\n|t:|1782094182\n|switch|p2a: night lights|Tauros|100/100\n|switch|p1a: Rhydon|Rhydon|42/100\n|\n|upkeep\n|turn|71\n|\n|t:|1782094202\n|switch|p1a: Starmie|Starmie|39/100 par\n|move|p2a: night lights|Blizzard|p1a: Starmie\n|-resisted|p1a: Starmie\n|-damage|p1a: Starmie|27/100 par\n|\n|upkeep\n|turn|72\n|\n|t:|1782094210\n|move|p2a: night lights|Body Slam|p1a: Starmie\n|-damage|p1a: Starmie|0 fnt\n|faint|p1a: Starmie\n|\n|t:|1782094219\n|switch|p1a: Snorlax|Snorlax|73/100\n|turn|73\n|inactive|big will 2024 has 270 seconds left.\n|inactive|big will 2024 has 240 seconds left.\n|\n|t:|1782094295\n|switch|p2a: festival|Zapdos|100/100\n|move|p1a: Snorlax|Self-Destruct|p2a: festival\n|-damage|p2a: festival|7/100\n|faint|p1a: Snorlax\n|\n|t:|1782094297\n|switch|p1a: Rhydon|Rhydon|42/100\n|turn|74\n|\n|t:|1782094301\n|switch|p2a: the carnival|Exeggutor|53/100\n|move|p1a: Rhydon|Substitute|p1a: Rhydon\n|-start|p1a: Rhydon|Substitute\n|-damage|p1a: Rhydon|17/100\n|\n|upkeep\n|turn|75\n|\n|t:|1782094304\n|move|p2a: the carnival|Psychic|p1a: Rhydon\n|-end|p1a: Rhydon|Substitute\n|move|p1a: Rhydon|Body Slam|p2a: the carnival\n|-damage|p2a: the carnival|31/100\n|\n|upkeep\n|turn|76\n|\n|t:|1782094308\n|switch|p1a: Chansey|Chansey|100/100 par\n|move|p2a: the carnival|Psychic|p1a: Chansey\n|-damage|p1a: Chansey|83/100 par\n|\n|upkeep\n|turn|77\n|\n|t:|1782094311\n|move|p2a: the carnival|Explosion|p1a: Chansey\n|-damage|p1a: Chansey|0 fnt\n|faint|p1a: Chansey\n|faint|p2a: the carnival\n|inactive|big will 2024 has 270 seconds left.\n|\n|t:|1782094320\n|switch|p2a: prelude|Alakazam|88/100\n|switch|p1a: Rhydon|Rhydon|17/100\n|turn|78\n|\n|t:|1782094322\n|move|p2a: prelude|Psychic|p1a: Rhydon\n|-damage|p1a: Rhydon|0 fnt\n|faint|p1a: Rhydon\n|\n|t:|1782094323\n|switch|p1a: Tauros|Tauros|100/100\n|turn|79\n|\n|t:|1782094327\n|move|p2a: prelude|Thunder Wave|p1a: Tauros\n|-status|p1a: Tauros|par\n|cant|p1a: Tauros|par\n|\n|upkeep\n|turn|80\n|\n|t:|1782094329\n|move|p2a: prelude|Psychic|p1a: Tauros\n|-damage|p1a: Tauros|53/100 par\n|-unboost|p1a: Tauros|spa|1\n|-unboost|p1a: Tauros|spd|1\n|cant|p1a: Tauros|par\n|\n|upkeep\n|turn|81\n|\n|t:|1782094336\n|move|p2a: prelude|Psychic|p1a: Tauros\n|-damage|p1a: Tauros|0 fnt\n|faint|p1a: Tauros\n|\n|win|big will 2024\n|c|☆big will 2024|ggs\n|c|☆corvinus II|ggs\n|player|p2|\n","uploadtime":1782094336,"views":"73","formatid":"gen1ou","rating":null,"private":0,"password":null}