{"id":"smogtours-gen1ou-904876","format":"[Gen 1] OU","players":["Laroxyl","Ct0wn"],"log":"|inactive|Battle timer is ON: inactive players will automatically lose when time's up.\n|t:|1769981649\n|gametype|singles\n|player|p1|Laroxyl|#splxviitigers2|\n|player|p2|Ct0wn|#splxviiclassiest2|\n|gen|1\n|tier|[Gen 1] OU\n|rule|Desync Clause Mod: Desyncs changed to move failure.\n|rule|Sleep Clause Mod: Limit one foe put to sleep\n|rule|Freeze Clause Mod: Limit one foe frozen\n|rule|Species Clause: Limit one of each Pokémon\n|rule|OHKO Clause: OHKO moves are banned\n|rule|Evasion Moves Clause: Evasion moves are banned\n|rule|Endless Battle Clause: Forcing endless battles is banned\n|rule|HP Percentage Mod: HP is shown in percentages\n|\n|t:|1769981649\n|teamsize|p1|6\n|teamsize|p2|6\n|start\n|switch|p1a: Alakazam|Alakazam|100/100\n|switch|p2a: Alakazam|Alakazam|100/100\n|turn|1\n|c|☆Ct0wn|Hf\n|c|☆Laroxyl|hf\n|rated|Smogon Premier League\n|\n|t:|1769981664\n|move|p2a: Alakazam|Thunder Wave|p1a: Alakazam\n|-status|p1a: Alakazam|par\n|cant|p1a: Alakazam|par\n|\n|upkeep\n|turn|2\n|\n|t:|1769981674\n|move|p2a: Alakazam|Seismic Toss|p1a: Alakazam\n|-damage|p1a: Alakazam|69/100 par\n|move|p1a: Alakazam|Thunder Wave|p2a: Alakazam\n|-status|p2a: Alakazam|par\n|\n|upkeep\n|turn|3\n|\n|t:|1769981678\n|move|p1a: Alakazam|Recover|p1a: Alakazam\n|-heal|p1a: Alakazam|100/100 par\n|move|p2a: Alakazam|Psychic|p1a: Alakazam\n|-resisted|p1a: Alakazam\n|-damage|p1a: Alakazam|84/100 par\n|\n|upkeep\n|turn|4\n|\n|t:|1769981682\n|cant|p1a: Alakazam|par\n|move|p2a: Alakazam|Seismic Toss|p1a: Alakazam\n|-damage|p1a: Alakazam|52/100 par\n|\n|upkeep\n|turn|5\n|\n|t:|1769981686\n|move|p2a: Alakazam|Psychic|p1a: Alakazam\n|-resisted|p1a: Alakazam\n|-damage|p1a: Alakazam|36/100 par\n|-unboost|p1a: Alakazam|spa|1\n|-unboost|p1a: Alakazam|spd|1\n|move|p1a: Alakazam|Recover|p1a: Alakazam\n|-heal|p1a: Alakazam|85/100 par\n|\n|upkeep\n|turn|6\n|\n|t:|1769981690\n|move|p2a: Alakazam|Thunder Wave|p1a: Alakazam\n|-fail|p1a: Alakazam|par\n|move|p1a: Alakazam|Recover|p1a: Alakazam\n|-heal|p1a: Alakazam|100/100 par\n|\n|upkeep\n|turn|7\n|\n|t:|1769981693\n|cant|p2a: Alakazam|par\n|move|p1a: Alakazam|Seismic Toss|p2a: Alakazam\n|-damage|p2a: Alakazam|69/100 par\n|\n|upkeep\n|turn|8\n|\n|t:|1769981696\n|move|p2a: Alakazam|Seismic Toss|p1a: Alakazam\n|-damage|p1a: Alakazam|69/100 par\n|move|p1a: Alakazam|Seismic Toss|p2a: Alakazam\n|-damage|p2a: Alakazam|37/100 par\n|\n|upkeep\n|turn|9\n|\n|t:|1769981702\n|cant|p2a: Alakazam|par\n|move|p1a: Alakazam|Recover|p1a: Alakazam\n|-heal|p1a: Alakazam|100/100 par\n|\n|upkeep\n|turn|10\n|\n|t:|1769981711\n|move|p2a: Alakazam|Recover|p2a: Alakazam\n|-heal|p2a: Alakazam|86/100 par\n|move|p1a: Alakazam|Seismic Toss|p2a: Alakazam\n|-damage|p2a: Alakazam|54/100 par\n|\n|upkeep\n|turn|11\n|\n|t:|1769981717\n|switch|p1a: Snorlax|Snorlax|100/100\n|cant|p2a: Alakazam|par\n|\n|upkeep\n|turn|12\n|\n|t:|1769981726\n|switch|p1a: Exeggutor|Exeggutor|100/100\n|switch|p2a: Cloyster|Cloyster|100/100\n|\n|upkeep\n|turn|13\n|\n|t:|1769981745\n|switch|p1a: Starmie|Starmie|100/100\n|move|p2a: Cloyster|Blizzard|p1a: Starmie\n|-crit|p1a: Starmie\n|-resisted|p1a: Starmie\n|-damage|p1a: Starmie|62/100\n|\n|upkeep\n|turn|14\n|inactive|Laroxyl has 270 seconds left.\n|\n|t:|1769981778\n|move|p1a: Starmie|Thunder Wave|p2a: Cloyster\n|-status|p2a: Cloyster|par\n|cant|p2a: Cloyster|par\n|\n|upkeep\n|turn|15\n|inactive|Laroxyl has 270 seconds left.\n|\n|t:|1769981803\n|switch|p1a: Alakazam|Alakazam|100/100 par\n|switch|p2a: Chansey|Chansey|100/100\n|\n|upkeep\n|turn|16\n|\n|t:|1769981817\n|switch|p2a: Alakazam|Alakazam|54/100 par\n|move|p1a: Alakazam|Seismic Toss|p2a: Alakazam\n|-damage|p2a: Alakazam|23/100 par\n|\n|upkeep\n|turn|17\n|\n|t:|1769981824\n|switch|p2a: Snorlax|Snorlax|100/100\n|move|p1a: Alakazam|Seismic Toss|p2a: Snorlax\n|-damage|p2a: Snorlax|81/100\n|\n|upkeep\n|turn|18\n|\n|t:|1769981846\n|switch|p1a: Exeggutor|Exeggutor|100/100\n|move|p2a: Snorlax|Body Slam|p1a: Exeggutor\n|-damage|p1a: Exeggutor|73/100\n|\n|upkeep\n|turn|19\n|inactive|Laroxyl has 240 seconds left.\n|\n|t:|1769981874\n|move|p1a: Exeggutor|Psychic|p2a: Snorlax\n|-damage|p2a: Snorlax|50/100\n|-unboost|p2a: Snorlax|spa|1\n|-unboost|p2a: Snorlax|spd|1\n|move|p2a: Snorlax|Body Slam|p1a: Exeggutor\n|-damage|p1a: Exeggutor|43/100\n|\n|upkeep\n|turn|20\n|inactive|Laroxyl has 240 seconds left.\n|\n|t:|1769981907\n|switch|p2a: Alakazam|Alakazam|23/100 par\n|move|p1a: Exeggutor|Psychic|p2a: Alakazam\n|-resisted|p2a: Alakazam\n|-damage|p2a: Alakazam|6/100 par\n|-unboost|p2a: Alakazam|spa|1\n|-unboost|p2a: Alakazam|spd|1\n|\n|upkeep\n|turn|21\n|\n|t:|1769981918\n|switch|p2a: Exeggutor|Exeggutor|100/100\n|move|p1a: Exeggutor|Psychic|p2a: Exeggutor\n|-resisted|p2a: Exeggutor\n|-damage|p2a: Exeggutor|88/100\n|\n|upkeep\n|turn|22\n|inactive|Laroxyl has 210 seconds left.\n|\n|t:|1769981946\n|switch|p1a: Alakazam|Alakazam|100/100 par\n|move|p2a: Exeggutor|Sleep Powder|p1a: Alakazam\n|-fail|p1a: Alakazam\n|\n|upkeep\n|turn|23\n|inactive|Laroxyl has 210 seconds left.\n|\n|t:|1769981959\n|switch|p2a: Alakazam|Alakazam|6/100 par\n|move|p1a: Alakazam|Psychic|p2a: Alakazam\n|-resisted|p2a: Alakazam\n|-damage|p2a: Alakazam|0 fnt\n|faint|p2a: Alakazam\n|\n|t:|1769981962\n|switch|p2a: Snorlax|Snorlax|50/100\n|turn|24\n|inactive|Laroxyl has 210 seconds left.\n|\n|t:|1769981987\n|switch|p1a: Snorlax|Snorlax|100/100\n|move|p2a: Snorlax|Body Slam|p1a: Snorlax\n|-damage|p1a: Snorlax|76/100\n|\n|upkeep\n|turn|25\n|\n|t:|1769981999\n|switch|p2a: Cloyster|Cloyster|100/100 par\n|move|p1a: Snorlax|Body Slam|p2a: Cloyster\n|-damage|p2a: Cloyster|77/100 par\n|\n|upkeep\n|turn|26\n|inactive|Laroxyl has 180 seconds left.\n|\n|t:|1769982048\n|move|p1a: Snorlax|Body Slam|p2a: Cloyster\n|-damage|p2a: Cloyster|54/100 par\n|move|p2a: Cloyster|Blizzard|p1a: Snorlax\n|-damage|p1a: Snorlax|45/100\n|\n|upkeep\n|turn|27\n|\n|t:|1769982061\n|move|p1a: Snorlax|Self-Destruct|p2a: Cloyster\n|-damage|p2a: Cloyster|0 fnt\n|faint|p2a: Cloyster\n|faint|p1a: Snorlax\n|\n|t:|1769982080\n|switch|p1a: Alakazam|Alakazam|100/100 par\n|switch|p2a: Tauros|Tauros|100/100\n|turn|28\n|inactive|Laroxyl has 150 seconds left.\n|inactive|Ct0wn has 270 seconds left.\n|\n|t:|1769982111\n|move|p2a: Tauros|Body Slam|p1a: Alakazam\n|-crit|p1a: Alakazam\n|-damage|p1a: Alakazam|8/100 par\n|move|p1a: Alakazam|Thunder Wave|p2a: Tauros\n|-status|p2a: Tauros|par\n|\n|upkeep\n|turn|29\n|inactive|Laroxyl has 150 seconds left.\n|\n|t:|1769982135\n|cant|p1a: Alakazam|par\n|move|p2a: Tauros|Hyper Beam|p1a: Alakazam\n|-crit|p1a: Alakazam\n|-damage|p1a: Alakazam|0 fnt\n|faint|p1a: Alakazam\n|inactive|Laroxyl has 120 seconds left.\n|\n|t:|1769982161\n|switch|p1a: Starmie|Starmie|62/100\n|turn|30\n|inactive|Laroxyl has 120 seconds left.\n|\n|t:|1769982172\n|move|p1a: Starmie|Psychic|p2a: Tauros\n|-damage|p2a: Tauros|60/100 par\n|cant|p2a: Tauros|par\n|\n|upkeep\n|turn|31\n|inactive|Laroxyl has 120 seconds left.\n|\n|t:|1769982209\n|switch|p2a: Chansey|Chansey|100/100\n|move|p1a: Starmie|Psychic|p2a: Chansey\n|-damage|p2a: Chansey|87/100\n|-unboost|p2a: Chansey|spa|1\n|-unboost|p2a: Chansey|spd|1\n|\n|upkeep\n|turn|32\n|inactive|Laroxyl has 90 seconds left.\n|\n|t:|1769982236\n|switch|p1a: Exeggutor|Exeggutor|43/100\n|move|p2a: Chansey|Thunder Wave|p1a: Exeggutor\n|-status|p1a: Exeggutor|par\n|\n|upkeep\n|turn|33\n|inactive|Laroxyl has 60 seconds left.\n|inactive|Laroxyl has 30 seconds left.\n|\n|t:|1769982299\n|switch|p2a: Tauros|Tauros|60/100 par\n|move|p1a: Exeggutor|Psychic|p2a: Tauros\n|-crit|p2a: Tauros\n|-damage|p2a: Tauros|0 fnt\n|faint|p2a: Tauros\n|\n|t:|1769982311\n|switch|p2a: Snorlax|Snorlax|50/100\n|turn|34\n|inactive|Laroxyl has 30 seconds left.\n|inactive|Ct0wn has 270 seconds left.\n|\n|t:|1769982330\n|switch|p1a: Tauros|Tauros|100/100\n|move|p2a: Snorlax|Hyper Beam|p1a: Tauros\n|-damage|p1a: Tauros|41/100\n|-mustrecharge|p2a: Snorlax\n|\n|upkeep\n|turn|35\n|\n|t:|1769982336\n|move|p1a: Tauros|Body Slam|p2a: Snorlax\n|-damage|p2a: Snorlax|27/100\n|cant|p2a: Snorlax|recharge\n|\n|upkeep\n|turn|36\n|inactive|Laroxyl has 30 seconds left.\n|\n|t:|1769982358\n|move|p1a: Tauros|Body Slam|p2a: Snorlax\n|-damage|p2a: Snorlax|4/100\n|move|p2a: Snorlax|Hyper Beam|p1a: Tauros\n|-damage|p1a: Tauros|0 fnt\n|faint|p1a: Tauros\n|inactive|Laroxyl has 30 seconds left this turn.\n|inactive|Laroxyl has 20 seconds left.\n|inactive|Laroxyl has 15 seconds left.\n|inactive|Laroxyl has 10 seconds left.\n|\n|t:|1769982379\n|switch|p1a: Starmie|Starmie|62/100\n|turn|37\n|inactive|Laroxyl has 20 seconds left this turn.\n|inactive|Laroxyl has 15 seconds left.\n|\n|t:|1769982386\n|switch|p2a: Chansey|Chansey|87/100\n|move|p1a: Starmie|Blizzard|p2a: Chansey\n|-damage|p2a: Chansey|74/100\n|\n|upkeep\n|turn|38\n|inactive|Laroxyl has 25 seconds left this turn.\n|inactive|Laroxyl has 20 seconds left.\n|inactive|Laroxyl has 15 seconds left.\n|inactive|Laroxyl has 10 seconds left.\n|\n|t:|1769982402\n|move|p1a: Starmie|Thunder Wave|p2a: Chansey\n|-status|p2a: Chansey|par\n|move|p2a: Chansey|Seismic Toss|p1a: Starmie\n|-damage|p1a: Starmie|31/100\n|\n|upkeep\n|turn|39\n|inactive|Laroxyl has 20 seconds left this turn.\n|inactive|Laroxyl has 15 seconds left.\n|\n|t:|1769982408\n|move|p1a: Starmie|Recover|p1a: Starmie\n|-heal|p1a: Starmie|81/100\n|cant|p2a: Chansey|par\n|\n|upkeep\n|turn|40\n|inactive|Laroxyl has 25 seconds left this turn.\n|inactive|Laroxyl has 20 seconds left.\n|inactive|Laroxyl has 15 seconds left.\n|\n|t:|1769982423\n|move|p1a: Starmie|Psychic|p2a: Chansey\n|-damage|p2a: Chansey|60/100 par\n|move|p2a: Chansey|Reflect|p2a: Chansey\n|-start|p2a: Chansey|Reflect\n|\n|upkeep\n|turn|41\n|inactive|Laroxyl has 25 seconds left this turn.\n|inactive|Laroxyl has 20 seconds left.\n|inactive|Laroxyl has 15 seconds left.\n|inactive|Laroxyl has 10 seconds left.\n|\n|t:|1769982441\n|move|p1a: Starmie|Psychic|p2a: Chansey\n|-damage|p2a: Chansey|45/100 par\n|cant|p2a: Chansey|par\n|\n|upkeep\n|turn|42\n|inactive|Laroxyl has 20 seconds left this turn.\n|\n|t:|1769982446\n|move|p1a: Starmie|Psychic|p2a: Chansey\n|-damage|p2a: Chansey|31/100 par\n|move|p2a: Chansey|Soft-Boiled|p2a: Chansey\n|-heal|p2a: Chansey|81/100 par\n|\n|upkeep\n|turn|43\n|inactive|Laroxyl has 30 seconds left this turn.\n|inactive|Laroxyl has 20 seconds left.\n|\n|t:|1769982457\n|move|p1a: Starmie|Psychic|p2a: Chansey\n|-damage|p2a: Chansey|67/100 par\n|move|p2a: Chansey|Seismic Toss|p1a: Starmie\n|-damage|p1a: Starmie|50/100\n|\n|upkeep\n|turn|44\n|inactive|Laroxyl has 30 seconds left this turn.\n|\n|t:|1769982462\n|move|p1a: Starmie|Recover|p1a: Starmie\n|-heal|p1a: Starmie|99/100\n|cant|p2a: Chansey|par\n|\n|upkeep\n|turn|45\n|inactive|Laroxyl has 30 seconds left.\n|inactive|Laroxyl has 20 seconds left.\n|\n|t:|1769982483\n|switch|p1a: Exeggutor|Exeggutor|43/100 par\n|cant|p2a: Chansey|par\n|\n|upkeep\n|turn|46\n|inactive|Laroxyl has 30 seconds left this turn.\n|inactive|Laroxyl has 20 seconds left.\n|inactive|Laroxyl has 15 seconds left.\n|inactive|Laroxyl has 10 seconds left.\n|inactive|Ct0wn has 270 seconds left.\n|\n|t:|1769982523\n|move|p1a: Exeggutor|Rest|p1a: Exeggutor\n|-status|p1a: Exeggutor|slp|[from] move: Rest\n|-heal|p1a: Exeggutor|100/100 slp|[silent]\n|move|p2a: Chansey|Soft-Boiled|p2a: Chansey\n|-heal|p2a: Chansey|100/100 par\n|\n|upkeep\n|turn|47\n|inactive|Laroxyl has 20 seconds left this turn.\n|inactive|Laroxyl has 15 seconds left.\n|\n|t:|1769982528\n|cant|p1a: Exeggutor|slp\n|move|p2a: Chansey|Seismic Toss|p1a: Exeggutor\n|-damage|p1a: Exeggutor|75/100 slp\n|\n|upkeep\n|turn|48\n|inactive|Laroxyl has 25 seconds left this turn.\n|inactive|Laroxyl has 20 seconds left.\n|inactive|Laroxyl has 15 seconds left.\n|\n|t:|1769982539\n|-curestatus|p1a: Exeggutor|slp|[msg]\n|cant|p2a: Chansey|par\n|\n|upkeep\n|turn|49\n|inactive|Laroxyl has 25 seconds left this turn.\n|inactive|Laroxyl has 20 seconds left.\n|\n|t:|1769982549\n|switch|p1a: Starmie|Starmie|99/100\n|cant|p2a: Chansey|par\n|\n|upkeep\n|turn|50\n|inactive|Laroxyl has 30 seconds left this turn.\n|\n|t:|1769982554\n|move|p1a: Starmie|Psychic|p2a: Chansey\n|-damage|p2a: Chansey|85/100 par\n|-unboost|p2a: Chansey|spa|1\n|-unboost|p2a: Chansey|spd|1\n|move|p2a: Chansey|Thunder Wave|p1a: Starmie\n|-status|p1a: Starmie|par\n|\n|upkeep\n|turn|51\n|\n|t:|1769982561\n|move|p1a: Starmie|Psychic|p2a: Chansey\n|-damage|p2a: Chansey|62/100 par\n|move|p2a: Chansey|Soft-Boiled|p2a: Chansey\n|-heal|p2a: Chansey|100/100 par\n|\n|upkeep\n|turn|52\n|\n|t:|1769982566\n|move|p1a: Starmie|Psychic|p2a: Chansey\n|-crit|p2a: Chansey\n|-damage|p2a: Chansey|71/100 par\n|move|p2a: Chansey|Seismic Toss|p1a: Starmie\n|-damage|p1a: Starmie|69/100 par\n|\n|upkeep\n|turn|53\n|\n|t:|1769982571\n|cant|p1a: Starmie|par\n|move|p2a: Chansey|Seismic Toss|p1a: Starmie\n|-damage|p1a: Starmie|38/100 par\n|\n|upkeep\n|turn|54\n|\n|t:|1769982585\n|cant|p1a: Starmie|par\n|cant|p2a: Chansey|par\n|\n|upkeep\n|turn|55\n|\n|t:|1769982598\n|move|p1a: Starmie|Recover|p1a: Starmie\n|-heal|p1a: Starmie|87/100 par\n|move|p2a: Chansey|Seismic Toss|p1a: Starmie\n|-damage|p1a: Starmie|57/100 par\n|\n|upkeep\n|turn|56\n|\n|t:|1769982603\n|move|p1a: Starmie|Recover|p1a: Starmie\n|-heal|p1a: Starmie|100/100 par\n|move|p2a: Chansey|Seismic Toss|p1a: Starmie\n|-damage|p1a: Starmie|70/100 par\n|\n|upkeep\n|turn|57\n|inactive|Laroxyl has 60 seconds left.\n|\n|t:|1769982610\n|move|p1a: Starmie|Recover|p1a: Starmie\n|-heal|p1a: Starmie|100/100 par\n|move|p2a: Chansey|Soft-Boiled|p2a: Chansey\n|-heal|p2a: Chansey|100/100 par\n|\n|upkeep\n|turn|58\n|\n|t:|1769982617\n|cant|p1a: Starmie|par\n|cant|p2a: Chansey|par\n|\n|upkeep\n|turn|59\n|\n|t:|1769982620\n|move|p1a: Starmie|Psychic|p2a: Chansey\n|-crit|p2a: Chansey\n|-damage|p2a: Chansey|70/100 par\n|move|p2a: Chansey|Seismic Toss|p1a: Starmie\n|-damage|p1a: Starmie|70/100 par\n|\n|upkeep\n|turn|60\n|\n|t:|1769982626\n|move|p1a: Starmie|Psychic|p2a: Chansey\n|-damage|p2a: Chansey|50/100 par\n|move|p2a: Chansey|Soft-Boiled|p2a: Chansey\n|-heal|p2a: Chansey|99/100 par\n|\n|upkeep\n|turn|61\n|\n|t:|1769982635\n|move|p1a: Starmie|Recover|p1a: Starmie\n|-heal|p1a: Starmie|100/100 par\n|move|p2a: Chansey|Seismic Toss|p1a: Starmie\n|-damage|p1a: Starmie|70/100 par\n|\n|upkeep\n|turn|62\n|inactive|Laroxyl has 90 seconds left.\n|\n|t:|1769982644\n|move|p1a: Starmie|Recover|p1a: Starmie\n|-heal|p1a: Starmie|100/100 par\n|move|p2a: Chansey|Seismic Toss|p1a: Starmie\n|-damage|p1a: Starmie|70/100 par\n|\n|upkeep\n|turn|63\n|inactive|Laroxyl has 90 seconds left.\n|\n|t:|1769982659\n|cant|p1a: Starmie|par\n|move|p2a: Chansey|Thunder Wave|p1a: Starmie\n|-fail|p1a: Starmie|par\n|\n|upkeep\n|turn|64\n|\n|t:|1769982663\n|move|p1a: Starmie|Psychic|p2a: Chansey\n|-damage|p2a: Chansey|79/100 par\n|cant|p2a: Chansey|par\n|\n|upkeep\n|turn|65\n|\n|t:|1769982668\n|cant|p1a: Starmie|par\n|cant|p2a: Chansey|par\n|\n|upkeep\n|turn|66\n|\n|t:|1769982670\n|cant|p1a: Starmie|par\n|move|p2a: Chansey|Soft-Boiled|p2a: Chansey\n|-heal|p2a: Chansey|100/100 par\n|\n|upkeep\n|turn|67\n|\n|t:|1769982673\n|cant|p1a: Starmie|par\n|cant|p2a: Chansey|par\n|\n|upkeep\n|turn|68\n|\n|t:|1769982675\n|move|p1a: Starmie|Recover|p1a: Starmie\n|-heal|p1a: Starmie|100/100 par\n|move|p2a: Chansey|Seismic Toss|p1a: Starmie\n|-damage|p1a: Starmie|70/100 par\n|\n|upkeep\n|turn|69\n|\n|t:|1769982679\n|cant|p1a: Starmie|par\n|move|p2a: Chansey|Thunder Wave|p1a: Starmie\n|-fail|p1a: Starmie|par\n|\n|upkeep\n|turn|70\n|\n|t:|1769982682\n|move|p1a: Starmie|Recover|p1a: Starmie\n|-heal|p1a: Starmie|100/100 par\n|cant|p2a: Chansey|par\n|\n|upkeep\n|turn|71\n|\n|t:|1769982688\n|move|p1a: Starmie|Psychic|p2a: Chansey\n|-damage|p2a: Chansey|78/100 par\n|move|p2a: Chansey|Reflect|p2a: Chansey\n|-fail|p2a: Chansey\n|\n|upkeep\n|turn|72\n|\n|t:|1769982697\n|move|p1a: Starmie|Psychic|p2a: Chansey\n|-damage|p2a: Chansey|55/100 par\n|-unboost|p2a: Chansey|spa|1\n|-unboost|p2a: Chansey|spd|1\n|move|p2a: Chansey|Soft-Boiled|p2a: Chansey\n|-heal|p2a: Chansey|100/100 par\n|\n|upkeep\n|turn|73\n|\n|t:|1769982705\n|move|p1a: Starmie|Blizzard|p2a: Chansey\n|-crit|p2a: Chansey\n|-damage|p2a: Chansey|74/100 par\n|move|p2a: Chansey|Seismic Toss|p1a: Starmie\n|-damage|p1a: Starmie|70/100 par\n|\n|upkeep\n|turn|74\n|inactive|Laroxyl has 180 seconds left.\n|\n|t:|1769982714\n|move|p1a: Starmie|Recover|p1a: Starmie\n|-heal|p1a: Starmie|100/100 par\n|move|p2a: Chansey|Soft-Boiled|p2a: Chansey\n|-heal|p2a: Chansey|100/100 par\n|\n|upkeep\n|turn|75\n|\n|t:|1769982719\n|move|p1a: Starmie|Psychic|p2a: Chansey\n|-damage|p2a: Chansey|72/100 par\n|cant|p2a: Chansey|par\n|\n|upkeep\n|turn|76\n|\n|t:|1769982730\n|move|p1a: Starmie|Blizzard|p2a: Chansey\n|-damage|p2a: Chansey|47/100 par\n|move|p2a: Chansey|Soft-Boiled|p2a: Chansey\n|-heal|p2a: Chansey|97/100 par\n|\n|upkeep\n|turn|77\n|\n|t:|1769982743\n|move|p1a: Starmie|Blizzard|p2a: Chansey\n|-damage|p2a: Chansey|69/100 par\n|move|p2a: Chansey|Seismic Toss|p1a: Starmie\n|-damage|p1a: Starmie|70/100 par\n|\n|upkeep\n|turn|78\n|\n|t:|1769982757\n|cant|p1a: Starmie|par\n|move|p2a: Chansey|Thunder Wave|p1a: Starmie\n|-fail|p1a: Starmie|par\n|\n|upkeep\n|turn|79\n|\n|t:|1769982765\n|move|p1a: Starmie|Recover|p1a: Starmie\n|-heal|p1a: Starmie|100/100 par\n|move|p2a: Chansey|Soft-Boiled|p2a: Chansey\n|-heal|p2a: Chansey|100/100 par\n|\n|upkeep\n|turn|80\n|\n|t:|1769982784\n|move|p1a: Starmie|Psychic|p2a: Chansey|[miss]\n|-miss|p1a: Starmie\n|-hint|In Gen 1, moves with 100% accuracy can still miss 1/256 of the time.\n|move|p2a: Chansey|Seismic Toss|p1a: Starmie\n|-damage|p1a: Starmie|70/100 par\n|\n|upkeep\n|turn|81\n|\n|t:|1769982800\n|move|p1a: Starmie|Recover|p1a: Starmie\n|-heal|p1a: Starmie|100/100 par\n|move|p2a: Chansey|Seismic Toss|p1a: Starmie\n|-damage|p1a: Starmie|70/100 par\n|\n|upkeep\n|turn|82\n|\n|t:|1769982809\n|cant|p1a: Starmie|par\n|move|p2a: Chansey|Seismic Toss|p1a: Starmie\n|-damage|p1a: Starmie|39/100 par\n|\n|upkeep\n|turn|83\n|inactive|Laroxyl has 180 seconds left.\n|inactive|Laroxyl has 150 seconds left.\n|\n|t:|1769982868\n|move|p1a: Starmie|Recover|p1a: Starmie\n|-heal|p1a: Starmie|88/100 par\n|cant|p2a: Chansey|par\n|\n|upkeep\n|turn|84\n|inactive|Laroxyl has 150 seconds left.\n|\n|t:|1769982885\n|move|p1a: Starmie|Blizzard|p2a: Chansey\n|-damage|p2a: Chansey|74/100 par\n|move|p2a: Chansey|Seismic Toss|p1a: Starmie\n|-damage|p1a: Starmie|57/100 par\n|\n|upkeep\n|turn|85\n|inactive|Laroxyl has 150 seconds left.\n|\n|t:|1769982893\n|move|p1a: Starmie|Recover|p1a: Starmie\n|-heal|p1a: Starmie|100/100 par\n|move|p2a: Chansey|Seismic Toss|p1a: Starmie\n|-damage|p1a: Starmie|70/100 par\n|\n|upkeep\n|turn|86\n|\n|t:|1769982898\n|move|p1a: Starmie|Recover|p1a: Starmie\n|-heal|p1a: Starmie|100/100 par\n|move|p2a: Chansey|Seismic Toss|p1a: Starmie\n|-damage|p1a: Starmie|70/100 par\n|\n|upkeep\n|turn|87\n|\n|t:|1769982905\n|move|p1a: Starmie|Recover|p1a: Starmie\n|-heal|p1a: Starmie|100/100 par\n|move|p2a: Chansey|Seismic Toss|p1a: Starmie\n|-damage|p1a: Starmie|70/100 par\n|\n|upkeep\n|turn|88\n|inactive|Laroxyl has 150 seconds left.\n|\n|t:|1769982926\n|move|p1a: Starmie|Recover|p1a: Starmie\n|-heal|p1a: Starmie|100/100 par\n|cant|p2a: Chansey|par\n|\n|upkeep\n|turn|89\n|\n|t:|1769982936\n|switch|p1a: Exeggutor|Exeggutor|75/100\n|move|p2a: Chansey|Thunder Wave|p1a: Exeggutor\n|-status|p1a: Exeggutor|par\n|\n|upkeep\n|turn|90\n|\n|t:|1769982953\n|move|p1a: Exeggutor|Psychic|p2a: Chansey\n|-damage|p2a: Chansey|38/100 par\n|-unboost|p2a: Chansey|spa|1\n|-unboost|p2a: Chansey|spd|1\n|move|p2a: Chansey|Soft-Boiled|p2a: Chansey\n|-heal|p2a: Chansey|88/100 par\n|\n|upkeep\n|turn|91\n|inactive|Laroxyl has 150 seconds left.\n|\n|t:|1769982976\n|cant|p1a: Exeggutor|par\n|move|p2a: Chansey|Seismic Toss|p1a: Exeggutor\n|-damage|p1a: Exeggutor|50/100 par\n|\n|upkeep\n|turn|92\n|inactive|Laroxyl has 150 seconds left.\n|\n|t:|1769983001\n|move|p1a: Exeggutor|Psychic|p2a: Chansey\n|-crit|p2a: Chansey\n|-damage|p2a: Chansey|55/100 par\n|-unboost|p2a: Chansey|spa|1\n|-unboost|p2a: Chansey|spd|1\n|move|p2a: Chansey|Seismic Toss|p1a: Exeggutor\n|-damage|p1a: Exeggutor|24/100 par\n|\n|upkeep\n|turn|93\n|inactive|Ct0wn has 270 seconds left.\n|inactive|Laroxyl has 120 seconds left.\n|\n|t:|1769983046\n|cant|p1a: Exeggutor|par\n|cant|p2a: Chansey|par\n|\n|upkeep\n|turn|94\n|inactive|Ct0wn has 270 seconds left.\n|inactive|Laroxyl has 90 seconds left.\n|\n|t:|1769983068\n|cant|p1a: Exeggutor|par\n|move|p2a: Chansey|Soft-Boiled|p2a: Chansey\n|-heal|p2a: Chansey|100/100 par\n|\n|upkeep\n|turn|95\n|inactive|Laroxyl has 90 seconds left.\n|inactive|Ct0wn has 270 seconds left.\n|\n|t:|1769983098\n|cant|p1a: Exeggutor|par\n|move|p2a: Chansey|Seismic Toss|p1a: Exeggutor\n|-damage|p1a: Exeggutor|0 fnt\n|faint|p1a: Exeggutor\n|inactive|Laroxyl has 60 seconds left.\n|\n|t:|1769983116\n|switch|p1a: Starmie|Starmie|100/100 par\n|turn|96\n|inactive|Laroxyl has 60 seconds left.\n|\n|t:|1769983125\n|cant|p1a: Starmie|par\n|move|p2a: Chansey|Thunder Wave|p1a: Starmie\n|-fail|p1a: Starmie|par\n|\n|upkeep\n|turn|97\n|\n|t:|1769983130\n|move|p1a: Starmie|Thunder Wave|p2a: Chansey\n|-fail|p2a: Chansey|par\n|cant|p2a: Chansey|par\n|\n|upkeep\n|turn|98\n|\n|t:|1769983137\n|cant|p1a: Starmie|par\n|cant|p2a: Chansey|par\n|\n|upkeep\n|turn|99\n|\n|t:|1769983140\n|move|p1a: Starmie|Thunder Wave|p2a: Chansey\n|-fail|p2a: Chansey|par\n|move|p2a: Chansey|Reflect|p2a: Chansey\n|-fail|p2a: Chansey\n|\n|upkeep\n|turn|100\n|\n|t:|1769983147\n|move|p1a: Starmie|Thunder Wave|p2a: Chansey\n|-fail|p2a: Chansey|par\n|move|p2a: Chansey|Reflect|p2a: Chansey\n|-fail|p2a: Chansey\n|\n|upkeep\n|turn|101\n|inactive|Laroxyl has 90 seconds left.\n|\n|t:|1769983157\n|move|p1a: Starmie|Blizzard|p2a: Chansey\n|-damage|p2a: Chansey|63/100 par\n|move|p2a: Chansey|Thunder Wave|p1a: Starmie\n|-fail|p1a: Starmie|par\n|\n|upkeep\n|turn|102\n|inactive|Laroxyl has 90 seconds left.\n|\n|t:|1769983167\n|switch|p1a: Jolteon|Jolteon|100/100\n|move|p2a: Chansey|Soft-Boiled|p2a: Chansey\n|-heal|p2a: Chansey|100/100 par\n|\n|upkeep\n|turn|103\n|inactive|Laroxyl has 90 seconds left.\n|\n|t:|1769983182\n|switch|p2a: Exeggutor|Exeggutor|88/100\n|move|p1a: Jolteon|Thunderbolt|p2a: Exeggutor\n|-crit|p2a: Exeggutor\n|-resisted|p2a: Exeggutor\n|-damage|p2a: Exeggutor|64/100\n|\n|upkeep\n|turn|104\n|inactive|Laroxyl has 90 seconds left.\n|inactive|Laroxyl has 60 seconds left.\n|inactive|Ct0wn has 270 seconds left.\n|\n|t:|1769983235\n|switch|p1a: Starmie|Starmie|100/100 par\n|move|p2a: Exeggutor|Psychic|p1a: Starmie\n|-resisted|p1a: Starmie\n|-damage|p1a: Starmie|81/100 par\n|\n|upkeep\n|turn|105\n|inactive|Laroxyl has 60 seconds left.\n|inactive|Ct0wn has 270 seconds left.\n|inactive|Laroxyl has 30 seconds left.\n|\n|t:|1769983273\n|switch|p2a: Chansey|Chansey|100/100 par\n|switch|p1a: Jolteon|Jolteon|100/100\n|\n|upkeep\n|turn|106\n|\n|t:|1769983279\n|move|p1a: Jolteon|Double Kick|p2a: Chansey\n|-supereffective|p2a: Chansey\n|-damage|p2a: Chansey|86/100 par\n|-damage|p2a: Chansey|71/100 par\n|-hitcount|p2a: Chansey|2\n|move|p2a: Chansey|Thunder Wave|p1a: Jolteon\n|-status|p1a: Jolteon|par\n|\n|upkeep\n|turn|107\n|inactive|Laroxyl has 30 seconds left.\n|inactive|Laroxyl has 20 seconds left.\n|inactive|Laroxyl has 15 seconds left.\n|inactive|Laroxyl has 10 seconds left.\n|\n|t:|1769983316\n|move|p1a: Jolteon|Pin Missile|p2a: Chansey|[miss]\n|-miss|p1a: Jolteon\n|move|p2a: Chansey|Seismic Toss|p1a: Jolteon\n|-damage|p1a: Jolteon|70/100 par\n|\n|upkeep\n|turn|108\n|inactive|Laroxyl has 20 seconds left this turn.\n|\n|t:|1769983324\n|move|p1a: Jolteon|Double Kick|p2a: Chansey\n|-supereffective|p2a: Chansey\n|-damage|p2a: Chansey|57/100 par\n|-damage|p2a: Chansey|42/100 par\n|-hitcount|p2a: Chansey|2\n|move|p2a: Chansey|Seismic Toss|p1a: Jolteon\n|-damage|p1a: Jolteon|40/100 par\n|\n|upkeep\n|turn|109\n|inactive|Laroxyl has 30 seconds left this turn.\n|\n|t:|1769983330\n|cant|p1a: Jolteon|par\n|move|p2a: Chansey|Soft-Boiled|p2a: Chansey\n|-heal|p2a: Chansey|92/100 par\n|\n|upkeep\n|turn|110\n|inactive|Laroxyl has 30 seconds left.\n|\n|t:|1769983335\n|move|p1a: Jolteon|Double Kick|p2a: Chansey\n|-crit|p2a: Chansey\n|-supereffective|p2a: Chansey\n|-damage|p2a: Chansey|63/100 par\n|-damage|p2a: Chansey|34/100 par\n|-hitcount|p2a: Chansey|2\n|move|p2a: Chansey|Seismic Toss|p1a: Jolteon\n|-damage|p1a: Jolteon|10/100 par\n|\n|upkeep\n|turn|111\n|\n|t:|1769983343\n|switch|p2a: Exeggutor|Exeggutor|64/100\n|move|p1a: Jolteon|Double Kick|p2a: Exeggutor\n|-resisted|p2a: Exeggutor\n|-damage|p2a: Exeggutor|62/100\n|-damage|p2a: Exeggutor|60/100\n|-hitcount|p2a: Exeggutor|2\n|\n|upkeep\n|turn|112\n|\n|t:|1769983347\n|switch|p1a: Starmie|Starmie|81/100 par\n|move|p2a: Exeggutor|Psychic|p1a: Starmie\n|-crit|p1a: Starmie\n|-resisted|p1a: Starmie\n|-damage|p1a: Starmie|42/100 par\n|\n|upkeep\n|turn|113\n|\n|t:|1769983353\n|switch|p1a: Jolteon|Jolteon|10/100 par\n|move|p2a: Exeggutor|Explosion|p1a: Jolteon\n|-damage|p1a: Jolteon|0 fnt\n|faint|p1a: Jolteon\n|faint|p2a: Exeggutor\n|\n|t:|1769983355\n|switch|p2a: Snorlax|Snorlax|4/100\n|switch|p1a: Starmie|Starmie|42/100 par\n|turn|114\n|inactive|Laroxyl has 60 seconds left.\n|\n|t:|1769983372\n|move|p2a: Snorlax|Self-Destruct|p1a: Starmie\n|-damage|p1a: Starmie|0 fnt\n|faint|p1a: Starmie\n|faint|p2a: Snorlax\n|\n|win|Ct0wn\n|c|☆Laroxyl|gg\n|c|☆Ct0wn|Gg\n|player|p1|\n","uploadtime":1769983372,"views":"1006","formatid":"gen1ou","rating":null,"private":0,"password":null}