{"id":"smogtours-gen1ou-915685","format":"[Gen 1] OU","players":["Laroxyl","Girls See Ghosts"],"log":"|inactive|Battle timer is ON: inactive players will automatically lose when time's up.\n|t:|1772997936\n|gametype|singles\n|player|p1|Laroxyl|#splxviitigers2|\n|player|p2|Girls See Ghosts|#wcor2025canada|\n|gen|1\n|tier|[Gen 1] OU\n|rule|Desync Clause Mod: Desyncs changed to move failure.\n|rule|Sleep Clause Mod: Limit one foe put to sleep\n|rule|Freeze Clause Mod: Limit one foe frozen\n|rule|Species Clause: Limit one of each Pokémon\n|rule|OHKO Clause: OHKO moves are banned\n|rule|Evasion Moves Clause: Evasion moves are banned\n|rule|Endless Battle Clause: Forcing endless battles is banned\n|rule|HP Percentage Mod: HP is shown in percentages\n|\n|t:|1772997936\n|teamsize|p1|6\n|teamsize|p2|6\n|start\n|switch|p1a: Alakazam|Alakazam|100/100\n|switch|p2a: Starmie|Starmie|100/100\n|turn|1\n|rated|Smogon Premier League\n|c|☆Girls See Ghosts|glhf\n|c|☆Laroxyl|u2\n|inactive|Girls See Ghosts has 270 seconds left.\n|\n|t:|1772997971\n|switch|p2a: Chansey|Chansey|100/100\n|move|p1a: Alakazam|Thunder Wave|p2a: Chansey\n|-status|p2a: Chansey|par\n|\n|upkeep\n|turn|2\n|\n|t:|1772997980\n|move|p1a: Alakazam|Psychic|p2a: Chansey\n|-damage|p2a: Chansey|82/100 par\n|-unboost|p2a: Chansey|spa|1\n|-unboost|p2a: Chansey|spd|1\n|move|p2a: Chansey|Seismic Toss|p1a: Alakazam\n|-damage|p1a: Alakazam|69/100\n|\n|upkeep\n|turn|3\n|\n|t:|1772997991\n|switch|p2a: Exeggutor|Exeggutor|100/100\n|move|p1a: Alakazam|Psychic|p2a: Exeggutor\n|-resisted|p2a: Exeggutor\n|-damage|p2a: Exeggutor|85/100\n|-unboost|p2a: Exeggutor|spa|1\n|-unboost|p2a: Exeggutor|spd|1\n|\n|upkeep\n|turn|4\n|\n|t:|1772998000\n|move|p1a: Alakazam|Thunder Wave|p2a: Exeggutor\n|-status|p2a: Exeggutor|par\n|move|p2a: Exeggutor|Sleep Powder|p1a: Alakazam|[miss]\n|-miss|p2a: Exeggutor\n|\n|upkeep\n|turn|5\n|\n|t:|1772998023\n|move|p1a: Alakazam|Seismic Toss|p2a: Exeggutor\n|-damage|p2a: Exeggutor|60/100 par\n|move|p2a: Exeggutor|Sleep Powder|p1a: Alakazam|[miss]\n|-miss|p2a: Exeggutor\n|\n|upkeep\n|turn|6\n|\n|t:|1772998031\n|move|p1a: Alakazam|Seismic Toss|p2a: Exeggutor\n|-damage|p2a: Exeggutor|35/100 par\n|cant|p2a: Exeggutor|par\n|\n|upkeep\n|turn|7\n|\n|t:|1772998043\n|move|p1a: Alakazam|Seismic Toss|p2a: Exeggutor\n|-damage|p2a: Exeggutor|9/100 par\n|cant|p2a: Exeggutor|par\n|\n|upkeep\n|turn|8\n|\n|t:|1772998052\n|switch|p2a: Chansey|Chansey|82/100 par\n|move|p1a: Alakazam|Psychic|p2a: Chansey\n|-damage|p2a: Chansey|66/100 par\n|\n|upkeep\n|turn|9\n|\n|t:|1772998058\n|move|p1a: Alakazam|Psychic|p2a: Chansey\n|-damage|p2a: Chansey|49/100 par\n|-unboost|p2a: Chansey|spa|1\n|-unboost|p2a: Chansey|spd|1\n|move|p2a: Chansey|Soft-Boiled|p2a: Chansey\n|-heal|p2a: Chansey|99/100 par\n|\n|upkeep\n|turn|10\n|\n|t:|1772998068\n|move|p1a: Alakazam|Psychic|p2a: Chansey\n|-damage|p2a: Chansey|72/100 par\n|-unboost|p2a: Chansey|spa|1\n|-unboost|p2a: Chansey|spd|1\n|move|p2a: Chansey|Thunder Wave|p1a: Alakazam\n|-status|p1a: Alakazam|par\n|\n|upkeep\n|turn|11\n|\n|t:|1772998081\n|switch|p2a: Snorlax|Snorlax|100/100\n|cant|p1a: Alakazam|par\n|\n|upkeep\n|turn|12\n|inactive|Laroxyl has 270 seconds left.\n|\n|t:|1772998113\n|switch|p1a: Snorlax|Snorlax|100/100\n|move|p2a: Snorlax|Body Slam|p1a: Snorlax\n|-damage|p1a: Snorlax|74/100\n|\n|upkeep\n|turn|13\n|\n|t:|1772998119\n|move|p1a: Snorlax|Reflect|p1a: Snorlax\n|-start|p1a: Snorlax|Reflect\n|move|p2a: Snorlax|Reflect|p2a: Snorlax\n|-start|p2a: Snorlax|Reflect\n|\n|upkeep\n|turn|14\n|\n|t:|1772998122\n|move|p1a: Snorlax|Body Slam|p2a: Snorlax\n|-damage|p2a: Snorlax|87/100\n|move|p2a: Snorlax|Body Slam|p1a: Snorlax\n|-damage|p1a: Snorlax|60/100\n|\n|upkeep\n|turn|15\n|\n|t:|1772998126\n|move|p2a: Snorlax|Body Slam|p1a: Snorlax\n|-damage|p1a: Snorlax|46/100\n|move|p1a: Snorlax|Body Slam|p2a: Snorlax\n|-damage|p2a: Snorlax|74/100\n|\n|upkeep\n|turn|16\n|\n|t:|1772998134\n|switch|p2a: Starmie|Starmie|100/100\n|move|p1a: Snorlax|Body Slam|p2a: Starmie\n|-damage|p2a: Starmie|61/100\n|\n|upkeep\n|turn|17\n|inactive|Laroxyl has 270 seconds left.\n|inactive|Girls See Ghosts has 270 seconds left.\n|\n|t:|1772998177\n|switch|p1a: Alakazam|Alakazam|69/100 par\n|move|p2a: Starmie|Recover|p2a: Starmie\n|-heal|p2a: Starmie|100/100\n|\n|upkeep\n|turn|18\n|inactive|Girls See Ghosts has 270 seconds left.\n|inactive|Laroxyl has 240 seconds left.\n|\n|t:|1772998230\n|switch|p2a: Chansey|Chansey|72/100 par\n|move|p1a: Alakazam|Recover|p1a: Alakazam\n|-heal|p1a: Alakazam|100/100 par\n|\n|upkeep\n|turn|19\n|\n|t:|1772998244\n|move|p1a: Alakazam|Psychic|p2a: Chansey\n|-damage|p2a: Chansey|54/100 par\n|move|p2a: Chansey|Seismic Toss|p1a: Alakazam\n|-damage|p1a: Alakazam|69/100 par\n|\n|upkeep\n|turn|20\n|\n|t:|1772998254\n|move|p1a: Alakazam|Psychic|p2a: Chansey\n|-damage|p2a: Chansey|37/100 par\n|move|p2a: Chansey|Soft-Boiled|p2a: Chansey\n|-heal|p2a: Chansey|87/100 par\n|\n|upkeep\n|turn|21\n|\n|t:|1772998262\n|move|p1a: Alakazam|Psychic|p2a: Chansey\n|-crit|p2a: Chansey\n|-damage|p2a: Chansey|54/100 par\n|cant|p2a: Chansey|par\n|\n|upkeep\n|turn|22\n|\n|t:|1772998278\n|switch|p1a: Snorlax|Snorlax|46/100\n|cant|p2a: Chansey|par\n|\n|upkeep\n|turn|23\n|inactive|Girls See Ghosts has 270 seconds left.\n|inactive|Laroxyl has 210 seconds left.\n|inactive|Laroxyl has 180 seconds left.\n|\n|t:|1772998347\n|switch|p2a: Starmie|Starmie|100/100\n|move|p1a: Snorlax|Body Slam|p2a: Starmie\n|-damage|p2a: Starmie|65/100\n|-status|p2a: Starmie|par\n|\n|upkeep\n|turn|24\n|inactive|Laroxyl has 180 seconds left.\n|\n|t:|1772998358\n|move|p1a: Snorlax|Body Slam|p2a: Starmie\n|-damage|p2a: Starmie|25/100 par\n|move|p2a: Starmie|Recover|p2a: Starmie\n|-heal|p2a: Starmie|75/100 par\n|\n|upkeep\n|turn|25\n|inactive|Laroxyl has 180 seconds left.\n|inactive|Laroxyl has 150 seconds left.\n|\n|t:|1772998395\n|switch|p1a: Alakazam|Alakazam|69/100 par\n|move|p2a: Starmie|Thunder Wave|p1a: Alakazam\n|-fail|p1a: Alakazam|par\n|\n|upkeep\n|turn|26\n|inactive|Laroxyl has 150 seconds left.\n|\n|t:|1772998408\n|move|p1a: Alakazam|Recover|p1a: Alakazam\n|-heal|p1a: Alakazam|100/100 par\n|cant|p2a: Starmie|par\n|\n|upkeep\n|turn|27\n|inactive|Laroxyl has 150 seconds left.\n|\n|t:|1772998419\n|move|p1a: Alakazam|Seismic Toss|p2a: Starmie\n|-damage|p2a: Starmie|44/100 par\n|move|p2a: Starmie|Recover|p2a: Starmie\n|-heal|p2a: Starmie|94/100 par\n|\n|upkeep\n|turn|28\n|\n|t:|1772998424\n|move|p1a: Alakazam|Psychic|p2a: Starmie\n|-resisted|p2a: Starmie\n|-damage|p2a: Starmie|75/100 par\n|-unboost|p2a: Starmie|spa|1\n|-unboost|p2a: Starmie|spd|1\n|cant|p2a: Starmie|par\n|\n|upkeep\n|turn|29\n|\n|t:|1772998437\n|switch|p2a: Chansey|Chansey|54/100 par\n|move|p1a: Alakazam|Psychic|p2a: Chansey\n|-damage|p2a: Chansey|37/100 par\n|-unboost|p2a: Chansey|spa|1\n|-unboost|p2a: Chansey|spd|1\n|\n|upkeep\n|turn|30\n|\n|t:|1772998450\n|move|p1a: Alakazam|Psychic|p2a: Chansey|[miss]\n|-miss|p1a: Alakazam\n|-hint|In Gen 1, moves with 100% accuracy can still miss 1/256 of the time.\n|move|p2a: Chansey|Soft-Boiled|p2a: Chansey\n|-heal|p2a: Chansey|87/100 par\n|\n|upkeep\n|turn|31\n|\n|t:|1772998459\n|move|p1a: Alakazam|Psychic|p2a: Chansey\n|-damage|p2a: Chansey|57/100 par\n|move|p2a: Chansey|Seismic Toss|p1a: Alakazam\n|-damage|p1a: Alakazam|69/100 par\n|\n|upkeep\n|turn|32\n|\n|t:|1772998467\n|move|p1a: Alakazam|Psychic|p2a: Chansey\n|-damage|p2a: Chansey|27/100 par\n|-unboost|p2a: Chansey|spa|1\n|-unboost|p2a: Chansey|spd|1\n|move|p2a: Chansey|Soft-Boiled|p2a: Chansey\n|-heal|p2a: Chansey|77/100 par\n|\n|upkeep\n|turn|33\n|\n|t:|1772998480\n|switch|p2a: Starmie|Starmie|75/100 par\n|move|p1a: Alakazam|Psychic|p2a: Starmie\n|-resisted|p2a: Starmie\n|-damage|p2a: Starmie|53/100 par\n|\n|upkeep\n|turn|34\n|\n|t:|1772998490\n|cant|p1a: Alakazam|par\n|move|p2a: Starmie|Recover|p2a: Starmie\n|-heal|p2a: Starmie|100/100 par\n|\n|upkeep\n|turn|35\n|inactive|Laroxyl has 180 seconds left.\n|\n|t:|1772998508\n|switch|p2a: Chansey|Chansey|77/100 par\n|move|p1a: Alakazam|Recover|p1a: Alakazam\n|-heal|p1a: Alakazam|100/100 par\n|\n|upkeep\n|turn|36\n|\n|t:|1772998515\n|move|p1a: Alakazam|Seismic Toss|p2a: Chansey\n|-damage|p2a: Chansey|63/100 par\n|cant|p2a: Chansey|par\n|\n|upkeep\n|turn|37\n|inactive|Laroxyl has 180 seconds left.\n|\n|t:|1772998520\n|switch|p1a: Snorlax|Snorlax|46/100\n|move|p2a: Chansey|Soft-Boiled|p2a: Chansey\n|-heal|p2a: Chansey|100/100 par\n|\n|upkeep\n|turn|38\n|inactive|Laroxyl has 180 seconds left.\n|inactive|Girls See Ghosts has 270 seconds left.\n|inactive|Girls See Ghosts has 240 seconds left.\n|\n|t:|1772998592\n|move|p1a: Snorlax|Rest|p1a: Snorlax\n|-status|p1a: Snorlax|slp|[from] move: Rest\n|-heal|p1a: Snorlax|100/100 slp|[silent]\n|move|p2a: Chansey|Thunder Wave|p1a: Snorlax\n|-fail|p1a: Snorlax\n|\n|upkeep\n|turn|39\n|\n|t:|1772998600\n|switch|p2a: Exeggutor|Exeggutor|9/100 par\n|cant|p1a: Snorlax|slp\n|\n|upkeep\n|turn|40\n|\n|t:|1772998613\n|switch|p1a: Alakazam|Alakazam|100/100 par\n|move|p2a: Exeggutor|Explosion|p1a: Alakazam\n|-damage|p1a: Alakazam|0 fnt\n|faint|p1a: Alakazam\n|faint|p2a: Exeggutor\n|inactive|Girls See Ghosts has 240 seconds left.\n|inactive|Laroxyl has 150 seconds left.\n|\n|t:|1772998666\n|switch|p1a: Chansey|Chansey|100/100\n|switch|p2a: Chansey|Chansey|100/100 par\n|turn|41\n|\n|t:|1772998674\n|switch|p1a: Snorlax|Snorlax|100/100 slp\n|move|p2a: Chansey|Thunder Wave|p1a: Snorlax\n|-fail|p1a: Snorlax\n|\n|upkeep\n|turn|42\n|\n|t:|1772998687\n|-curestatus|p1a: Snorlax|slp|[msg]\n|move|p2a: Chansey|Thunder Wave|p1a: Snorlax\n|-status|p1a: Snorlax|par\n|\n|upkeep\n|turn|43\n|\n|t:|1772998700\n|switch|p2a: Snorlax|Snorlax|74/100\n|move|p1a: Snorlax|Reflect|p1a: Snorlax\n|-start|p1a: Snorlax|Reflect\n|\n|upkeep\n|turn|44\n|\n|t:|1772998706\n|move|p2a: Snorlax|Reflect|p2a: Snorlax\n|-start|p2a: Snorlax|Reflect\n|move|p1a: Snorlax|Body Slam|p2a: Snorlax\n|-damage|p2a: Snorlax|61/100\n|\n|upkeep\n|turn|45\n|\n|t:|1772998710\n|move|p2a: Snorlax|Body Slam|p1a: Snorlax\n|-damage|p1a: Snorlax|87/100 par\n|move|p1a: Snorlax|Body Slam|p2a: Snorlax\n|-damage|p2a: Snorlax|47/100\n|\n|upkeep\n|turn|46\n|inactive|Laroxyl has 150 seconds left.\n|\n|t:|1772998715\n|move|p2a: Snorlax|Rest|p2a: Snorlax\n|-status|p2a: Snorlax|slp|[from] move: Rest\n|-heal|p2a: Snorlax|100/100 slp|[silent]\n|cant|p1a: Snorlax|par\n|\n|upkeep\n|turn|47\n|\n|t:|1772998723\n|switch|p1a: Exeggutor|Exeggutor|100/100\n|cant|p2a: Snorlax|slp\n|\n|upkeep\n|turn|48\n|\n|t:|1772998729\n|move|p1a: Exeggutor|Psychic|p2a: Snorlax\n|-damage|p2a: Snorlax|71/100 slp\n|-curestatus|p2a: Snorlax|slp|[msg]\n|\n|upkeep\n|turn|49\n|\n|t:|1772998733\n|switch|p2a: Chansey|Chansey|100/100 par\n|move|p1a: Exeggutor|Psychic|p2a: Chansey\n|-damage|p2a: Chansey|84/100 par\n|\n|upkeep\n|turn|50\n|inactive|Laroxyl has 180 seconds left.\n|\n|t:|1772998746\n|switch|p1a: Snorlax|Snorlax|87/100 par\n|move|p2a: Chansey|Ice Beam|p1a: Snorlax\n|-damage|p1a: Snorlax|69/100 par\n|\n|upkeep\n|turn|51\n|inactive|Laroxyl has 180 seconds left.\n|\n|t:|1772998765\n|switch|p2a: Snorlax|Snorlax|71/100\n|cant|p1a: Snorlax|par\n|\n|upkeep\n|turn|52\n|inactive|Laroxyl has 180 seconds left.\n|\n|t:|1772998772\n|move|p2a: Snorlax|Body Slam|p1a: Snorlax\n|-damage|p1a: Snorlax|42/100 par\n|move|p1a: Snorlax|Reflect|p1a: Snorlax\n|-start|p1a: Snorlax|Reflect\n|\n|upkeep\n|turn|53\n|\n|t:|1772998780\n|switch|p2a: Zapdos|Zapdos|100/100\n|cant|p1a: Snorlax|par\n|\n|upkeep\n|turn|54\n|inactive|Laroxyl has 180 seconds left.\n|\n|t:|1772998802\n|switch|p1a: Chansey|Chansey|100/100\n|move|p2a: Zapdos|Thunderbolt|p1a: Chansey\n|-damage|p1a: Chansey|81/100\n|\n|upkeep\n|turn|55\n|inactive|Laroxyl has 180 seconds left.\n|inactive|Laroxyl has 150 seconds left.\n|\n|t:|1772998846\n|switch|p2a: Chansey|Chansey|84/100 par\n|move|p1a: Chansey|Thunder Wave|p2a: Chansey\n|-fail|p2a: Chansey|par\n|\n|upkeep\n|turn|56\n|inactive|Laroxyl has 150 seconds left.\n|\n|t:|1772998880\n|switch|p1a: Snorlax|Snorlax|42/100 par\n|move|p2a: Chansey|Ice Beam|p1a: Snorlax\n|-damage|p1a: Snorlax|23/100 par\n|\n|upkeep\n|turn|57\n|inactive|Laroxyl has 120 seconds left.\n|\n|t:|1772998909\n|switch|p2a: Snorlax|Snorlax|71/100\n|move|p1a: Snorlax|Rest|p1a: Snorlax\n|-status|p1a: Snorlax|slp|[from] move: Rest\n|-heal|p1a: Snorlax|100/100 slp|[silent]\n|\n|upkeep\n|turn|58\n|inactive|Laroxyl has 120 seconds left.\n|\n|t:|1772998916\n|move|p2a: Snorlax|Body Slam|p1a: Snorlax\n|-damage|p1a: Snorlax|76/100 slp\n|cant|p1a: Snorlax|slp\n|\n|upkeep\n|turn|59\n|\n|t:|1772998918\n|move|p2a: Snorlax|Body Slam|p1a: Snorlax\n|-damage|p1a: Snorlax|48/100 slp\n|-curestatus|p1a: Snorlax|slp|[msg]\n|\n|upkeep\n|turn|60\n|inactive|Laroxyl has 120 seconds left.\n|\n|t:|1772998943\n|move|p2a: Snorlax|Body Slam|p1a: Snorlax\n|-damage|p1a: Snorlax|24/100\n|move|p1a: Snorlax|Reflect|p1a: Snorlax\n|-start|p1a: Snorlax|Reflect\n|\n|upkeep\n|turn|61\n|inactive|Laroxyl has 120 seconds left.\n|inactive|Laroxyl has 90 seconds left.\n|\n|t:|1772998988\n|switch|p2a: Zapdos|Zapdos|100/100\n|switch|p1a: Exeggutor|Exeggutor|100/100\n|\n|upkeep\n|turn|62\n|\n|t:|1772998998\n|switch|p2a: Starmie|Starmie|100/100 par\n|switch|p1a: Snorlax|Snorlax|24/100\n|\n|upkeep\n|turn|63\n|inactive|Laroxyl has 90 seconds left.\n|\n|t:|1772999023\n|move|p1a: Snorlax|Rest|p1a: Snorlax\n|-status|p1a: Snorlax|slp|[from] move: Rest\n|-heal|p1a: Snorlax|100/100 slp|[silent]\n|cant|p2a: Starmie|par\n|\n|upkeep\n|turn|64\n|inactive|Laroxyl has 90 seconds left.\n|\n|t:|1772999029\n|cant|p1a: Snorlax|slp\n|move|p2a: Starmie|Psychic|p1a: Snorlax\n|-damage|p1a: Snorlax|74/100 slp\n|\n|upkeep\n|turn|65\n|\n|t:|1772999034\n|-curestatus|p1a: Snorlax|slp|[msg]\n|move|p2a: Starmie|Thunder Wave|p1a: Snorlax\n|-status|p1a: Snorlax|par\n|\n|upkeep\n|turn|66\n|\n|t:|1772999042\n|switch|p1a: Chansey|Chansey|81/100\n|cant|p2a: Starmie|par\n|\n|upkeep\n|turn|67\n|\n|t:|1772999049\n|switch|p2a: Chansey|Chansey|84/100 par\n|move|p1a: Chansey|Thunderbolt|p2a: Chansey\n|-damage|p2a: Chansey|74/100 par\n|\n|upkeep\n|turn|68\n|\n|t:|1772999070\n|switch|p1a: Snorlax|Snorlax|74/100 par\n|switch|p2a: Snorlax|Snorlax|71/100\n|\n|upkeep\n|turn|69\n|\n|t:|1772999079\n|move|p2a: Snorlax|Body Slam|p1a: Snorlax\n|-damage|p1a: Snorlax|50/100 par\n|move|p1a: Snorlax|Reflect|p1a: Snorlax\n|-start|p1a: Snorlax|Reflect\n|\n|upkeep\n|turn|70\n|\n|t:|1772999086\n|move|p2a: Snorlax|Reflect|p2a: Snorlax\n|-start|p2a: Snorlax|Reflect\n|move|p1a: Snorlax|Rest|p1a: Snorlax\n|-status|p1a: Snorlax|slp|[from] move: Rest\n|-heal|p1a: Snorlax|100/100 slp|[silent]\n|\n|upkeep\n|turn|71\n|\n|t:|1772999090\n|move|p2a: Snorlax|Body Slam|p1a: Snorlax\n|-damage|p1a: Snorlax|88/100 slp\n|cant|p1a: Snorlax|slp\n|\n|upkeep\n|turn|72\n|\n|t:|1772999092\n|move|p2a: Snorlax|Body Slam|p1a: Snorlax\n|-damage|p1a: Snorlax|74/100 slp\n|-curestatus|p1a: Snorlax|slp|[msg]\n|\n|upkeep\n|turn|73\n|\n|t:|1772999099\n|move|p2a: Snorlax|Body Slam|p1a: Snorlax\n|-damage|p1a: Snorlax|61/100\n|move|p1a: Snorlax|Body Slam|p2a: Snorlax\n|-damage|p2a: Snorlax|58/100\n|\n|upkeep\n|turn|74\n|\n|t:|1772999109\n|move|p2a: Snorlax|Body Slam|p1a: Snorlax\n|-damage|p1a: Snorlax|47/100\n|move|p1a: Snorlax|Body Slam|p2a: Snorlax\n|-damage|p2a: Snorlax|45/100\n|\n|upkeep\n|turn|75\n|\n|t:|1772999135\n|move|p2a: Snorlax|Rest|p2a: Snorlax\n|-status|p2a: Snorlax|slp|[from] move: Rest\n|-heal|p2a: Snorlax|100/100 slp|[silent]\n|move|p1a: Snorlax|Body Slam|p2a: Snorlax\n|-damage|p2a: Snorlax|86/100 slp\n|\n|upkeep\n|turn|76\n|\n|t:|1772999143\n|cant|p2a: Snorlax|slp\n|move|p1a: Snorlax|Rest|p1a: Snorlax\n|-status|p1a: Snorlax|slp|[from] move: Rest\n|-heal|p1a: Snorlax|100/100 slp|[silent]\n|\n|upkeep\n|turn|77\n|\n|t:|1772999145\n|-curestatus|p2a: Snorlax|slp|[msg]\n|cant|p1a: Snorlax|slp\n|\n|upkeep\n|turn|78\n|\n|t:|1772999152\n|switch|p2a: Starmie|Starmie|100/100 par\n|-curestatus|p1a: Snorlax|slp|[msg]\n|\n|upkeep\n|turn|79\n|inactive|Laroxyl has 150 seconds left.\n|\n|t:|1772999180\n|switch|p1a: Chansey|Chansey|81/100\n|move|p2a: Starmie|Thunder Wave|p1a: Chansey\n|-status|p1a: Chansey|par\n|\n|upkeep\n|turn|80\n|inactive|Laroxyl has 150 seconds left.\n|\n|t:|1772999192\n|switch|p2a: Snorlax|Snorlax|86/100\n|switch|p1a: Snorlax|Snorlax|100/100\n|\n|upkeep\n|turn|81\n|\n|t:|1772999198\n|move|p2a: Snorlax|Body Slam|p1a: Snorlax\n|-damage|p1a: Snorlax|72/100\n|move|p1a: Snorlax|Body Slam|p2a: Snorlax\n|-damage|p2a: Snorlax|58/100\n|\n|upkeep\n|turn|82\n|\n|t:|1772999203\n|move|p2a: Snorlax|Reflect|p2a: Snorlax\n|-start|p2a: Snorlax|Reflect\n|move|p1a: Snorlax|Body Slam|p2a: Snorlax\n|-damage|p2a: Snorlax|44/100\n|\n|upkeep\n|turn|83\n|\n|t:|1772999207\n|move|p2a: Snorlax|Body Slam|p1a: Snorlax\n|-damage|p1a: Snorlax|47/100\n|move|p1a: Snorlax|Reflect|p1a: Snorlax\n|-start|p1a: Snorlax|Reflect\n|\n|upkeep\n|turn|84\n|inactive|Girls See Ghosts has 270 seconds left.\n|inactive|Laroxyl has 150 seconds left.\n|\n|t:|1772999265\n|move|p2a: Snorlax|Rest|p2a: Snorlax\n|-status|p2a: Snorlax|slp|[from] move: Rest\n|-heal|p2a: Snorlax|100/100 slp|[silent]\n|move|p1a: Snorlax|Rest|p1a: Snorlax\n|-status|p1a: Snorlax|slp|[from] move: Rest\n|-heal|p1a: Snorlax|100/100 slp|[silent]\n|\n|upkeep\n|turn|85\n|\n|t:|1772999270\n|cant|p1a: Snorlax|slp\n|cant|p2a: Snorlax|slp\n|\n|upkeep\n|turn|86\n|\n|t:|1772999276\n|-curestatus|p1a: Snorlax|slp|[msg]\n|-curestatus|p2a: Snorlax|slp|[msg]\n|\n|upkeep\n|turn|87\n|\n|t:|1772999281\n|move|p1a: Snorlax|Body Slam|p2a: Snorlax\n|-damage|p2a: Snorlax|86/100\n|move|p2a: Snorlax|Reflect|p2a: Snorlax\n|-fail|p2a: Snorlax\n|\n|upkeep\n|turn|88\n|\n|t:|1772999285\n|move|p1a: Snorlax|Body Slam|p2a: Snorlax\n|-damage|p2a: Snorlax|72/100\n|move|p2a: Snorlax|Reflect|p2a: Snorlax\n|-fail|p2a: Snorlax\n|\n|upkeep\n|turn|89\n|\n|t:|1772999296\n|move|p2a: Snorlax|Body Slam|p1a: Snorlax\n|-damage|p1a: Snorlax|87/100\n|move|p1a: Snorlax|Earthquake|p2a: Snorlax\n|-damage|p2a: Snorlax|62/100\n|\n|upkeep\n|turn|90\n|\n|t:|1772999303\n|move|p2a: Snorlax|Body Slam|p1a: Snorlax\n|-damage|p1a: Snorlax|74/100\n|move|p1a: Snorlax|Body Slam|p2a: Snorlax\n|-damage|p2a: Snorlax|48/100\n|\n|upkeep\n|turn|91\n|\n|t:|1772999312\n|move|p1a: Snorlax|Body Slam|p2a: Snorlax\n|-damage|p2a: Snorlax|35/100\n|move|p2a: Snorlax|Rest|p2a: Snorlax\n|-status|p2a: Snorlax|slp|[from] move: Rest\n|-heal|p2a: Snorlax|100/100 slp|[silent]\n|\n|upkeep\n|turn|92\n|inactive|Laroxyl has 180 seconds left.\n|\n|t:|1772999322\n|switch|p1a: Exeggutor|Exeggutor|100/100\n|cant|p2a: Snorlax|slp\n|\n|upkeep\n|turn|93\n|\n|t:|1772999327\n|move|p1a: Exeggutor|Psychic|p2a: Snorlax\n|-damage|p2a: Snorlax|69/100 slp\n|-curestatus|p2a: Snorlax|slp|[msg]\n|\n|upkeep\n|turn|94\n|\n|t:|1772999339\n|switch|p2a: Starmie|Starmie|100/100 par\n|move|p1a: Exeggutor|Psychic|p2a: Starmie\n|-resisted|p2a: Starmie\n|-damage|p2a: Starmie|81/100 par\n|-unboost|p2a: Starmie|spa|1\n|-unboost|p2a: Starmie|spd|1\n|\n|upkeep\n|turn|95\n|inactive|Laroxyl has 180 seconds left.\n|inactive|Laroxyl has 150 seconds left.\n|\n|t:|1772999388\n|switch|p1a: Chansey|Chansey|81/100 par\n|move|p2a: Starmie|Thunder Wave|p1a: Chansey\n|-fail|p1a: Chansey|par\n|\n|upkeep\n|turn|96\n|inactive|Laroxyl has 150 seconds left.\n|\n|t:|1772999400\n|switch|p1a: Snorlax|Snorlax|74/100\n|switch|p2a: Chansey|Chansey|74/100 par\n|\n|upkeep\n|turn|97\n|\n|t:|1772999406\n|move|p1a: Snorlax|Body Slam|p2a: Chansey\n|-damage|p2a: Chansey|36/100 par\n|cant|p2a: Chansey|par\n|\n|upkeep\n|turn|98\n|\n|t:|1772999417\n|switch|p2a: Snorlax|Snorlax|69/100\n|move|p1a: Snorlax|Body Slam|p2a: Snorlax\n|-damage|p2a: Snorlax|44/100\n|\n|upkeep\n|turn|99\n|inactive|Laroxyl has 150 seconds left.\n|\n|t:|1772999437\n|move|p1a: Snorlax|Body Slam|p2a: Snorlax\n|-damage|p2a: Snorlax|17/100\n|move|p2a: Snorlax|Reflect|p2a: Snorlax\n|-start|p2a: Snorlax|Reflect\n|\n|upkeep\n|turn|100\n|inactive|Laroxyl has 150 seconds left.\n|\n|t:|1772999454\n|switch|p1a: Exeggutor|Exeggutor|100/100\n|move|p2a: Snorlax|Rest|p2a: Snorlax\n|-status|p2a: Snorlax|slp|[from] move: Rest\n|-heal|p2a: Snorlax|100/100 slp|[silent]\n|\n|upkeep\n|turn|101\n|inactive|Laroxyl has 150 seconds left.\n|\n|t:|1772999470\n|switch|p2a: Starmie|Starmie|81/100 par\n|move|p1a: Exeggutor|Psychic|p2a: Starmie\n|-resisted|p2a: Starmie\n|-damage|p2a: Starmie|61/100 par\n|\n|upkeep\n|turn|102\n|\n|t:|1772999477\n|move|p1a: Exeggutor|Psychic|p2a: Starmie\n|-resisted|p2a: Starmie\n|-damage|p2a: Starmie|41/100 par\n|move|p2a: Starmie|Recover|p2a: Starmie\n|-heal|p2a: Starmie|91/100 par\n|\n|upkeep\n|turn|103\n|inactive|Laroxyl has 150 seconds left.\n|\n|t:|1772999522\n|switch|p1a: Chansey|Chansey|81/100 par\n|cant|p2a: Starmie|par\n|\n|upkeep\n|turn|104\n|inactive|Laroxyl has 120 seconds left.\n|inactive|Girls See Ghosts has 270 seconds left.\n|\n|t:|1772999581\n|switch|p2a: Chansey|Chansey|36/100 par\n|move|p1a: Chansey|Thunderbolt|p2a: Chansey\n|-damage|p2a: Chansey|26/100 par\n|\n|upkeep\n|turn|105\n|\n|t:|1772999595\n|switch|p1a: Snorlax|Snorlax|74/100\n|cant|p2a: Chansey|par\n|\n|upkeep\n|turn|106\n|\n|t:|1772999611\n|switch|p2a: Starmie|Starmie|91/100 par\n|move|p1a: Snorlax|Body Slam|p2a: Starmie\n|-damage|p2a: Starmie|54/100 par\n|\n|upkeep\n|turn|107\n|\n|t:|1772999625\n|move|p1a: Snorlax|Earthquake|p2a: Starmie\n|-damage|p2a: Starmie|26/100 par\n|cant|p2a: Starmie|par\n|\n|upkeep\n|turn|108\n|inactive|Girls See Ghosts has 270 seconds left.\n|inactive|Laroxyl has 90 seconds left.\n|\n|t:|1772999649\n|move|p1a: Snorlax|Body Slam|p2a: Starmie\n|-damage|p2a: Starmie|0 fnt\n|faint|p2a: Starmie\n|\n|t:|1772999655\n|switch|p2a: Zapdos|Zapdos|100/100\n|turn|109\n|\n|t:|1772999664\n|move|p2a: Zapdos|Thunderbolt|p1a: Snorlax\n|-damage|p1a: Snorlax|39/100\n|move|p1a: Snorlax|Body Slam|p2a: Zapdos\n|-damage|p2a: Zapdos|69/100\n|\n|upkeep\n|turn|110\n|\n|t:|1772999670\n|move|p2a: Zapdos|Thunderbolt|p1a: Snorlax\n|-damage|p1a: Snorlax|9/100\n|move|p1a: Snorlax|Body Slam|p2a: Zapdos\n|-damage|p2a: Zapdos|38/100\n|-status|p2a: Zapdos|par\n|\n|upkeep\n|turn|111\n|\n|t:|1772999675\n|move|p1a: Snorlax|Body Slam|p2a: Zapdos\n|-damage|p2a: Zapdos|8/100 par\n|cant|p2a: Zapdos|par\n|\n|upkeep\n|turn|112\n|inactive|Laroxyl has 120 seconds left.\n|\n|t:|1772999698\n|switch|p1a: Exeggutor|Exeggutor|100/100\n|move|p2a: Zapdos|Drill Peck|p1a: Exeggutor\n|-crit|p1a: Exeggutor\n|-supereffective|p1a: Exeggutor\n|-damage|p1a: Exeggutor|12/100\n|\n|upkeep\n|turn|113\n|\n|t:|1772999710\n|move|p1a: Exeggutor|Psychic|p2a: Zapdos\n|-damage|p2a: Zapdos|0 fnt\n|faint|p2a: Zapdos\n|\n|t:|1772999720\n|switch|p2a: Tauros|Tauros|100/100\n|turn|114\n|\n|t:|1772999723\n|switch|p1a: Snorlax|Snorlax|9/100\n|move|p2a: Tauros|Body Slam|p1a: Snorlax\n|-damage|p1a: Snorlax|0 fnt\n|faint|p1a: Snorlax\n|inactive|Laroxyl has 120 seconds left.\n|\n|t:|1772999742\n|switch|p1a: Tauros|Tauros|100/100\n|turn|115\n|\n|t:|1772999751\n|move|p1a: Tauros|Body Slam|p2a: Tauros\n|-crit|p2a: Tauros\n|-damage|p2a: Tauros|46/100\n|move|p2a: Tauros|Body Slam|p1a: Tauros\n|-damage|p1a: Tauros|71/100\n|\n|upkeep\n|turn|116\n|\n|t:|1772999765\n|move|p1a: Tauros|Hyper Beam|p2a: Tauros\n|-crit|p2a: Tauros\n|-damage|p2a: Tauros|0 fnt\n|faint|p2a: Tauros\n|\n|t:|1772999767\n|switch|p2a: Snorlax|Snorlax|100/100 slp\n|turn|117\n|\n|t:|1772999779\n|switch|p1a: Exeggutor|Exeggutor|12/100\n|cant|p2a: Snorlax|slp\n|\n|upkeep\n|turn|118\n|\n|t:|1772999782\n|move|p1a: Exeggutor|Psychic|p2a: Snorlax\n|-damage|p2a: Snorlax|71/100 slp\n|-unboost|p2a: Snorlax|spa|1\n|-unboost|p2a: Snorlax|spd|1\n|-curestatus|p2a: Snorlax|slp|[msg]\n|\n|upkeep\n|turn|119\n|inactive|Laroxyl has 150 seconds left.\n|\n|t:|1772999788\n|move|p1a: Exeggutor|Psychic|p2a: Snorlax\n|-damage|p2a: Snorlax|22/100\n|move|p2a: Snorlax|Body Slam|p1a: Exeggutor\n|-damage|p1a: Exeggutor|0 fnt\n|faint|p1a: Exeggutor\n|\n|t:|1772999793\n|switch|p1a: Tauros|Tauros|71/100\n|turn|120\n|\n|t:|1772999797\n|move|p1a: Tauros|Body Slam|p2a: Snorlax\n|-damage|p2a: Snorlax|0 fnt\n|faint|p2a: Snorlax\n|\n|t:|1772999799\n|switch|p2a: Chansey|Chansey|26/100 par\n|turn|121\n|\n|t:|1772999801\n|move|p1a: Tauros|Body Slam|p2a: Chansey\n|-damage|p2a: Chansey|0 fnt\n|faint|p2a: Chansey\n|\n|win|Laroxyl\n","uploadtime":1772999801,"views":"801","formatid":"gen1ou","rating":null,"private":0,"password":null}