{"id":"smogtours-gen1ou-823989","format":"[Gen 1] OU","players":["spies rby","keeping it icy"],"log":"|inactive|Battle timer is ON: inactive players will automatically lose when time's up.\n|t:|1741491353\n|gametype|singles\n|player|p1|spies rby|unknown|\n|player|p2|keeping it icy|#splxviclassiest2|\n|teamsize|p1|6\n|teamsize|p2|6\n|gen|1\n|tier|[Gen 1] OU\n|rule|Desync Clause Mod: Desyncs changed to move failure.\n|rule|Sleep Clause Mod: Limit one foe put to sleep\n|rule|Freeze Clause Mod: Limit one foe frozen\n|rule|Species Clause: Limit one of each Pokémon\n|rule|OHKO Clause: OHKO moves are banned\n|rule|Evasion Moves Clause: Evasion moves are banned\n|rule|Endless Battle Clause: Forcing endless battles is banned\n|rule|HP Percentage Mod: HP is shown in percentages\n|\n|t:|1741491353\n|start\n|switch|p1a: Alakazam|Alakazam|100/100\n|switch|p2a: starry brexit|Gengar|100/100\n|turn|1\n|rated|Smogon Premier League\n|inactive|spies rby has 270 seconds left.\n|c|☆spies rby|hf\n|\n|t:|1741491398\n|switch|p2a: starry beetroot|Chansey|100/100\n|move|p1a: Alakazam|Thunder Wave|p2a: starry beetroot\n|-status|p2a: starry beetroot|par\n|\n|upkeep\n|turn|2\n|c|☆keeping it icy|u too.\n|\n|t:|1741491412\n|move|p1a: Alakazam|Psychic|p2a: starry beetroot\n|-damage|p2a: starry beetroot|83/100 par\n|move|p2a: starry beetroot|Sing|p1a: Alakazam\n|-status|p1a: Alakazam|slp|[from] move: Sing\n|\n|upkeep\n|turn|3\n|inactive|keeping it icy has 270 seconds left.\n|\n|t:|1741491449\n|switch|p1a: Snorlax|Snorlax|100/100\n|move|p2a: starry beetroot|Ice Beam|p1a: Snorlax\n|-damage|p1a: Snorlax|81/100\n|\n|upkeep\n|turn|4\n|inactive|keeping it icy has 270 seconds left.\n|inactive|spies rby has 270 seconds left.\n|\n|t:|1741491483\n|switch|p2a: starry breakfast|Snorlax|100/100\n|move|p1a: Snorlax|Body Slam|p2a: starry breakfast\n|-damage|p2a: starry breakfast|75/100\n|\n|upkeep\n|turn|5\n|\n|t:|1741491493\n|switch|p1a: Chansey|Chansey|100/100\n|move|p2a: starry breakfast|Body Slam|p1a: Chansey\n|-crit|p1a: Chansey\n|-damage|p1a: Chansey|20/100\n|\n|upkeep\n|turn|6\n|inactive|spies rby has 270 seconds left.\n|\n|t:|1741491503\n|switch|p1a: Exeggutor|Exeggutor|100/100\n|move|p2a: starry breakfast|Body Slam|p1a: Exeggutor\n|-damage|p1a: Exeggutor|69/100\n|\n|upkeep\n|turn|7\n|\n|t:|1741491523\n|switch|p1a: Chansey|Chansey|20/100\n|switch|p2a: starry beetroot|Chansey|83/100 par\n|\n|upkeep\n|turn|8\n|\n|t:|1741491528\n|move|p1a: Chansey|Soft-Boiled|p1a: Chansey\n|-heal|p1a: Chansey|69/100\n|move|p2a: starry beetroot|Thunder Wave|p1a: Chansey\n|-status|p1a: Chansey|par\n|\n|upkeep\n|turn|9\n|\n|t:|1741491534\n|switch|p2a: starry breakfast|Snorlax|75/100\n|move|p1a: Chansey|Soft-Boiled|p1a: Chansey\n|-heal|p1a: Chansey|100/100 par\n|\n|upkeep\n|turn|10\n|\n|t:|1741491541\n|switch|p2a: starry beetroot|Chansey|83/100 par\n|move|p1a: Chansey|Counter|p2a: starry beetroot\n|-fail|p1a: Chansey\n|\n|upkeep\n|turn|11\n|\n|t:|1741491548\n|move|p1a: Chansey|Seismic Toss|p2a: starry beetroot\n|-damage|p2a: starry beetroot|69/100 par\n|move|p2a: starry beetroot|Ice Beam|p1a: Chansey\n|-damage|p1a: Chansey|89/100 par\n|\n|upkeep\n|turn|12\n|\n|t:|1741491554\n|move|p1a: Chansey|Seismic Toss|p2a: starry beetroot\n|-damage|p2a: starry beetroot|55/100 par\n|move|p2a: starry beetroot|Soft-Boiled|p2a: starry beetroot\n|-heal|p2a: starry beetroot|100/100 par\n|\n|upkeep\n|turn|13\n|\n|t:|1741491558\n|move|p1a: Chansey|Seismic Toss|p2a: starry beetroot\n|-damage|p2a: starry beetroot|86/100 par\n|cant|p2a: starry beetroot|par\n|\n|upkeep\n|turn|14\n|\n|t:|1741491560\n|move|p1a: Chansey|Seismic Toss|p2a: starry beetroot\n|-damage|p2a: starry beetroot|72/100 par\n|move|p2a: starry beetroot|Ice Beam|p1a: Chansey\n|-damage|p1a: Chansey|79/100 par\n|\n|upkeep\n|turn|15\n|\n|t:|1741491563\n|move|p1a: Chansey|Thunder Wave|p2a: starry beetroot\n|-fail|p2a: starry beetroot|par\n|cant|p2a: starry beetroot|par\n|\n|upkeep\n|turn|16\n|\n|t:|1741491570\n|move|p1a: Chansey|Seismic Toss|p2a: starry beetroot\n|-damage|p2a: starry beetroot|58/100 par\n|move|p2a: starry beetroot|Ice Beam|p1a: Chansey\n|-damage|p1a: Chansey|69/100 par\n|\n|upkeep\n|turn|17\n|\n|t:|1741491574\n|move|p1a: Chansey|Soft-Boiled|p1a: Chansey\n|-heal|p1a: Chansey|100/100 par\n|move|p2a: starry beetroot|Soft-Boiled|p2a: starry beetroot\n|-heal|p2a: starry beetroot|100/100 par\n|\n|upkeep\n|turn|18\n|\n|t:|1741491578\n|move|p2a: starry beetroot|Ice Beam|p1a: Chansey\n|-damage|p1a: Chansey|90/100 par\n|cant|p1a: Chansey|par\n|\n|upkeep\n|turn|19\n|\n|t:|1741491585\n|move|p1a: Chansey|Seismic Toss|p2a: starry beetroot\n|-damage|p2a: starry beetroot|86/100 par\n|move|p2a: starry beetroot|Thunder Wave|p1a: Chansey\n|-fail|p1a: Chansey|par\n|\n|upkeep\n|turn|20\n|\n|t:|1741491595\n|move|p1a: Chansey|Seismic Toss|p2a: starry beetroot\n|-damage|p2a: starry beetroot|72/100 par\n|move|p2a: starry beetroot|Thunder Wave|p1a: Chansey\n|-fail|p1a: Chansey|par\n|\n|upkeep\n|turn|21\n|\n|t:|1741491608\n|move|p1a: Chansey|Seismic Toss|p2a: starry beetroot\n|-damage|p2a: starry beetroot|58/100 par\n|move|p2a: starry beetroot|Soft-Boiled|p2a: starry beetroot\n|-heal|p2a: starry beetroot|100/100 par\n|\n|upkeep\n|turn|22\n|\n|t:|1741491614\n|move|p1a: Chansey|Seismic Toss|p2a: starry beetroot\n|-damage|p2a: starry beetroot|86/100 par\n|move|p2a: starry beetroot|Ice Beam|p1a: Chansey\n|-damage|p1a: Chansey|79/100 par\n|\n|upkeep\n|turn|23\n|\n|t:|1741491618\n|switch|p2a: starry breakfast|Snorlax|75/100\n|move|p1a: Chansey|Seismic Toss|p2a: starry breakfast\n|-damage|p2a: starry breakfast|56/100\n|\n|upkeep\n|turn|24\n|\n|t:|1741491639\n|move|p2a: starry breakfast|Self-Destruct|p1a: Chansey\n|-damage|p1a: Chansey|0 fnt\n|faint|p1a: Chansey\n|faint|p2a: starry breakfast\n|\n|t:|1741491667\n|switch|p2a: starry backbit|Starmie|100/100\n|switch|p1a: Exeggutor|Exeggutor|69/100\n|turn|25\n|\n|t:|1741491681\n|move|p2a: starry backbit|Blizzard|p1a: Exeggutor\n|-supereffective|p1a: Exeggutor\n|-damage|p1a: Exeggutor|29/100\n|move|p1a: Exeggutor|Sleep Powder|p2a: starry backbit\n|-status|p2a: starry backbit|slp|[from] move: Sleep Powder\n|\n|upkeep\n|turn|26\n|inactive|keeping it icy has 270 seconds left.\n|\n|t:|1741491704\n|switch|p2a: starry beetroot|Chansey|86/100 par\n|switch|p1a: Snorlax|Snorlax|81/100\n|\n|upkeep\n|turn|27\n|inactive|keeping it icy has 270 seconds left.\n|\n|t:|1741491718\n|switch|p2a: starry brexit|Gengar|100/100\n|move|p1a: Snorlax|Body Slam|p2a: starry brexit\n|-immune|p2a: starry brexit\n|\n|upkeep\n|turn|28\n|inactive|keeping it icy has 270 seconds left.\n|\n|t:|1741491729\n|switch|p2a: starry bleakest|Zapdos|100/100\n|move|p1a: Snorlax|Earthquake|p2a: starry bleakest\n|-immune|p2a: starry bleakest\n|\n|upkeep\n|turn|29\n|inactive|keeping it icy has 270 seconds left.\n|\n|t:|1741491747\n|move|p2a: starry bleakest|Thunder Wave|p1a: Snorlax\n|-status|p1a: Snorlax|par\n|move|p1a: Snorlax|Body Slam|p2a: starry bleakest\n|-damage|p2a: starry bleakest|71/100\n|\n|upkeep\n|turn|30\n|inactive|keeping it icy has 270 seconds left.\n|\n|t:|1741491764\n|move|p2a: starry bleakest|Thunderbolt|p1a: Snorlax\n|-damage|p1a: Snorlax|49/100 par\n|cant|p1a: Snorlax|par\n|\n|upkeep\n|turn|31\n|\n|t:|1741491773\n|switch|p2a: starry brexit|Gengar|100/100\n|cant|p1a: Snorlax|par\n|\n|upkeep\n|turn|32\n|inactive|keeping it icy has 270 seconds left.\n|\n|t:|1741491790\n|switch|p2a: starry bleakest|Zapdos|71/100\n|move|p1a: Snorlax|Earthquake|p2a: starry bleakest\n|-immune|p2a: starry bleakest\n|\n|upkeep\n|turn|33\n|\n|t:|1741491796\n|move|p2a: starry bleakest|Thunderbolt|p1a: Snorlax\n|-crit|p1a: Snorlax\n|-damage|p1a: Snorlax|0 fnt\n|faint|p1a: Snorlax\n|\n|t:|1741491809\n|switch|p1a: Zapdos|Zapdos|100/100\n|turn|34\n|inactive|keeping it icy has 270 seconds left.\n|\n|t:|1741491837\n|move|p2a: starry bleakest|Thunder Wave|p1a: Zapdos\n|-status|p1a: Zapdos|par\n|move|p1a: Zapdos|Thunder Wave|p2a: starry bleakest\n|-status|p2a: starry bleakest|par\n|\n|upkeep\n|turn|35\n|\n|t:|1741491855\n|move|p1a: Zapdos|Thunderbolt|p2a: starry bleakest\n|-crit|p2a: starry bleakest\n|-damage|p2a: starry bleakest|14/100 par\n|move|p2a: starry bleakest|Thunderbolt|p1a: Zapdos\n|-damage|p1a: Zapdos|70/100 par\n|\n|upkeep\n|turn|36\n|\n|t:|1741491872\n|switch|p2a: starry beetroot|Chansey|86/100 par\n|move|p1a: Zapdos|Agility|p1a: Zapdos\n|-boost|p1a: Zapdos|spe|2\n|\n|upkeep\n|turn|37\n|\n|t:|1741491884\n|move|p1a: Zapdos|Drill Peck|p2a: starry beetroot\n|-damage|p2a: starry beetroot|55/100 par\n|move|p2a: starry beetroot|Ice Beam|p1a: Zapdos\n|-supereffective|p1a: Zapdos\n|-damage|p1a: Zapdos|35/100 par\n|\n|upkeep\n|turn|38\n|\n|t:|1741491895\n|switch|p2a: starry bleakest|Zapdos|14/100 par\n|move|p1a: Zapdos|Drill Peck|p2a: starry bleakest\n|-resisted|p2a: starry bleakest\n|-damage|p2a: starry bleakest|0 fnt\n|faint|p2a: starry bleakest\n|inactive|keeping it icy has 240 seconds left.\n|inactive|keeping it icy has 210 seconds left.\n|inactive|keeping it icy has 180 seconds left.\n|inactive|keeping it icy has 150 seconds left.\n|\n|t:|1741492029\n|switch|p2a: starry brexit|Gengar|100/100\n|turn|39\n|\n|t:|1741492039\n|move|p1a: Zapdos|Thunder Wave|p2a: starry brexit\n|-status|p2a: starry brexit|par\n|move|p2a: starry brexit|Psychic|p1a: Zapdos\n|-damage|p1a: Zapdos|16/100 par\n|\n|upkeep\n|turn|40\n|\n|t:|1741492048\n|move|p1a: Zapdos|Drill Peck|p2a: starry brexit\n|-damage|p2a: starry brexit|65/100 par\n|cant|p2a: starry brexit|par\n|\n|upkeep\n|turn|41\n|inactive|spies rby has 270 seconds left.\n|\n|t:|1741492107\n|move|p1a: Zapdos|Drill Peck|p2a: starry brexit\n|-damage|p2a: starry brexit|27/100 par\n|move|p2a: starry brexit|Psychic|p1a: Zapdos\n|-damage|p1a: Zapdos|0 fnt\n|faint|p1a: Zapdos\n|inactive|spies rby has 240 seconds left.\n|inactive|spies rby has 210 seconds left.\n|inactive|spies rby has 180 seconds left.\n|\n|t:|1741492179\n|switch|p1a: Tauros|Tauros|100/100\n|turn|42\n|\n|t:|1741492184\n|move|p1a: Tauros|Earthquake|p2a: starry brexit\n|-supereffective|p2a: starry brexit\n|-damage|p2a: starry brexit|0 fnt\n|faint|p2a: starry brexit\n|\n|t:|1741492195\n|switch|p2a: starry botnet|Tauros|100/100\n|turn|43\n|\n|t:|1741492203\n|move|p2a: starry botnet|Body Slam|p1a: Tauros\n|-crit|p1a: Tauros\n|-damage|p1a: Tauros|46/100\n|move|p1a: Tauros|Body Slam|p2a: starry botnet\n|-damage|p2a: starry botnet|70/100\n|\n|upkeep\n|turn|44\n|\n|t:|1741492224\n|switch|p1a: Alakazam|Alakazam|100/100 slp\n|move|p2a: starry botnet|Hyper Beam|p1a: Alakazam\n|-damage|p1a: Alakazam|14/100 slp\n|-mustrecharge|p2a: starry botnet\n|\n|upkeep\n|turn|45\n|\n|t:|1741492228\n|cant|p1a: Alakazam|slp\n|cant|p2a: starry botnet|recharge\n|\n|upkeep\n|turn|46\n|\n|t:|1741492230\n|cant|p1a: Alakazam|slp\n|move|p2a: starry botnet|Body Slam|p1a: Alakazam\n|-damage|p1a: Alakazam|0 fnt\n|faint|p1a: Alakazam\n|\n|t:|1741492234\n|switch|p1a: Tauros|Tauros|46/100\n|turn|47\n|\n|t:|1741492236\n|move|p1a: Tauros|Hyper Beam|p2a: starry botnet|[miss]\n|-miss|p1a: Tauros\n|move|p2a: starry botnet|Hyper Beam|p1a: Tauros\n|-damage|p1a: Tauros|0 fnt\n|faint|p1a: Tauros\n|\n|t:|1741492240\n|switch|p1a: Exeggutor|Exeggutor|29/100\n|turn|48\n|\n|t:|1741492245\n|move|p2a: starry botnet|Hyper Beam|p1a: Exeggutor\n|-damage|p1a: Exeggutor|0 fnt\n|faint|p1a: Exeggutor\n|\n|win|keeping it icy\n|c|☆spies rby|ggs\n|c|☆keeping it icy|ggs\n|player|p1|\n|player|p1|spies rby|unknown|\n|player|p1|\n","uploadtime":1741492245,"views":"1492","formatid":"gen1ou","rating":null,"private":0,"password":null}