{"id":"smogtours-gen1ou-819052","format":"[Gen 1] OU","players":["Amaranth","shiloh"],"log":"|inactive|Battle timer is ON: inactive players will automatically lose when time's up.\n|t:|1739122706\n|gametype|singles\n|player|p1|Amaranth|#amaranth|\n|player|p2|shiloh|#splxvitigers2|\n|teamsize|p1|6\n|teamsize|p2|6\n|gen|1\n|tier|[Gen 1] OU\n|rule|Desync Clause Mod: Desyncs changed to move failure.\n|rule|Sleep Clause Mod: Limit one foe put to sleep\n|rule|Freeze Clause Mod: Limit one foe frozen\n|rule|Species Clause: Limit one of each Pokémon\n|rule|OHKO Clause: OHKO moves are banned\n|rule|Evasion Moves Clause: Evasion moves are banned\n|rule|Endless Battle Clause: Forcing endless battles is banned\n|rule|HP Percentage Mod: HP is shown in percentages\n|\n|t:|1739122706\n|start\n|switch|p1a: Starmie|Starmie|100/100\n|switch|p2a: The Cinder King|Exeggutor|100/100\n|turn|1\n|rated|Smogon Premier League\n|\n|t:|1739122720\n|move|p1a: Starmie|Blizzard|p2a: The Cinder King\n|-supereffective|p2a: The Cinder King\n|-damage|p2a: The Cinder King|62/100\n|-status|p2a: The Cinder King|frz\n|cant|p2a: The Cinder King|frz\n|\n|upkeep\n|turn|2\n|\n|t:|1739122731\n|switch|p1a: Exeggutor|Exeggutor|100/100\n|switch|p2a: Auxiliary|Starmie|100/100\n|\n|upkeep\n|turn|3\n|\n|t:|1739122734\n|move|p2a: Auxiliary|Blizzard|p1a: Exeggutor\n|-supereffective|p1a: Exeggutor\n|-damage|p1a: Exeggutor|62/100\n|-status|p1a: Exeggutor|frz\n|cant|p1a: Exeggutor|frz\n|\n|upkeep\n|turn|4\n|c|☆Amaranth|:handshake:\n|\n|t:|1739122745\n|switch|p1a: Chansey|Chansey|100/100\n|move|p2a: Auxiliary|Thunder Wave|p1a: Chansey\n|-status|p1a: Chansey|par\n|\n|upkeep\n|turn|5\n|\n|t:|1739122753\n|switch|p2a: Nomad|Snorlax|100/100\n|move|p1a: Chansey|Thunder Wave|p2a: Nomad\n|-status|p2a: Nomad|par\n|\n|upkeep\n|turn|6\n|\n|t:|1739122756\n|move|p1a: Chansey|Reflect|p1a: Chansey\n|-start|p1a: Chansey|Reflect\n|move|p2a: Nomad|Earthquake|p1a: Chansey\n|-damage|p1a: Chansey|84/100 par\n|\n|upkeep\n|turn|7\n|\n|t:|1739122759\n|move|p1a: Chansey|Seismic Toss|p2a: Nomad\n|-damage|p2a: Nomad|81/100 par\n|move|p2a: Nomad|Body Slam|p1a: Chansey\n|-damage|p1a: Chansey|62/100 par\n|\n|upkeep\n|turn|8\n|\n|t:|1739122765\n|switch|p2a: Auxiliary|Starmie|100/100\n|move|p1a: Chansey|Soft-Boiled|p1a: Chansey\n|-heal|p1a: Chansey|100/100 par\n|\n|upkeep\n|turn|9\n|\n|t:|1739122767\n|move|p2a: Auxiliary|Psychic|p1a: Chansey\n|-crit|p1a: Chansey\n|-damage|p1a: Chansey|71/100 par\n|-unboost|p1a: Chansey|spa|1\n|-unboost|p1a: Chansey|spd|1\n|move|p1a: Chansey|Thunder Wave|p2a: Auxiliary\n|-status|p2a: Auxiliary|par\n|\n|upkeep\n|turn|10\n|\n|t:|1739122769\n|move|p2a: Auxiliary|Psychic|p1a: Chansey\n|-crit|p1a: Chansey\n|-damage|p1a: Chansey|43/100 par\n|cant|p1a: Chansey|par\n|\n|upkeep\n|turn|11\n|\n|t:|1739122771\n|cant|p2a: Auxiliary|par\n|move|p1a: Chansey|Soft-Boiled|p1a: Chansey\n|-heal|p1a: Chansey|93/100 par\n|\n|upkeep\n|turn|12\n|\n|t:|1739122772\n|move|p2a: Auxiliary|Psychic|p1a: Chansey\n|-crit|p1a: Chansey\n|-damage|p1a: Chansey|63/100 par\n|move|p1a: Chansey|Seismic Toss|p2a: Auxiliary\n|-damage|p2a: Auxiliary|70/100 par\n|\n|upkeep\n|turn|13\n|\n|t:|1739122774\n|move|p2a: Auxiliary|Psychic|p1a: Chansey\n|-crit|p1a: Chansey\n|-damage|p1a: Chansey|35/100 par\n|move|p1a: Chansey|Soft-Boiled|p1a: Chansey\n|-heal|p1a: Chansey|85/100 par\n|\n|upkeep\n|turn|14\n|\n|t:|1739122777\n|move|p2a: Auxiliary|Psychic|p1a: Chansey\n|-damage|p1a: Chansey|62/100 par\n|cant|p1a: Chansey|par\n|\n|upkeep\n|turn|15\n|\n|t:|1739122779\n|move|p2a: Auxiliary|Psychic|p1a: Chansey\n|-damage|p1a: Chansey|38/100 par\n|-unboost|p1a: Chansey|spa|1\n|-unboost|p1a: Chansey|spd|1\n|cant|p1a: Chansey|par\n|\n|upkeep\n|turn|16\n|\n|t:|1739122781\n|cant|p2a: Auxiliary|par\n|move|p1a: Chansey|Soft-Boiled|p1a: Chansey\n|-heal|p1a: Chansey|88/100 par\n|\n|upkeep\n|turn|17\n|\n|t:|1739122783\n|switch|p1a: Exeggutor|Exeggutor|62/100 frz\n|move|p2a: Auxiliary|Psychic|p1a: Exeggutor\n|-resisted|p1a: Exeggutor\n|-damage|p1a: Exeggutor|52/100 frz\n|-unboost|p1a: Exeggutor|spa|1\n|-unboost|p1a: Exeggutor|spd|1\n|\n|upkeep\n|turn|18\n|\n|t:|1739122785\n|switch|p1a: Chansey|Chansey|88/100 par\n|switch|p2a: Nomad|Snorlax|81/100 par\n|\n|upkeep\n|turn|19\n|\n|t:|1739122788\n|move|p1a: Chansey|Reflect|p1a: Chansey\n|-start|p1a: Chansey|Reflect\n|move|p2a: Nomad|Body Slam|p1a: Chansey\n|-damage|p1a: Chansey|68/100 par\n|\n|upkeep\n|turn|20\n|\n|t:|1739122791\n|switch|p2a: Auxiliary|Starmie|70/100 par\n|move|p1a: Chansey|Soft-Boiled|p1a: Chansey\n|-heal|p1a: Chansey|100/100 par\n|\n|upkeep\n|turn|21\n|\n|t:|1739122793\n|move|p2a: Auxiliary|Recover|p2a: Auxiliary\n|-heal|p2a: Auxiliary|100/100 par\n|move|p1a: Chansey|Seismic Toss|p2a: Auxiliary\n|-damage|p2a: Auxiliary|70/100 par\n|\n|upkeep\n|turn|22\n|\n|t:|1739122795\n|move|p2a: Auxiliary|Recover|p2a: Auxiliary\n|-heal|p2a: Auxiliary|100/100 par\n|move|p1a: Chansey|Seismic Toss|p2a: Auxiliary\n|-damage|p2a: Auxiliary|70/100 par\n|\n|upkeep\n|turn|23\n|\n|t:|1739122797\n|move|p2a: Auxiliary|Recover|p2a: Auxiliary\n|-heal|p2a: Auxiliary|100/100 par\n|move|p1a: Chansey|Seismic Toss|p2a: Auxiliary\n|-damage|p2a: Auxiliary|70/100 par\n|\n|upkeep\n|turn|24\n|\n|t:|1739122799\n|cant|p2a: Auxiliary|par\n|cant|p1a: Chansey|par\n|\n|upkeep\n|turn|25\n|\n|t:|1739122800\n|cant|p2a: Auxiliary|par\n|cant|p1a: Chansey|par\n|\n|upkeep\n|turn|26\n|\n|t:|1739122802\n|move|p2a: Auxiliary|Recover|p2a: Auxiliary\n|-heal|p2a: Auxiliary|100/100 par\n|move|p1a: Chansey|Seismic Toss|p2a: Auxiliary\n|-damage|p2a: Auxiliary|70/100 par\n|\n|upkeep\n|turn|27\n|\n|t:|1739122804\n|cant|p2a: Auxiliary|par\n|move|p1a: Chansey|Seismic Toss|p2a: Auxiliary\n|-damage|p2a: Auxiliary|39/100 par\n|\n|upkeep\n|turn|28\n|\n|t:|1739122812\n|move|p2a: Auxiliary|Recover|p2a: Auxiliary\n|-heal|p2a: Auxiliary|88/100 par\n|move|p1a: Chansey|Seismic Toss|p2a: Auxiliary\n|-damage|p2a: Auxiliary|57/100 par\n|\n|upkeep\n|turn|29\n|\n|t:|1739122814\n|move|p2a: Auxiliary|Recover|p2a: Auxiliary\n|-heal|p2a: Auxiliary|100/100 par\n|move|p1a: Chansey|Seismic Toss|p2a: Auxiliary\n|-damage|p2a: Auxiliary|70/100 par\n|\n|upkeep\n|turn|30\n|\n|t:|1739122815\n|move|p2a: Auxiliary|Recover|p2a: Auxiliary\n|-heal|p2a: Auxiliary|100/100 par\n|move|p1a: Chansey|Seismic Toss|p2a: Auxiliary\n|-damage|p2a: Auxiliary|70/100 par\n|\n|upkeep\n|turn|31\n|\n|t:|1739122817\n|cant|p2a: Auxiliary|par\n|move|p1a: Chansey|Seismic Toss|p2a: Auxiliary\n|-damage|p2a: Auxiliary|39/100 par\n|\n|upkeep\n|turn|32\n|\n|t:|1739122820\n|switch|p1a: Snorlax|Snorlax|100/100\n|move|p2a: Auxiliary|Recover|p2a: Auxiliary\n|-heal|p2a: Auxiliary|88/100 par\n|\n|upkeep\n|turn|33\n|\n|t:|1739122823\n|switch|p2a: Solemnity Divine|Gengar|100/100\n|move|p1a: Snorlax|Body Slam|p2a: Solemnity Divine\n|-immune|p2a: Solemnity Divine\n|\n|upkeep\n|turn|34\n|\n|t:|1739122827\n|move|p2a: Solemnity Divine|Hypnosis|p1a: Snorlax\n|-status|p1a: Snorlax|slp|[from] move: Hypnosis\n|cant|p1a: Snorlax|slp\n|\n|upkeep\n|turn|35\n|\n|t:|1739122837\n|switch|p1a: Chansey|Chansey|100/100 par\n|move|p2a: Solemnity Divine|Thunderbolt|p1a: Chansey\n|-damage|p1a: Chansey|88/100 par\n|\n|upkeep\n|turn|36\n|\n|t:|1739122856\n|move|p2a: Solemnity Divine|Thunderbolt|p1a: Chansey\n|-damage|p1a: Chansey|76/100 par\n|move|p1a: Chansey|Seismic Toss|p2a: Solemnity Divine\n|-damage|p2a: Solemnity Divine|70/100\n|\n|upkeep\n|turn|37\n|\n|t:|1739122859\n|switch|p1a: Exeggutor|Exeggutor|52/100 frz\n|move|p2a: Solemnity Divine|Night Shade|p1a: Exeggutor\n|-damage|p1a: Exeggutor|26/100 frz\n|\n|upkeep\n|turn|38\n|\n|t:|1739122862\n|switch|p1a: Chansey|Chansey|76/100 par\n|move|p2a: Solemnity Divine|Night Shade|p1a: Chansey\n|-damage|p1a: Chansey|62/100 par\n|\n|upkeep\n|turn|39\n|\n|t:|1739122865\n|switch|p1a: Exeggutor|Exeggutor|26/100 frz\n|move|p2a: Solemnity Divine|Explosion|p1a: Exeggutor\n|-damage|p1a: Exeggutor|0 fnt\n|faint|p1a: Exeggutor\n|faint|p2a: Solemnity Divine\n|\n|t:|1739122876\n|switch|p2a: Nomad|Snorlax|81/100 par\n|switch|p1a: Starmie|Starmie|100/100\n|turn|40\n|\n|t:|1739122882\n|move|p1a: Starmie|Psychic|p2a: Nomad\n|-crit|p2a: Nomad\n|-damage|p2a: Nomad|28/100 par\n|move|p2a: Nomad|Body Slam|p1a: Starmie\n|-damage|p1a: Starmie|66/100\n|-status|p1a: Starmie|par\n|\n|upkeep\n|turn|41\n|\n|t:|1739122886\n|switch|p2a: Divinity Salvage|Zapdos|100/100\n|move|p1a: Starmie|Psychic|p2a: Divinity Salvage\n|-damage|p2a: Divinity Salvage|75/100\n|\n|upkeep\n|turn|42\n|\n|t:|1739122889\n|switch|p1a: Rhydon|Rhydon|100/100\n|move|p2a: Divinity Salvage|Thunderbolt|p1a: Rhydon\n|-immune|p1a: Rhydon\n|\n|upkeep\n|turn|43\n|\n|t:|1739122909\n|switch|p2a: STORMBLESSED|Tauros|100/100\n|move|p1a: Rhydon|Substitute|p1a: Rhydon\n|-start|p1a: Rhydon|Substitute\n|-damage|p1a: Rhydon|76/100\n|\n|upkeep\n|turn|44\n|\n|t:|1739122911\n|move|p2a: STORMBLESSED|Earthquake|p1a: Rhydon\n|-crit|p1a: Rhydon\n|-supereffective|p1a: Rhydon\n|-end|p1a: Rhydon|Substitute\n|move|p1a: Rhydon|Earthquake|p2a: STORMBLESSED\n|-damage|p2a: STORMBLESSED|57/100\n|\n|upkeep\n|turn|45\n|\n|t:|1739122923\n|switch|p1a: Snorlax|Snorlax|100/100 slp\n|move|p2a: STORMBLESSED|Blizzard|p1a: Snorlax\n|-damage|p1a: Snorlax|83/100 slp\n|\n|upkeep\n|turn|46\n|\n|t:|1739122926\n|move|p2a: STORMBLESSED|Body Slam|p1a: Snorlax\n|-damage|p1a: Snorlax|57/100 slp\n|-curestatus|p1a: Snorlax|slp|[msg]\n|\n|upkeep\n|turn|47\n|\n|t:|1739122935\n|switch|p2a: The Cinder King|Exeggutor|62/100 frz\n|move|p1a: Snorlax|Counter|p2a: The Cinder King\n|-damage|p2a: The Cinder King|0 fnt\n|faint|p2a: The Cinder King\n|\n|t:|1739122942\n|switch|p2a: Divinity Salvage|Zapdos|75/100\n|turn|48\n|\n|t:|1739122947\n|switch|p2a: STORMBLESSED|Tauros|57/100\n|move|p1a: Snorlax|Self-Destruct|p2a: STORMBLESSED\n|-damage|p2a: STORMBLESSED|0 fnt\n|faint|p2a: STORMBLESSED\n|faint|p1a: Snorlax\n|\n|t:|1739122959\n|switch|p2a: Auxiliary|Starmie|88/100 par\n|switch|p1a: Starmie|Starmie|66/100 par\n|turn|49\n|\n|t:|1739122962\n|move|p1a: Starmie|Recover|p1a: Starmie\n|-heal|p1a: Starmie|100/100 par\n|move|p2a: Auxiliary|Recover|p2a: Auxiliary\n|-heal|p2a: Auxiliary|100/100 par\n|\n|upkeep\n|turn|50\n|\n|t:|1739122964\n|move|p1a: Starmie|Psychic|p2a: Auxiliary\n|-resisted|p2a: Auxiliary\n|-damage|p2a: Auxiliary|83/100 par\n|-unboost|p2a: Auxiliary|spa|1\n|-unboost|p2a: Auxiliary|spd|1\n|cant|p2a: Auxiliary|par\n|\n|upkeep\n|turn|51\n|\n|t:|1739122967\n|move|p1a: Starmie|Psychic|p2a: Auxiliary\n|-crit|p2a: Auxiliary\n|-resisted|p2a: Auxiliary\n|-damage|p2a: Auxiliary|51/100 par\n|cant|p2a: Auxiliary|par\n|\n|upkeep\n|turn|52\n|\n|t:|1739122971\n|cant|p1a: Starmie|par\n|move|p2a: Auxiliary|Recover|p2a: Auxiliary\n|-heal|p2a: Auxiliary|100/100 par\n|\n|upkeep\n|turn|53\n|\n|t:|1739122975\n|move|p1a: Starmie|Blizzard|p2a: Auxiliary\n|-crit|p2a: Auxiliary\n|-resisted|p2a: Auxiliary\n|-damage|p2a: Auxiliary|73/100 par\n|move|p2a: Auxiliary|Psychic|p1a: Starmie\n|-crit|p1a: Starmie\n|-resisted|p1a: Starmie\n|-damage|p1a: Starmie|66/100 par\n|\n|upkeep\n|turn|54\n|\n|t:|1739122977\n|move|p1a: Starmie|Psychic|p2a: Auxiliary\n|-resisted|p2a: Auxiliary\n|-damage|p2a: Auxiliary|48/100 par\n|move|p2a: Auxiliary|Recover|p2a: Auxiliary\n|-heal|p2a: Auxiliary|98/100 par\n|\n|upkeep\n|turn|55\n|\n|t:|1739122980\n|move|p1a: Starmie|Psychic|p2a: Auxiliary\n|-resisted|p2a: Auxiliary\n|-damage|p2a: Auxiliary|74/100 par\n|-unboost|p2a: Auxiliary|spa|1\n|-unboost|p2a: Auxiliary|spd|1\n|move|p2a: Auxiliary|Psychic|p1a: Starmie\n|-resisted|p1a: Starmie\n|-damage|p1a: Starmie|58/100 par\n|\n|upkeep\n|turn|56\n|\n|t:|1739122985\n|move|p1a: Starmie|Recover|p1a: Starmie\n|-heal|p1a: Starmie|100/100 par\n|move|p2a: Auxiliary|Recover|p2a: Auxiliary\n|-heal|p2a: Auxiliary|100/100 par\n|\n|upkeep\n|turn|57\n|\n|t:|1739122988\n|switch|p1a: Chansey|Chansey|62/100 par\n|cant|p2a: Auxiliary|par\n|\n|upkeep\n|turn|58\n|\n|t:|1739122993\n|switch|p2a: Nomad|Snorlax|28/100 par\n|cant|p1a: Chansey|par\n|\n|upkeep\n|turn|59\n|\n|t:|1739123001\n|move|p1a: Chansey|Seismic Toss|p2a: Nomad\n|-damage|p2a: Nomad|9/100 par\n|move|p2a: Nomad|Self-Destruct|p1a: Chansey\n|-damage|p1a: Chansey|0 fnt\n|faint|p1a: Chansey\n|faint|p2a: Nomad\n|\n|t:|1739123009\n|switch|p1a: Starmie|Starmie|100/100 par\n|switch|p2a: Divinity Salvage|Zapdos|75/100\n|turn|60\n|\n|t:|1739123012\n|switch|p2a: Auxiliary|Starmie|100/100 par\n|switch|p1a: Rhydon|Rhydon|76/100\n|\n|upkeep\n|turn|61\n|\n|t:|1739123015\n|switch|p1a: Starmie|Starmie|100/100 par\n|switch|p2a: Divinity Salvage|Zapdos|75/100\n|\n|upkeep\n|turn|62\n|\n|t:|1739123017\n|switch|p2a: Auxiliary|Starmie|100/100 par\n|switch|p1a: Rhydon|Rhydon|76/100\n|\n|upkeep\n|turn|63\n|\n|t:|1739123019\n|switch|p1a: Starmie|Starmie|100/100 par\n|switch|p2a: Divinity Salvage|Zapdos|75/100\n|\n|upkeep\n|turn|64\n|\n|t:|1739123021\n|switch|p2a: Auxiliary|Starmie|100/100 par\n|switch|p1a: Rhydon|Rhydon|76/100\n|\n|upkeep\n|turn|65\n|\n|t:|1739123022\n|switch|p1a: Starmie|Starmie|100/100 par\n|move|p2a: Auxiliary|Psychic|p1a: Starmie\n|-crit|p1a: Starmie\n|-resisted|p1a: Starmie\n|-damage|p1a: Starmie|68/100 par\n|\n|upkeep\n|turn|66\n|\n|t:|1739123025\n|switch|p2a: Divinity Salvage|Zapdos|75/100\n|cant|p1a: Starmie|par\n|\n|upkeep\n|turn|67\n|\n|t:|1739123029\n|switch|p2a: Auxiliary|Starmie|100/100 par\n|switch|p1a: Rhydon|Rhydon|76/100\n|\n|upkeep\n|turn|68\n|\n|t:|1739123031\n|switch|p1a: Starmie|Starmie|68/100 par\n|switch|p2a: Divinity Salvage|Zapdos|75/100\n|\n|upkeep\n|turn|69\n|\n|t:|1739123032\n|switch|p2a: Auxiliary|Starmie|100/100 par\n|switch|p1a: Rhydon|Rhydon|76/100\n|\n|upkeep\n|turn|70\n|\n|t:|1739123033\n|switch|p1a: Starmie|Starmie|68/100 par\n|switch|p2a: Divinity Salvage|Zapdos|75/100\n|\n|upkeep\n|turn|71\n|\n|t:|1739123035\n|switch|p2a: Auxiliary|Starmie|100/100 par\n|switch|p1a: Rhydon|Rhydon|76/100\n|\n|upkeep\n|turn|72\n|\n|t:|1739123037\n|switch|p1a: Starmie|Starmie|68/100 par\n|cant|p2a: Auxiliary|par\n|\n|upkeep\n|turn|73\n|\n|t:|1739123039\n|switch|p2a: Divinity Salvage|Zapdos|75/100\n|cant|p1a: Starmie|par\n|\n|upkeep\n|turn|74\n|\n|t:|1739123041\n|switch|p2a: Auxiliary|Starmie|100/100 par\n|switch|p1a: Rhydon|Rhydon|76/100\n|\n|upkeep\n|turn|75\n|\n|t:|1739123043\n|switch|p1a: Starmie|Starmie|68/100 par\n|switch|p2a: Divinity Salvage|Zapdos|75/100\n|\n|upkeep\n|turn|76\n|\n|t:|1739123045\n|switch|p2a: Auxiliary|Starmie|100/100 par\n|switch|p1a: Rhydon|Rhydon|76/100\n|\n|upkeep\n|turn|77\n|\n|t:|1739123047\n|switch|p1a: Starmie|Starmie|68/100 par\n|switch|p2a: Divinity Salvage|Zapdos|75/100\n|\n|upkeep\n|turn|78\n|\n|t:|1739123048\n|switch|p2a: Auxiliary|Starmie|100/100 par\n|switch|p1a: Rhydon|Rhydon|76/100\n|\n|upkeep\n|turn|79\n|\n|t:|1739123050\n|switch|p1a: Starmie|Starmie|68/100 par\n|switch|p2a: Divinity Salvage|Zapdos|75/100\n|\n|upkeep\n|turn|80\n|\n|t:|1739123052\n|switch|p2a: Auxiliary|Starmie|100/100 par\n|switch|p1a: Rhydon|Rhydon|76/100\n|\n|upkeep\n|turn|81\n|\n|t:|1739123054\n|switch|p1a: Starmie|Starmie|68/100 par\n|switch|p2a: Divinity Salvage|Zapdos|75/100\n|\n|upkeep\n|turn|82\n|\n|t:|1739123056\n|switch|p2a: Auxiliary|Starmie|100/100 par\n|switch|p1a: Rhydon|Rhydon|76/100\n|\n|upkeep\n|turn|83\n|\n|t:|1739123057\n|switch|p1a: Starmie|Starmie|68/100 par\n|switch|p2a: Divinity Salvage|Zapdos|75/100\n|\n|upkeep\n|turn|84\n|\n|t:|1739123059\n|switch|p2a: Auxiliary|Starmie|100/100 par\n|switch|p1a: Rhydon|Rhydon|76/100\n|\n|upkeep\n|turn|85\n|\n|t:|1739123060\n|switch|p1a: Starmie|Starmie|68/100 par\n|switch|p2a: Divinity Salvage|Zapdos|75/100\n|\n|upkeep\n|turn|86\n|\n|t:|1739123062\n|switch|p2a: Auxiliary|Starmie|100/100 par\n|switch|p1a: Rhydon|Rhydon|76/100\n|\n|upkeep\n|turn|87\n|\n|t:|1739123063\n|switch|p1a: Starmie|Starmie|68/100 par\n|switch|p2a: Divinity Salvage|Zapdos|75/100\n|\n|upkeep\n|turn|88\n|\n|t:|1739123064\n|switch|p2a: Auxiliary|Starmie|100/100 par\n|switch|p1a: Rhydon|Rhydon|76/100\n|\n|upkeep\n|turn|89\n|\n|t:|1739123065\n|switch|p2a: Divinity Salvage|Zapdos|75/100\n|move|p1a: Rhydon|Substitute|p1a: Rhydon\n|-start|p1a: Rhydon|Substitute\n|-damage|p1a: Rhydon|51/100\n|\n|upkeep\n|turn|90\n|\n|t:|1739123067\n|switch|p2a: Auxiliary|Starmie|100/100 par\n|move|p1a: Rhydon|Body Slam|p2a: Auxiliary\n|-damage|p2a: Auxiliary|74/100 par\n|\n|upkeep\n|turn|91\n|\n|t:|1739123069\n|move|p1a: Rhydon|Earthquake|p2a: Auxiliary\n|-damage|p2a: Auxiliary|27/100 par\n|cant|p2a: Auxiliary|par\n|\n|upkeep\n|turn|92\n|\n|t:|1739123071\n|move|p1a: Rhydon|Earthquake|p2a: Auxiliary\n|-damage|p2a: Auxiliary|0 fnt\n|faint|p2a: Auxiliary\n|c|☆shiloh|gg\n|c|☆Amaranth|gg\n|-message|shiloh forfeited.\n|\n|win|Amaranth\n","uploadtime":1739122866,"views":"1652","formatid":"gen1ou","rating":null,"private":0,"password":null}