{"id":"smogtours-gen1ou-900047","format":"[Gen 1] OU","players":["Girls See Ghosts","sadisticnarwhal"],"log":"|inactive|Battle timer is ON: inactive players will automatically lose when time's up.\n|t:|1768678361\n|gametype|singles\n|player|p1|Girls See Ghosts|#splxviisharks|\n|player|p2|sadisticnarwhal|#splxviiruiners|\n|gen|1\n|tier|[Gen 1] OU\n|rule|Desync Clause Mod: Desyncs changed to move failure.\n|rule|Sleep Clause Mod: Limit one foe put to sleep\n|rule|Freeze Clause Mod: Limit one foe frozen\n|rule|Species Clause: Limit one of each Pokémon\n|rule|OHKO Clause: OHKO moves are banned\n|rule|Evasion Moves Clause: Evasion moves are banned\n|rule|Endless Battle Clause: Forcing endless battles is banned\n|rule|HP Percentage Mod: HP is shown in percentages\n|\n|t:|1768678361\n|teamsize|p1|6\n|teamsize|p2|6\n|start\n|switch|p1a: Jynx|Jynx|100/100\n|switch|p2a: Gengar|Gengar|100/100\n|turn|1\n|c|☆sadisticnarwhal|hf\n|c|☆Girls See Ghosts|glhf\n|\n|t:|1768678377\n|move|p2a: Gengar|Hypnosis|p1a: Jynx|[miss]\n|-miss|p2a: Gengar\n|move|p1a: Jynx|Psychic|p2a: Gengar\n|-supereffective|p2a: Gengar\n|-damage|p2a: Gengar|46/100\n|-unboost|p2a: Gengar|spa|1\n|-unboost|p2a: Gengar|spd|1\n|\n|upkeep\n|turn|2\n|inactive|Girls See Ghosts has 270 seconds left.\n|\n|t:|1768678415\n|switch|p1a: Cloyster|Cloyster|100/100\n|move|p2a: Gengar|Explosion|p1a: Cloyster\n|-damage|p1a: Cloyster|53/100\n|faint|p2a: Gengar\n|\n|t:|1768678421\n|switch|p2a: Zapdos|Zapdos|100/100\n|turn|3\n|inactive|Girls See Ghosts has 270 seconds left.\n|\n|t:|1768678435\n|switch|p1a: Chansey|Chansey|100/100\n|move|p2a: Zapdos|Thunderbolt|p1a: Chansey\n|-damage|p1a: Chansey|81/100\n|\n|upkeep\n|turn|4\n|\n|t:|1768678446\n|move|p2a: Zapdos|Drill Peck|p1a: Chansey\n|-damage|p1a: Chansey|46/100\n|move|p1a: Chansey|Sing|p2a: Zapdos\n|-status|p2a: Zapdos|slp|[from] move: Sing\n|\n|upkeep\n|turn|5\n|\n|t:|1768678449\n|switch|p2a: Exeggutor|Exeggutor|100/100\n|move|p1a: Chansey|Soft-Boiled|p1a: Chansey\n|-heal|p1a: Chansey|96/100\n|\n|upkeep\n|turn|6\n|\n|t:|1768678456\n|switch|p1a: Jynx|Jynx|100/100\n|move|p2a: Exeggutor|Sleep Powder|p1a: Jynx|[miss]\n|-miss|p2a: Exeggutor\n|\n|upkeep\n|turn|7\n|\n|t:|1768678461\n|switch|p2a: Chansey|Chansey|100/100\n|move|p1a: Jynx|Ice Beam|p2a: Chansey\n|-damage|p2a: Chansey|85/100\n|\n|upkeep\n|turn|8\n|\n|t:|1768678466\n|switch|p1a: Chansey|Chansey|96/100\n|move|p2a: Chansey|Seismic Toss|p1a: Chansey\n|-damage|p1a: Chansey|81/100\n|\n|upkeep\n|turn|9\n|\n|t:|1768678481\n|move|p1a: Chansey|Thunder Wave|p2a: Chansey\n|-status|p2a: Chansey|par\n|move|p2a: Chansey|Seismic Toss|p1a: Chansey\n|-damage|p1a: Chansey|67/100\n|\n|upkeep\n|turn|10\n|\n|t:|1768678497\n|switch|p2a: Exeggutor|Exeggutor|100/100\n|move|p1a: Chansey|Soft-Boiled|p1a: Chansey\n|-heal|p1a: Chansey|100/100\n|\n|upkeep\n|turn|11\n|\n|t:|1768678501\n|switch|p1a: Jynx|Jynx|100/100\n|move|p2a: Exeggutor|Sleep Powder|p1a: Jynx|[miss]\n|-miss|p2a: Exeggutor\n|\n|upkeep\n|turn|12\n|\n|t:|1768678506\n|switch|p2a: Chansey|Chansey|85/100 par\n|move|p1a: Jynx|Psychic|p2a: Chansey\n|-damage|p2a: Chansey|71/100 par\n|\n|upkeep\n|turn|13\n|\n|t:|1768678509\n|move|p1a: Jynx|Psychic|p2a: Chansey\n|-damage|p2a: Chansey|58/100 par\n|-unboost|p2a: Chansey|spa|1\n|-unboost|p2a: Chansey|spd|1\n|move|p2a: Chansey|Reflect|p2a: Chansey\n|-start|p2a: Chansey|Reflect\n|\n|upkeep\n|turn|14\n|\n|t:|1768678526\n|move|p1a: Jynx|Psychic|p2a: Chansey\n|-damage|p2a: Chansey|38/100 par\n|-unboost|p2a: Chansey|spa|1\n|-unboost|p2a: Chansey|spd|1\n|move|p2a: Chansey|Soft-Boiled|p2a: Chansey\n|-heal|p2a: Chansey|88/100 par\n|\n|upkeep\n|turn|15\n|\n|t:|1768678532\n|move|p1a: Jynx|Ice Beam|p2a: Chansey\n|-damage|p2a: Chansey|58/100 par\n|move|p2a: Chansey|Thunder Wave|p1a: Jynx\n|-status|p1a: Jynx|par\n|\n|upkeep\n|turn|16\n|\n|t:|1768678548\n|cant|p1a: Jynx|par\n|cant|p2a: Chansey|par\n|\n|upkeep\n|turn|17\n|\n|t:|1768678551\n|move|p1a: Jynx|Psychic|p2a: Chansey\n|-damage|p2a: Chansey|30/100 par\n|cant|p2a: Chansey|par\n|\n|upkeep\n|turn|18\n|\n|t:|1768678560\n|cant|p1a: Jynx|par\n|move|p2a: Chansey|Soft-Boiled|p2a: Chansey\n|-heal|p2a: Chansey|80/100 par\n|\n|upkeep\n|turn|19\n|\n|t:|1768678564\n|switch|p2a: Snorlax|Snorlax|100/100\n|move|p1a: Jynx|Ice Beam|p2a: Snorlax\n|-damage|p2a: Snorlax|72/100\n|\n|upkeep\n|turn|20\n|inactive|Girls See Ghosts has 270 seconds left.\n|inactive|Girls See Ghosts has 240 seconds left.\n|rated|Smogon Premier League\n|\n|t:|1768678639\n|switch|p1a: Snorlax|Snorlax|100/100\n|move|p2a: Snorlax|Body Slam|p1a: Snorlax\n|-damage|p1a: Snorlax|72/100\n|\n|upkeep\n|turn|21\n|\n|t:|1768678649\n|move|p1a: Snorlax|Earthquake|p2a: Snorlax\n|-damage|p2a: Snorlax|52/100\n|move|p2a: Snorlax|Reflect|p2a: Snorlax\n|-start|p2a: Snorlax|Reflect\n|\n|upkeep\n|turn|22\n|\n|t:|1768678660\n|move|p1a: Snorlax|Body Slam|p2a: Snorlax\n|-damage|p2a: Snorlax|38/100\n|move|p2a: Snorlax|Body Slam|p1a: Snorlax\n|-damage|p1a: Snorlax|45/100\n|\n|upkeep\n|turn|23\n|\n|t:|1768678682\n|move|p1a: Snorlax|Rest|p1a: Snorlax\n|-status|p1a: Snorlax|slp|[from] move: Rest\n|-heal|p1a: Snorlax|100/100 slp|[silent]\n|move|p2a: Snorlax|Body Slam|p1a: Snorlax\n|-damage|p1a: Snorlax|72/100 slp\n|\n|upkeep\n|turn|24\n|\n|t:|1768678684\n|move|p2a: Snorlax|Body Slam|p1a: Snorlax\n|-damage|p1a: Snorlax|46/100 slp\n|cant|p1a: Snorlax|slp\n|\n|upkeep\n|turn|25\n|\n|t:|1768678688\n|move|p2a: Snorlax|Body Slam|p1a: Snorlax\n|-damage|p1a: Snorlax|20/100 slp\n|-curestatus|p1a: Snorlax|slp|[msg]\n|\n|upkeep\n|turn|26\n|inactive|Girls See Ghosts has 240 seconds left.\n|\n|t:|1768678708\n|switch|p1a: Chansey|Chansey|100/100\n|move|p2a: Snorlax|Body Slam|p1a: Chansey\n|-damage|p1a: Chansey|61/100\n|\n|upkeep\n|turn|27\n|\n|t:|1768678713\n|move|p1a: Chansey|Soft-Boiled|p1a: Chansey\n|-heal|p1a: Chansey|100/100\n|move|p2a: Snorlax|Rest|p2a: Snorlax\n|-status|p2a: Snorlax|slp|[from] move: Rest\n|-heal|p2a: Snorlax|100/100 slp|[silent]\n|\n|upkeep\n|turn|28\n|\n|t:|1768678720\n|switch|p1a: Cloyster|Cloyster|53/100\n|cant|p2a: Snorlax|slp\n|\n|upkeep\n|turn|29\n|\n|t:|1768678723\n|move|p1a: Cloyster|Blizzard|p2a: Snorlax|[miss]\n|-miss|p1a: Cloyster\n|-curestatus|p2a: Snorlax|slp|[msg]\n|\n|upkeep\n|turn|30\n|\n|t:|1768678730\n|move|p1a: Cloyster|Blizzard|p2a: Snorlax\n|-crit|p2a: Snorlax\n|-damage|p2a: Snorlax|39/100\n|move|p2a: Snorlax|Body Slam|p1a: Cloyster\n|-damage|p1a: Cloyster|30/100\n|\n|upkeep\n|turn|31\n|\n|t:|1768678745\n|move|p1a: Cloyster|Clamp|p2a: Snorlax|[miss]\n|-miss|p1a: Cloyster\n|move|p2a: Snorlax|Body Slam|p1a: Cloyster\n|-damage|p1a: Cloyster|6/100\n|-status|p1a: Cloyster|par\n|\n|upkeep\n|turn|32\n|\n|t:|1768678753\n|move|p2a: Snorlax|Body Slam|p1a: Cloyster\n|-damage|p1a: Cloyster|0 fnt\n|faint|p1a: Cloyster\n|\n|t:|1768678757\n|switch|p1a: Alakazam|Alakazam|100/100\n|turn|33\n|\n|t:|1768678760\n|switch|p2a: Chansey|Chansey|80/100 par\n|move|p1a: Alakazam|Psychic|p2a: Chansey\n|-damage|p2a: Chansey|63/100 par\n|-unboost|p2a: Chansey|spa|1\n|-unboost|p2a: Chansey|spd|1\n|\n|upkeep\n|turn|34\n|\n|t:|1768678768\n|switch|p1a: Snorlax|Snorlax|20/100\n|move|p2a: Chansey|Soft-Boiled|p2a: Chansey\n|-heal|p2a: Chansey|100/100 par\n|\n|upkeep\n|turn|35\n|\n|t:|1768678778\n|switch|p2a: Tauros|Tauros|100/100\n|move|p1a: Snorlax|Self-Destruct|p2a: Tauros\n|-damage|p2a: Tauros|6/100\n|faint|p1a: Snorlax\n|\n|t:|1768678790\n|switch|p1a: Tauros|Tauros|100/100\n|turn|36\n|\n|t:|1768678795\n|switch|p2a: Exeggutor|Exeggutor|100/100\n|move|p1a: Tauros|Body Slam|p2a: Exeggutor\n|-damage|p2a: Exeggutor|73/100\n|\n|upkeep\n|turn|37\n|\n|t:|1768678802\n|switch|p1a: Jynx|Jynx|100/100 par\n|switch|p2a: Snorlax|Snorlax|39/100\n|\n|upkeep\n|turn|38\n|inactive|Girls See Ghosts has 270 seconds left.\n|inactive|Girls See Ghosts has 240 seconds left.\n|inactive|Girls See Ghosts has 210 seconds left.\n|inactive|Girls See Ghosts has 180 seconds left.\n|inactive|Girls See Ghosts has 150 seconds left.\n|inactive|Girls See Ghosts has 120 seconds left.\n|\n|t:|1768678986\n|switch|p1a: Chansey|Chansey|100/100\n|move|p2a: Snorlax|Body Slam|p1a: Chansey\n|-crit|p1a: Chansey\n|-damage|p1a: Chansey|23/100\n|\n|upkeep\n|turn|39\n|inactive|Girls See Ghosts has 120 seconds left.\n|\n|t:|1768679011\n|move|p1a: Chansey|Seismic Toss|p2a: Snorlax\n|-damage|p2a: Snorlax|19/100\n|move|p2a: Snorlax|Body Slam|p1a: Chansey\n|-crit|p1a: Chansey\n|-damage|p1a: Chansey|0 fnt\n|faint|p1a: Chansey\n|\n|t:|1768679024\n|switch|p1a: Tauros|Tauros|100/100\n|turn|40\n|\n|t:|1768679031\n|switch|p2a: Zapdos|Zapdos|100/100 slp\n|move|p1a: Tauros|Body Slam|p2a: Zapdos\n|-damage|p2a: Zapdos|71/100 slp\n|\n|upkeep\n|turn|41\n|\n|t:|1768679035\n|move|p1a: Tauros|Body Slam|p2a: Zapdos\n|-damage|p2a: Zapdos|40/100 slp\n|-curestatus|p2a: Zapdos|slp|[msg]\n|\n|upkeep\n|turn|42\n|\n|t:|1768679044\n|switch|p2a: Exeggutor|Exeggutor|73/100\n|move|p1a: Tauros|Hyper Beam|p2a: Exeggutor\n|-damage|p2a: Exeggutor|27/100\n|-mustrecharge|p1a: Tauros\n|\n|upkeep\n|turn|43\n|\n|t:|1768679048\n|cant|p1a: Tauros|recharge\n|move|p2a: Exeggutor|Sleep Powder|p1a: Tauros\n|-status|p1a: Tauros|slp|[from] move: Sleep Powder\n|\n|upkeep\n|turn|44\n|\n|t:|1768679054\n|cant|p1a: Tauros|slp\n|move|p2a: Exeggutor|Explosion|p1a: Tauros\n|-damage|p1a: Tauros|28/100 slp\n|faint|p2a: Exeggutor\n|\n|t:|1768679057\n|switch|p2a: Tauros|Tauros|6/100\n|turn|45\n|\n|t:|1768679067\n|-curestatus|p1a: Tauros|slp|[msg]\n|move|p2a: Tauros|Body Slam|p1a: Tauros\n|-damage|p1a: Tauros|0 fnt\n|faint|p1a: Tauros\n|\n|t:|1768679071\n|switch|p1a: Alakazam|Alakazam|100/100\n|turn|46\n|\n|t:|1768679084\n|switch|p2a: Chansey|Chansey|100/100 par\n|move|p1a: Alakazam|Psychic|p2a: Chansey\n|-damage|p2a: Chansey|81/100 par\n|\n|upkeep\n|turn|47\n|\n|t:|1768679089\n|switch|p1a: Jynx|Jynx|100/100 par\n|move|p2a: Chansey|Thunder Wave|p1a: Jynx\n|-fail|p1a: Jynx|par\n|\n|upkeep\n|turn|48\n|\n|t:|1768679093\n|move|p1a: Jynx|Psychic|p2a: Chansey\n|-crit|p2a: Chansey\n|-damage|p2a: Chansey|54/100 par\n|cant|p2a: Chansey|par\n|\n|upkeep\n|turn|49\n|\n|t:|1768679099\n|move|p1a: Jynx|Psychic|p2a: Chansey\n|-damage|p2a: Chansey|39/100 par\n|move|p2a: Chansey|Soft-Boiled|p2a: Chansey\n|-heal|p2a: Chansey|89/100 par\n|\n|upkeep\n|turn|50\n|\n|t:|1768679105\n|move|p1a: Jynx|Psychic|p2a: Chansey\n|-crit|p2a: Chansey\n|-damage|p2a: Chansey|61/100 par\n|-unboost|p2a: Chansey|spa|1\n|-unboost|p2a: Chansey|spd|1\n|move|p2a: Chansey|Seismic Toss|p1a: Jynx\n|-damage|p1a: Jynx|70/100 par\n|\n|upkeep\n|turn|51\n|\n|t:|1768679121\n|move|p1a: Jynx|Ice Beam|p2a: Chansey\n|-damage|p2a: Chansey|40/100 par\n|move|p2a: Chansey|Soft-Boiled|p2a: Chansey\n|-heal|p2a: Chansey|90/100 par\n|\n|upkeep\n|turn|52\n|\n|t:|1768679132\n|move|p1a: Jynx|Ice Beam|p2a: Chansey\n|-damage|p2a: Chansey|65/100 par\n|move|p2a: Chansey|Seismic Toss|p1a: Jynx\n|-damage|p1a: Jynx|40/100 par\n|\n|upkeep\n|turn|53\n|\n|t:|1768679137\n|move|p1a: Jynx|Psychic|p2a: Chansey\n|-damage|p2a: Chansey|42/100 par\n|-unboost|p2a: Chansey|spa|1\n|-unboost|p2a: Chansey|spd|1\n|move|p2a: Chansey|Soft-Boiled|p2a: Chansey\n|-heal|p2a: Chansey|92/100 par\n|\n|upkeep\n|turn|54\n|inactive|sadisticnarwhal has 270 seconds left.\n|inactive|sadisticnarwhal has 240 seconds left.\n|\n|t:|1768679219\n|switch|p2a: Tauros|Tauros|6/100\n|move|p1a: Jynx|Ice Beam|p2a: Tauros\n|-damage|p2a: Tauros|0 fnt\n|faint|p2a: Tauros\n|\n|t:|1768679222\n|switch|p2a: Zapdos|Zapdos|40/100\n|turn|55\n|\n|t:|1768679245\n|switch|p1a: Alakazam|Alakazam|100/100\n|move|p2a: Zapdos|Drill Peck|p1a: Alakazam|[miss]\n|-miss|p2a: Zapdos\n|-hint|In Gen 1, moves with 100% accuracy can still miss 1/256 of the time.\n|\n|upkeep\n|turn|56\n|inactive|sadisticnarwhal has 240 seconds left.\n|\n|t:|1768679251\n|move|p1a: Alakazam|Psychic|p2a: Zapdos\n|-damage|p2a: Zapdos|13/100\n|-unboost|p2a: Zapdos|spa|1\n|-unboost|p2a: Zapdos|spd|1\n|move|p2a: Zapdos|Thunder Wave|p1a: Alakazam\n|-status|p1a: Alakazam|par\n|\n|upkeep\n|turn|57\n|inactive|sadisticnarwhal has 240 seconds left.\n|\n|t:|1768679267\n|switch|p2a: Chansey|Chansey|92/100 par\n|move|p1a: Alakazam|Thunder Wave|p2a: Chansey\n|-fail|p2a: Chansey|par\n|\n|upkeep\n|turn|58\n|inactive|sadisticnarwhal has 240 seconds left.\n|\n|t:|1768679275\n|move|p1a: Alakazam|Psychic|p2a: Chansey\n|-damage|p2a: Chansey|75/100 par\n|move|p2a: Chansey|Seismic Toss|p1a: Alakazam\n|-damage|p1a: Alakazam|69/100 par\n|\n|upkeep\n|turn|59\n|\n|t:|1768679278\n|cant|p1a: Alakazam|par\n|move|p2a: Chansey|Seismic Toss|p1a: Alakazam\n|-damage|p1a: Alakazam|37/100 par\n|\n|upkeep\n|turn|60\n|\n|t:|1768679283\n|move|p1a: Alakazam|Recover|p1a: Alakazam\n|-heal|p1a: Alakazam|86/100 par\n|move|p2a: Chansey|Seismic Toss|p1a: Alakazam\n|-damage|p1a: Alakazam|54/100 par\n|\n|upkeep\n|turn|61\n|\n|t:|1768679288\n|move|p1a: Alakazam|Recover|p1a: Alakazam\n|-heal|p1a: Alakazam|100/100 par\n|move|p2a: Chansey|Seismic Toss|p1a: Alakazam\n|-damage|p1a: Alakazam|69/100 par\n|\n|upkeep\n|turn|62\n|\n|t:|1768679292\n|cant|p1a: Alakazam|par\n|move|p2a: Chansey|Seismic Toss|p1a: Alakazam\n|-damage|p1a: Alakazam|37/100 par\n|\n|upkeep\n|turn|63\n|\n|t:|1768679295\n|cant|p1a: Alakazam|par\n|move|p2a: Chansey|Seismic Toss|p1a: Alakazam\n|-damage|p1a: Alakazam|5/100 par\n|\n|upkeep\n|turn|64\n|\n|t:|1768679301\n|switch|p2a: Snorlax|Snorlax|19/100\n|move|p1a: Alakazam|Recover|p1a: Alakazam\n|-heal|p1a: Alakazam|54/100 par\n|\n|upkeep\n|turn|65\n|\n|t:|1768679307\n|move|p2a: Snorlax|Body Slam|p1a: Alakazam\n|-damage|p1a: Alakazam|0 fnt\n|faint|p1a: Alakazam\n|c|☆Girls See Ghosts|gg\n|\n|t:|1768679312\n|switch|p1a: Jynx|Jynx|40/100 par\n|turn|66\n|c|☆sadisticnarwhal|ggs\n|\n|t:|1768679314\n|move|p2a: Snorlax|Body Slam|p1a: Jynx\n|-damage|p1a: Jynx|0 fnt\n|faint|p1a: Jynx\n|\n|win|sadisticnarwhal\n","uploadtime":1768679314,"views":"1648","formatid":"gen1ou","rating":null,"private":0,"password":null}