{"id":"smogtours-gen1ou-913865","format":"[Gen 1] OU","players":["isza","Ct0wn"],"log":"|inactive|Battle timer is ON: inactive players will automatically lose when time's up.\n|t:|1772410078\n|gametype|singles\n|player|p1|isza|#mwpvimurkrows|\n|player|p2|Ct0wn|#splxviiclassiest2|\n|gen|1\n|tier|[Gen 1] OU\n|rule|Desync Clause Mod: Desyncs changed to move failure.\n|rule|Sleep Clause Mod: Limit one foe put to sleep\n|rule|Freeze Clause Mod: Limit one foe frozen\n|rule|Species Clause: Limit one of each Pokémon\n|rule|OHKO Clause: OHKO moves are banned\n|rule|Evasion Moves Clause: Evasion moves are banned\n|rule|Endless Battle Clause: Forcing endless battles is banned\n|rule|HP Percentage Mod: HP is shown in percentages\n|\n|t:|1772410078\n|teamsize|p1|6\n|teamsize|p2|6\n|start\n|switch|p1a: Starmie|Starmie|100/100\n|switch|p2a: Starmie|Starmie|100/100\n|turn|1\n|c|☆isza|Hf\n|c|☆Ct0wn|Hf\n|inactive|isza has 270 seconds left.\n|rated|Smogon Premier League\n|\n|t:|1772410129\n|switch|p2a: Chansey|Chansey|100/100\n|switch|p1a: Chansey|Chansey|100/100\n|\n|upkeep\n|turn|2\n|\n|t:|1772410148\n|switch|p2a: Exeggutor|Exeggutor|100/100\n|move|p1a: Chansey|Sing|p2a: Exeggutor|[miss]\n|-miss|p1a: Chansey\n|\n|upkeep\n|turn|3\n|inactive|isza has 270 seconds left.\n|\n|t:|1772410190\n|move|p2a: Exeggutor|Sleep Powder|p1a: Chansey|[miss]\n|-miss|p2a: Exeggutor\n|move|p1a: Chansey|Sing|p2a: Exeggutor|[miss]\n|-miss|p1a: Chansey\n|\n|upkeep\n|turn|4\n|\n|t:|1772410196\n|move|p2a: Exeggutor|Sleep Powder|p1a: Chansey\n|-status|p1a: Chansey|slp|[from] move: Sleep Powder\n|cant|p1a: Chansey|slp\n|\n|upkeep\n|turn|5\n|\n|t:|1772410200\n|move|p2a: Exeggutor|Psychic|p1a: Chansey\n|-damage|p1a: Chansey|84/100 slp\n|cant|p1a: Chansey|slp\n|\n|upkeep\n|turn|6\n|\n|t:|1772410205\n|switch|p1a: Exeggutor|Exeggutor|100/100\n|move|p2a: Exeggutor|Psychic|p1a: Exeggutor\n|-resisted|p1a: Exeggutor\n|-damage|p1a: Exeggutor|87/100\n|\n|upkeep\n|turn|7\n|\n|t:|1772410215\n|move|p2a: Exeggutor|Stun Spore|p1a: Exeggutor\n|-status|p1a: Exeggutor|par\n|move|p1a: Exeggutor|Sleep Powder|p2a: Exeggutor|[miss]\n|-miss|p1a: Exeggutor\n|\n|upkeep\n|turn|8\n|\n|t:|1772410220\n|move|p2a: Exeggutor|Psychic|p1a: Exeggutor\n|-resisted|p1a: Exeggutor\n|-damage|p1a: Exeggutor|74/100 par\n|-unboost|p1a: Exeggutor|spa|1\n|-unboost|p1a: Exeggutor|spd|1\n|move|p1a: Exeggutor|Sleep Powder|p2a: Exeggutor\n|-status|p2a: Exeggutor|slp|[from] move: Sleep Powder\n|\n|upkeep\n|turn|9\n|\n|t:|1772410232\n|switch|p1a: Starmie|Starmie|100/100\n|cant|p2a: Exeggutor|slp\n|\n|upkeep\n|turn|10\n|\n|t:|1772410237\n|switch|p2a: Chansey|Chansey|100/100\n|move|p1a: Starmie|Thunder Wave|p2a: Chansey\n|-status|p2a: Chansey|par\n|\n|upkeep\n|turn|11\n|inactive|isza has 270 seconds left.\n|\n|t:|1772410272\n|switch|p1a: Chansey|Chansey|84/100 slp\n|move|p2a: Chansey|Seismic Toss|p1a: Chansey\n|-damage|p1a: Chansey|69/100 slp\n|\n|upkeep\n|turn|12\n|\n|t:|1772410281\n|switch|p1a: Snorlax|Snorlax|100/100\n|move|p2a: Chansey|Thunder Wave|p1a: Snorlax\n|-status|p1a: Snorlax|par\n|\n|upkeep\n|turn|13\n|\n|t:|1772410289\n|switch|p2a: Snorlax|Snorlax|100/100\n|move|p1a: Snorlax|Earthquake|p2a: Snorlax\n|-damage|p2a: Snorlax|79/100\n|\n|upkeep\n|turn|14\n|\n|t:|1772410294\n|move|p2a: Snorlax|Body Slam|p1a: Snorlax\n|-damage|p1a: Snorlax|76/100 par\n|move|p1a: Snorlax|Reflect|p1a: Snorlax\n|-start|p1a: Snorlax|Reflect\n|\n|upkeep\n|turn|15\n|\n|t:|1772410298\n|move|p2a: Snorlax|Reflect|p2a: Snorlax\n|-start|p2a: Snorlax|Reflect\n|move|p1a: Snorlax|Earthquake|p2a: Snorlax\n|-damage|p2a: Snorlax|68/100\n|\n|upkeep\n|turn|16\n|\n|t:|1772410301\n|move|p2a: Snorlax|Body Slam|p1a: Snorlax\n|-damage|p1a: Snorlax|61/100 par\n|move|p1a: Snorlax|Rest|p1a: Snorlax\n|-status|p1a: Snorlax|slp|[from] move: Rest\n|-heal|p1a: Snorlax|100/100 slp|[silent]\n|\n|upkeep\n|turn|17\n|\n|t:|1772410304\n|move|p2a: Snorlax|Body Slam|p1a: Snorlax\n|-damage|p1a: Snorlax|87/100 slp\n|cant|p1a: Snorlax|slp\n|\n|upkeep\n|turn|18\n|\n|t:|1772410307\n|move|p2a: Snorlax|Body Slam|p1a: Snorlax\n|-crit|p1a: Snorlax\n|-damage|p1a: Snorlax|38/100 slp\n|-curestatus|p1a: Snorlax|slp|[msg]\n|\n|upkeep\n|turn|19\n|\n|t:|1772410316\n|switch|p2a: Lapras|Lapras|100/100\n|move|p1a: Snorlax|Rest|p1a: Snorlax\n|-status|p1a: Snorlax|slp|[from] move: Rest\n|-heal|p1a: Snorlax|100/100 slp|[silent]\n|\n|upkeep\n|turn|20\n|\n|t:|1772410322\n|switch|p1a: Starmie|Starmie|100/100\n|move|p2a: Lapras|Body Slam|p1a: Starmie\n|-damage|p1a: Starmie|80/100\n|\n|upkeep\n|turn|21\n|\n|t:|1772410329\n|switch|p2a: Chansey|Chansey|100/100 par\n|move|p1a: Starmie|Thunder Wave|p2a: Chansey\n|-fail|p2a: Chansey|par\n|\n|upkeep\n|turn|22\n|\n|t:|1772410332\n|switch|p1a: Snorlax|Snorlax|100/100 slp\n|switch|p2a: Lapras|Lapras|100/100\n|\n|upkeep\n|turn|23\n|\n|t:|1772410339\n|switch|p1a: Starmie|Starmie|80/100\n|move|p2a: Lapras|Blizzard|p1a: Starmie\n|-resisted|p1a: Starmie\n|-damage|p1a: Starmie|60/100\n|\n|upkeep\n|turn|24\n|\n|t:|1772410345\n|switch|p2a: Chansey|Chansey|100/100 par\n|move|p1a: Starmie|Thunder Wave|p2a: Chansey\n|-fail|p2a: Chansey|par\n|\n|upkeep\n|turn|25\n|\n|t:|1772410355\n|switch|p1a: Snorlax|Snorlax|100/100 slp\n|cant|p2a: Chansey|par\n|\n|upkeep\n|turn|26\n|\n|t:|1772410361\n|switch|p2a: Snorlax|Snorlax|68/100\n|cant|p1a: Snorlax|slp\n|\n|upkeep\n|turn|27\n|\n|t:|1772410366\n|-curestatus|p1a: Snorlax|slp|[msg]\n|move|p2a: Snorlax|Body Slam|p1a: Snorlax\n|-damage|p1a: Snorlax|76/100\n|\n|upkeep\n|turn|28\n|\n|t:|1772410372\n|move|p1a: Snorlax|Reflect|p1a: Snorlax\n|-start|p1a: Snorlax|Reflect\n|move|p2a: Snorlax|Reflect|p2a: Snorlax\n|-start|p2a: Snorlax|Reflect\n|\n|upkeep\n|turn|29\n|\n|t:|1772410375\n|move|p1a: Snorlax|Body Slam|p2a: Snorlax\n|-damage|p2a: Snorlax|54/100\n|move|p2a: Snorlax|Rest|p2a: Snorlax\n|-status|p2a: Snorlax|slp|[from] move: Rest\n|-heal|p2a: Snorlax|100/100 slp|[silent]\n|\n|upkeep\n|turn|30\n|\n|t:|1772410378\n|cant|p2a: Snorlax|slp\n|move|p1a: Snorlax|Body Slam|p2a: Snorlax\n|-damage|p2a: Snorlax|88/100 slp\n|\n|upkeep\n|turn|31\n|\n|t:|1772410383\n|-curestatus|p2a: Snorlax|slp|[msg]\n|move|p1a: Snorlax|Body Slam|p2a: Snorlax\n|-damage|p2a: Snorlax|75/100\n|\n|upkeep\n|turn|32\n|\n|t:|1772410390\n|move|p1a: Snorlax|Body Slam|p2a: Snorlax\n|-damage|p2a: Snorlax|63/100\n|move|p2a: Snorlax|Body Slam|p1a: Snorlax\n|-damage|p1a: Snorlax|62/100\n|\n|upkeep\n|turn|33\n|\n|t:|1772410397\n|move|p1a: Snorlax|Rest|p1a: Snorlax\n|-status|p1a: Snorlax|slp|[from] move: Rest\n|-heal|p1a: Snorlax|100/100 slp|[silent]\n|move|p2a: Snorlax|Body Slam|p1a: Snorlax\n|-damage|p1a: Snorlax|86/100 slp\n|\n|upkeep\n|turn|34\n|\n|t:|1772410402\n|cant|p1a: Snorlax|slp\n|move|p2a: Snorlax|Body Slam|p1a: Snorlax\n|-damage|p1a: Snorlax|74/100 slp\n|\n|upkeep\n|turn|35\n|\n|t:|1772410405\n|-curestatus|p1a: Snorlax|slp|[msg]\n|move|p2a: Snorlax|Body Slam|p1a: Snorlax\n|-damage|p1a: Snorlax|60/100\n|\n|upkeep\n|turn|36\n|\n|t:|1772410409\n|move|p2a: Snorlax|Rest|p2a: Snorlax\n|-status|p2a: Snorlax|slp|[from] move: Rest\n|-heal|p2a: Snorlax|100/100 slp|[silent]\n|move|p1a: Snorlax|Body Slam|p2a: Snorlax\n|-damage|p2a: Snorlax|88/100 slp\n|\n|upkeep\n|turn|37\n|\n|t:|1772410413\n|cant|p2a: Snorlax|slp\n|move|p1a: Snorlax|Rest|p1a: Snorlax\n|-status|p1a: Snorlax|slp|[from] move: Rest\n|-heal|p1a: Snorlax|100/100 slp|[silent]\n|\n|upkeep\n|turn|38\n|\n|t:|1772410415\n|cant|p1a: Snorlax|slp\n|-curestatus|p2a: Snorlax|slp|[msg]\n|\n|upkeep\n|turn|39\n|\n|t:|1772410417\n|-curestatus|p1a: Snorlax|slp|[msg]\n|move|p2a: Snorlax|Body Slam|p1a: Snorlax\n|-damage|p1a: Snorlax|87/100\n|\n|upkeep\n|turn|40\n|\n|t:|1772410430\n|move|p2a: Snorlax|Body Slam|p1a: Snorlax\n|-damage|p1a: Snorlax|73/100\n|move|p1a: Snorlax|Body Slam|p2a: Snorlax\n|-damage|p2a: Snorlax|76/100\n|\n|upkeep\n|turn|41\n|inactive|Ct0wn has 270 seconds left.\n|inactive|isza has 270 seconds left.\n|\n|t:|1772410482\n|move|p2a: Snorlax|Body Slam|p1a: Snorlax\n|-damage|p1a: Snorlax|60/100\n|move|p1a: Snorlax|Body Slam|p2a: Snorlax\n|-damage|p2a: Snorlax|63/100\n|\n|upkeep\n|turn|42\n|inactive|Ct0wn has 270 seconds left.\n|\n|t:|1772410494\n|switch|p2a: Lapras|Lapras|100/100\n|move|p1a: Snorlax|Rest|p1a: Snorlax\n|-status|p1a: Snorlax|slp|[from] move: Rest\n|-heal|p1a: Snorlax|100/100 slp|[silent]\n|\n|upkeep\n|turn|43\n|inactive|Ct0wn has 270 seconds left.\n|inactive|isza has 270 seconds left.\n|\n|t:|1772410514\n|switch|p1a: Chansey|Chansey|69/100 slp\n|move|p2a: Lapras|Blizzard|p1a: Chansey\n|-crit|p1a: Chansey\n|-damage|p1a: Chansey|31/100 slp\n|\n|upkeep\n|turn|44\n|inactive|isza has 270 seconds left.\n|\n|t:|1772410523\n|move|p2a: Lapras|Blizzard|p1a: Chansey\n|-damage|p1a: Chansey|11/100 slp\n|cant|p1a: Chansey|slp\n|\n|upkeep\n|turn|45\n|\n|t:|1772410531\n|move|p2a: Lapras|Body Slam|p1a: Chansey\n|-damage|p1a: Chansey|0 fnt\n|faint|p1a: Chansey\n|\n|t:|1772410532\n|switch|p1a: Starmie|Starmie|60/100\n|turn|46\n|\n|t:|1772410536\n|switch|p2a: Chansey|Chansey|100/100 par\n|move|p1a: Starmie|Recover|p1a: Starmie\n|-heal|p1a: Starmie|100/100\n|\n|upkeep\n|turn|47\n|\n|t:|1772410540\n|switch|p1a: Snorlax|Snorlax|100/100 slp\n|move|p2a: Chansey|Seismic Toss|p1a: Snorlax\n|-damage|p1a: Snorlax|81/100 slp\n|\n|upkeep\n|turn|48\n|\n|t:|1772410546\n|switch|p2a: Lapras|Lapras|100/100\n|cant|p1a: Snorlax|slp\n|\n|upkeep\n|turn|49\n|\n|t:|1772410555\n|move|p2a: Lapras|Body Slam|p1a: Snorlax\n|-damage|p1a: Snorlax|66/100 slp\n|-curestatus|p1a: Snorlax|slp|[msg]\n|\n|upkeep\n|turn|50\n|\n|t:|1772410561\n|move|p2a: Lapras|Sing|p1a: Snorlax\n|-status|p1a: Snorlax|slp|[from] move: Sing\n|-curestatus|p1a: Snorlax|slp|[msg]\n|\n|upkeep\n|turn|51\n|\n|t:|1772410567\n|move|p2a: Lapras|Sing|p1a: Snorlax|[miss]\n|-miss|p2a: Lapras\n|move|p1a: Snorlax|Body Slam|p2a: Lapras\n|-crit|p2a: Lapras\n|-damage|p2a: Lapras|47/100\n|\n|upkeep\n|turn|52\n|\n|t:|1772410579\n|move|p2a: Lapras|Sing|p1a: Snorlax\n|-status|p1a: Snorlax|slp|[from] move: Sing\n|-curestatus|p1a: Snorlax|slp|[msg]\n|\n|upkeep\n|turn|53\n|\n|t:|1772410584\n|switch|p1a: Exeggutor|Exeggutor|74/100 par\n|move|p2a: Lapras|Sing|p1a: Exeggutor\n|-fail|p1a: Exeggutor\n|\n|upkeep\n|turn|54\n|\n|t:|1772410603\n|switch|p1a: Starmie|Starmie|100/100\n|move|p2a: Lapras|Blizzard|p1a: Starmie\n|-resisted|p1a: Starmie\n|-damage|p1a: Starmie|78/100\n|\n|upkeep\n|turn|55\n|\n|t:|1772410611\n|switch|p2a: Chansey|Chansey|100/100 par\n|move|p1a: Starmie|Psychic|p2a: Chansey\n|-damage|p2a: Chansey|87/100 par\n|\n|upkeep\n|turn|56\n|\n|t:|1772410616\n|switch|p1a: Snorlax|Snorlax|66/100\n|move|p2a: Chansey|Sing|p1a: Snorlax\n|-status|p1a: Snorlax|slp|[from] move: Sing\n|\n|upkeep\n|turn|57\n|\n|t:|1772410625\n|switch|p1a: Starmie|Starmie|78/100\n|switch|p2a: Tauros|Tauros|100/100\n|\n|upkeep\n|turn|58\n|\n|t:|1772410630\n|switch|p2a: Chansey|Chansey|87/100 par\n|move|p1a: Starmie|Psychic|p2a: Chansey\n|-damage|p2a: Chansey|72/100 par\n|\n|upkeep\n|turn|59\n|\n|t:|1772410635\n|switch|p1a: Exeggutor|Exeggutor|74/100 par\n|move|p2a: Chansey|Seismic Toss|p1a: Exeggutor\n|-damage|p1a: Exeggutor|48/100 par\n|\n|upkeep\n|turn|60\n|\n|t:|1772410641\n|switch|p2a: Exeggutor|Exeggutor|100/100 slp\n|move|p1a: Exeggutor|Explosion|p2a: Exeggutor\n|-crit|p2a: Exeggutor\n|-damage|p2a: Exeggutor|0 fnt\n|faint|p2a: Exeggutor\n|faint|p1a: Exeggutor\n|\n|t:|1772410672\n|switch|p2a: Starmie|Starmie|100/100\n|switch|p1a: Starmie|Starmie|78/100\n|turn|61\n|\n|t:|1772410685\n|switch|p2a: Chansey|Chansey|72/100 par\n|move|p1a: Starmie|Psychic|p2a: Chansey\n|-damage|p2a: Chansey|58/100 par\n|-unboost|p2a: Chansey|spa|1\n|-unboost|p2a: Chansey|spd|1\n|\n|upkeep\n|turn|62\n|\n|t:|1772410694\n|move|p1a: Starmie|Psychic|p2a: Chansey\n|-damage|p2a: Chansey|37/100 par\n|-unboost|p2a: Chansey|spa|1\n|-unboost|p2a: Chansey|spd|1\n|move|p2a: Chansey|Soft-Boiled|p2a: Chansey\n|-heal|p2a: Chansey|87/100 par\n|\n|upkeep\n|turn|63\n|\n|t:|1772410700\n|move|p1a: Starmie|Psychic|p2a: Chansey\n|-damage|p2a: Chansey|55/100 par\n|-unboost|p2a: Chansey|spa|1\n|-unboost|p2a: Chansey|spd|1\n|move|p2a: Chansey|Thunder Wave|p1a: Starmie\n|-status|p1a: Starmie|par\n|\n|upkeep\n|turn|64\n|\n|t:|1772410711\n|move|p1a: Starmie|Psychic|p2a: Chansey\n|-damage|p2a: Chansey|19/100 par\n|move|p2a: Chansey|Seismic Toss|p1a: Starmie\n|-damage|p1a: Starmie|47/100 par\n|\n|upkeep\n|turn|65\n|inactive|isza has 270 seconds left.\n|\n|t:|1772410744\n|move|p1a: Starmie|Psychic|p2a: Chansey\n|-damage|p2a: Chansey|0 fnt\n|faint|p2a: Chansey\n|inactive|Ct0wn has 270 seconds left.\n|\n|t:|1772410791\n|switch|p2a: Tauros|Tauros|100/100\n|turn|66\n|inactive|isza has 270 seconds left.\n|inactive|isza has 240 seconds left.\n|inactive|isza has 210 seconds left.\n|\n|t:|1772410884\n|switch|p1a: Snorlax|Snorlax|66/100 slp\n|move|p2a: Tauros|Hyper Beam|p1a: Snorlax\n|-damage|p1a: Snorlax|22/100 slp\n|-mustrecharge|p2a: Tauros\n|\n|upkeep\n|turn|67\n|\n|t:|1772410890\n|switch|p1a: Tauros|Tauros|100/100\n|cant|p2a: Tauros|recharge\n|\n|upkeep\n|turn|68\n|\n|t:|1772410902\n|move|p2a: Tauros|Body Slam|p1a: Tauros\n|-damage|p1a: Tauros|71/100\n|move|p1a: Tauros|Body Slam|p2a: Tauros\n|-damage|p2a: Tauros|70/100\n|\n|upkeep\n|turn|69\n|\n|t:|1772410909\n|move|p1a: Tauros|Body Slam|p2a: Tauros\n|-damage|p2a: Tauros|42/100\n|move|p2a: Tauros|Body Slam|p1a: Tauros\n|-damage|p1a: Tauros|40/100\n|\n|upkeep\n|turn|70\n|inactive|isza has 210 seconds left.\n|inactive|isza has 180 seconds left.\n|inactive|isza has 150 seconds left.\n|\n|t:|1772410994\n|move|p1a: Tauros|Hyper Beam|p2a: Tauros\n|-crit|p2a: Tauros\n|-damage|p2a: Tauros|0 fnt\n|faint|p2a: Tauros\n|\n|t:|1772411022\n|switch|p2a: Lapras|Lapras|47/100\n|turn|71\n|inactive|isza has 120 seconds left.\n|\n|t:|1772411068\n|switch|p1a: Snorlax|Snorlax|22/100 slp\n|move|p2a: Lapras|Blizzard|p1a: Snorlax|[miss]\n|-miss|p2a: Lapras\n|\n|upkeep\n|turn|72\n|\n|t:|1772411072\n|move|p2a: Lapras|Body Slam|p1a: Snorlax\n|-damage|p1a: Snorlax|7/100 slp\n|cant|p1a: Snorlax|slp\n|\n|upkeep\n|turn|73\n|\n|t:|1772411077\n|move|p2a: Lapras|Body Slam|p1a: Snorlax\n|-crit|p1a: Snorlax\n|-damage|p1a: Snorlax|0 fnt\n|faint|p1a: Snorlax\n|\n|t:|1772411080\n|switch|p1a: Zapdos|Zapdos|100/100\n|turn|74\n|\n|t:|1772411086\n|move|p1a: Zapdos|Thunderbolt|p2a: Lapras\n|-supereffective|p2a: Lapras\n|-damage|p2a: Lapras|0 fnt\n|faint|p2a: Lapras\n|inactive|Ct0wn has 270 seconds left.\n|\n|t:|1772411126\n|switch|p2a: Starmie|Starmie|100/100\n|turn|75\n|\n|t:|1772411156\n|move|p2a: Starmie|Blizzard|p1a: Zapdos\n|-supereffective|p1a: Zapdos\n|-damage|p1a: Zapdos|61/100\n|move|p1a: Zapdos|Thunder Wave|p2a: Starmie\n|-status|p2a: Starmie|par\n|\n|upkeep\n|turn|76\n|inactive|Ct0wn has 270 seconds left.\n|inactive|isza has 120 seconds left.\n|\n|t:|1772411177\n|move|p1a: Zapdos|Thunderbolt|p2a: Starmie\n|-supereffective|p2a: Starmie\n|-damage|p2a: Starmie|21/100 par\n|cant|p2a: Starmie|par\n|\n|upkeep\n|turn|77\n|\n|t:|1772411181\n|move|p1a: Zapdos|Thunderbolt|p2a: Starmie\n|-supereffective|p2a: Starmie\n|-damage|p2a: Starmie|0 fnt\n|faint|p2a: Starmie\n|\n|t:|1772411182\n|switch|p2a: Snorlax|Snorlax|63/100\n|turn|78\n|\n|t:|1772411187\n|move|p1a: Zapdos|Thunderbolt|p2a: Snorlax\n|-damage|p2a: Snorlax|31/100\n|move|p2a: Snorlax|Body Slam|p1a: Zapdos\n|-damage|p1a: Zapdos|31/100\n|-status|p1a: Zapdos|par\n|\n|upkeep\n|turn|79\n|\n|t:|1772411197\n|move|p2a: Snorlax|Reflect|p2a: Snorlax\n|-start|p2a: Snorlax|Reflect\n|move|p1a: Zapdos|Thunderbolt|p2a: Snorlax\n|-damage|p2a: Snorlax|0 fnt\n|faint|p2a: Snorlax\n|\n|win|isza\n|c|☆isza|gg\n|c|☆Ct0wn|Gg\n|player|p2|\n","uploadtime":1772411198,"views":"856","formatid":"gen1ou","rating":null,"private":0,"password":null}