{"id":"smogtours-gen1ou-817549","format":"[Gen 1] OU","players":["Sceptross","chuva de perereca"],"log":"|inactive|Battle timer is ON: inactive players will automatically lose when time's up.\n|t:|1738506218\n|gametype|singles\n|player|p1|Sceptross|#splxvicryonicles|\n|player|p2|chuva de perereca|lyra|\n|teamsize|p1|6\n|teamsize|p2|6\n|gen|1\n|tier|[Gen 1] OU\n|rule|Desync Clause Mod: Desyncs changed to move failure.\n|rule|Sleep Clause Mod: Limit one foe put to sleep\n|rule|Freeze Clause Mod: Limit one foe frozen\n|rule|Species Clause: Limit one of each Pokémon\n|rule|OHKO Clause: OHKO moves are banned\n|rule|Evasion Moves Clause: Evasion moves are banned\n|rule|Endless Battle Clause: Forcing endless battles is banned\n|rule|HP Percentage Mod: HP is shown in percentages\n|\n|t:|1738506218\n|start\n|switch|p1a: Jynx|Jynx|100/100\n|switch|p2a: Tauros|Tauros|100/100\n|turn|1\n|rated|Smogon Premier League\n|c|☆chuva de perereca|hf\n|c|☆Sceptross|gl hf\n|\n|t:|1738506232\n|move|p2a: Tauros|Body Slam|p1a: Jynx\n|-damage|p1a: Jynx|46/100\n|move|p1a: Jynx|Lovely Kiss|p2a: Tauros\n|-status|p2a: Tauros|slp|[from] move: Lovely Kiss\n|\n|upkeep\n|turn|2\n|inactive|Sceptross has 270 seconds left.\n|inactive|Sceptross has 240 seconds left.\n|inactive|Sceptross has 210 seconds left.\n|\n|t:|1738506344\n|switch|p2a: Chansey|Chansey|100/100\n|move|p1a: Jynx|Blizzard|p2a: Chansey\n|-damage|p2a: Chansey|82/100\n|\n|upkeep\n|turn|3\n|\n|t:|1738506355\n|move|p1a: Jynx|Blizzard|p2a: Chansey\n|-damage|p2a: Chansey|64/100\n|move|p2a: Chansey|Thunder Wave|p1a: Jynx\n|-status|p1a: Jynx|par\n|\n|upkeep\n|turn|4\n|\n|t:|1738506361\n|switch|p2a: Rhydon|Rhydon|100/100\n|cant|p1a: Jynx|par\n|\n|upkeep\n|turn|5\n|\n|t:|1738506383\n|switch|p1a: Starmie|Starmie|100/100\n|move|p2a: Rhydon|Earthquake|p1a: Starmie\n|-damage|p1a: Starmie|51/100\n|\n|upkeep\n|turn|6\n|\n|t:|1738506390\n|switch|p2a: Chansey|Chansey|64/100\n|move|p1a: Starmie|Recover|p1a: Starmie\n|-heal|p1a: Starmie|100/100\n|\n|upkeep\n|turn|7\n|\n|t:|1738506396\n|move|p1a: Starmie|Thunder Wave|p2a: Chansey\n|-status|p2a: Chansey|par\n|move|p2a: Chansey|Sing|p1a: Starmie|[miss]\n|-miss|p2a: Chansey\n|\n|upkeep\n|turn|8\n|inactive|Sceptross has 180 seconds left.\n|\n|t:|1738506448\n|switch|p1a: Jynx|Jynx|46/100 par\n|move|p2a: Chansey|Soft-Boiled|p2a: Chansey\n|-heal|p2a: Chansey|100/100 par\n|\n|upkeep\n|turn|9\n|\n|t:|1738506461\n|move|p1a: Jynx|Psychic|p2a: Chansey\n|-crit|p2a: Chansey\n|-damage|p2a: Chansey|74/100 par\n|-unboost|p2a: Chansey|spa|1\n|-unboost|p2a: Chansey|spd|1\n|move|p2a: Chansey|Seismic Toss|p1a: Jynx\n|-damage|p1a: Jynx|16/100 par\n|\n|upkeep\n|turn|10\n|\n|t:|1738506468\n|move|p1a: Jynx|Rest|p1a: Jynx\n|-status|p1a: Jynx|slp|[from] move: Rest\n|-heal|p1a: Jynx|100/100 slp|[silent]\n|move|p2a: Chansey|Seismic Toss|p1a: Jynx\n|-damage|p1a: Jynx|70/100 slp\n|\n|upkeep\n|turn|11\n|\n|t:|1738506474\n|switch|p2a: Rhydon|Rhydon|100/100\n|cant|p1a: Jynx|slp\n|\n|upkeep\n|turn|12\n|inactive|Sceptross has 150 seconds left.\n|\n|t:|1738506515\n|switch|p1a: Chansey|Chansey|100/100\n|move|p2a: Rhydon|Body Slam|p1a: Chansey\n|-damage|p1a: Chansey|69/100\n|\n|upkeep\n|turn|13\n|\n|t:|1738506527\n|switch|p1a: Snorlax|Snorlax|100/100\n|switch|p2a: Chansey|Chansey|74/100 par\n|\n|upkeep\n|turn|14\n|\n|t:|1738506532\n|switch|p2a: Exeggutor|Exeggutor|100/100\n|move|p1a: Snorlax|Body Slam|p2a: Exeggutor\n|-damage|p2a: Exeggutor|69/100\n|-status|p2a: Exeggutor|par\n|\n|upkeep\n|turn|15\n|inactive|Sceptross has 150 seconds left.\n|inactive|Sceptross has 120 seconds left.\n|\n|t:|1738506576\n|switch|p1a: Jynx|Jynx|70/100 slp\n|switch|p2a: Rhydon|Rhydon|100/100\n|\n|upkeep\n|turn|16\n|inactive|Sceptross has 120 seconds left.\n|\n|t:|1738506598\n|-curestatus|p1a: Jynx|slp|[msg]\n|move|p2a: Rhydon|Body Slam|p1a: Jynx\n|-damage|p1a: Jynx|27/100\n|\n|upkeep\n|turn|17\n|\n|t:|1738506620\n|switch|p1a: Rhydon|Rhydon|100/100\n|switch|p2a: Chansey|Chansey|74/100 par\n|\n|upkeep\n|turn|18\n|\n|t:|1738506625\n|switch|p2a: Exeggutor|Exeggutor|69/100 par\n|move|p1a: Rhydon|Rock Slide|p2a: Exeggutor\n|-damage|p2a: Exeggutor|39/100 par\n|\n|upkeep\n|turn|19\n|\n|t:|1738506644\n|switch|p1a: Jynx|Jynx|27/100\n|move|p2a: Exeggutor|Rest|p2a: Exeggutor\n|-status|p2a: Exeggutor|slp|[from] move: Rest\n|-heal|p2a: Exeggutor|100/100 slp|[silent]\n|\n|upkeep\n|turn|20\n|inactive|Sceptross has 90 seconds left.\n|\n|t:|1738506694\n|switch|p2a: Alakazam|Alakazam|100/100\n|move|p1a: Jynx|Blizzard|p2a: Alakazam\n|-crit|p2a: Alakazam\n|-damage|p2a: Alakazam|31/100\n|\n|upkeep\n|turn|21\n|\n|t:|1738506707\n|move|p2a: Alakazam|Recover|p2a: Alakazam\n|-heal|p2a: Alakazam|81/100\n|move|p1a: Jynx|Blizzard|p2a: Alakazam\n|-damage|p2a: Alakazam|48/100\n|\n|upkeep\n|turn|22\n|\n|t:|1738506717\n|switch|p1a: Chansey|Chansey|69/100\n|move|p2a: Alakazam|Recover|p2a: Alakazam\n|-heal|p2a: Alakazam|98/100\n|\n|upkeep\n|turn|23\n|inactive|Sceptross has 60 seconds left.\n|\n|t:|1738506736\n|switch|p2a: Chansey|Chansey|74/100 par\n|switch|p1a: Snorlax|Snorlax|100/100\n|\n|upkeep\n|turn|24\n|\n|t:|1738506740\n|switch|p2a: Rhydon|Rhydon|100/100\n|move|p1a: Snorlax|Body Slam|p2a: Rhydon\n|-resisted|p2a: Rhydon\n|-damage|p2a: Rhydon|90/100\n|-status|p2a: Rhydon|par\n|\n|upkeep\n|turn|25\n|inactive|Sceptross has 60 seconds left.\n|inactive|Sceptross has 30 seconds left.\n|\n|t:|1738506796\n|move|p1a: Snorlax|Reflect|p1a: Snorlax\n|-start|p1a: Snorlax|Reflect\n|move|p2a: Rhydon|Earthquake|p1a: Snorlax\n|-damage|p1a: Snorlax|82/100\n|\n|upkeep\n|turn|26\n|\n|t:|1738506800\n|move|p1a: Snorlax|Body Slam|p2a: Rhydon\n|-resisted|p2a: Rhydon\n|-damage|p2a: Rhydon|78/100 par\n|move|p2a: Rhydon|Substitute|p2a: Rhydon\n|-start|p2a: Rhydon|Substitute\n|-damage|p2a: Rhydon|53/100 par\n|\n|upkeep\n|turn|27\n|\n|t:|1738506805\n|move|p1a: Snorlax|Self-Destruct|p2a: Rhydon\n|-resisted|p2a: Rhydon\n|-end|p2a: Rhydon|Substitute\n|-hint|In Gen 1, the user of Self-Destruct will not take damage if it breaks a Substitute.\n|cant|p2a: Rhydon|par\n|\n|upkeep\n|turn|28\n|inactive|Sceptross has 30 seconds left.\n|inactive|Sceptross has 20 seconds left.\n|inactive|Sceptross has 15 seconds left.\n|\n|t:|1738506842\n|switch|p1a: Chansey|Chansey|69/100\n|move|p2a: Rhydon|Earthquake|p1a: Chansey\n|-damage|p1a: Chansey|11/100\n|\n|upkeep\n|turn|29\n|inactive|Sceptross has 25 seconds left this turn.\n|\n|t:|1738506850\n|switch|p2a: Chansey|Chansey|74/100 par\n|move|p1a: Chansey|Soft-Boiled|p1a: Chansey\n|-heal|p1a: Chansey|61/100\n|\n|upkeep\n|turn|30\n|\n|t:|1738506855\n|switch|p1a: Jynx|Jynx|27/100\n|move|p2a: Chansey|Seismic Toss|p1a: Jynx\n|-damage|p1a: Jynx|0 fnt\n|faint|p1a: Jynx\n|\n|t:|1738506864\n|switch|p1a: Rhydon|Rhydon|100/100\n|turn|31\n|\n|t:|1738506871\n|switch|p2a: Alakazam|Alakazam|98/100\n|move|p1a: Rhydon|Rock Slide|p2a: Alakazam\n|-crit|p2a: Alakazam\n|-damage|p2a: Alakazam|0 fnt\n|faint|p2a: Alakazam\n|\n|t:|1738506875\n|switch|p2a: Exeggutor|Exeggutor|100/100 slp\n|turn|32\n|inactive|Sceptross has 30 seconds left.\n|inactive|Sceptross has 20 seconds left.\n|inactive|Sceptross has 15 seconds left.\n|\n|t:|1738506924\n|cant|p2a: Exeggutor|slp\n|move|p1a: Rhydon|Rock Slide|p2a: Exeggutor\n|-damage|p2a: Exeggutor|69/100 slp\n|\n|upkeep\n|turn|33\n|inactive|Sceptross has 25 seconds left this turn.\n|inactive|Sceptross has 20 seconds left.\n|\n|t:|1738506929\n|-curestatus|p2a: Exeggutor|slp|[msg]\n|move|p1a: Rhydon|Body Slam|p2a: Exeggutor\n|-damage|p2a: Exeggutor|47/100\n|\n|upkeep\n|turn|34\n|inactive|Sceptross has 30 seconds left this turn.\n|\n|t:|1738506936\n|switch|p1a: Snorlax|Snorlax|82/100\n|move|p2a: Exeggutor|Sleep Powder|p1a: Snorlax\n|-status|p1a: Snorlax|slp|[from] move: Sleep Powder\n|\n|upkeep\n|turn|35\n|inactive|Sceptross has 30 seconds left.\n|\n|t:|1738506947\n|switch|p1a: Chansey|Chansey|61/100\n|move|p2a: Exeggutor|Stun Spore|p1a: Chansey\n|-status|p1a: Chansey|par\n|\n|upkeep\n|turn|36\n|inactive|Sceptross has 30 seconds left.\n|\n|t:|1738506957\n|move|p2a: Exeggutor|Psychic|p1a: Chansey\n|-damage|p1a: Chansey|45/100 par\n|-unboost|p1a: Chansey|spa|1\n|-unboost|p1a: Chansey|spd|1\n|cant|p1a: Chansey|par\n|\n|upkeep\n|turn|37\n|\n|t:|1738506963\n|move|p2a: Exeggutor|Psychic|p1a: Chansey\n|-crit|p1a: Chansey\n|-damage|p1a: Chansey|14/100 par\n|-unboost|p1a: Chansey|spa|1\n|-unboost|p1a: Chansey|spd|1\n|move|p1a: Chansey|Soft-Boiled|p1a: Chansey\n|-heal|p1a: Chansey|64/100 par\n|\n|upkeep\n|turn|38\n|\n|t:|1738506971\n|switch|p1a: Snorlax|Snorlax|82/100 slp\n|move|p2a: Exeggutor|Psychic|p1a: Snorlax\n|-damage|p1a: Snorlax|49/100 slp\n|\n|upkeep\n|turn|39\n|\n|t:|1738506976\n|switch|p1a: Chansey|Chansey|64/100 par\n|move|p2a: Exeggutor|Psychic|p1a: Chansey\n|-damage|p1a: Chansey|46/100 par\n|\n|upkeep\n|turn|40\n|\n|t:|1738506980\n|move|p2a: Exeggutor|Psychic|p1a: Chansey\n|-damage|p1a: Chansey|29/100 par\n|move|p1a: Chansey|Soft-Boiled|p1a: Chansey\n|-heal|p1a: Chansey|79/100 par\n|\n|upkeep\n|turn|41\n|inactive|Sceptross has 60 seconds left.\n|\n|t:|1738507001\n|switch|p2a: Chansey|Chansey|74/100 par\n|move|p1a: Chansey|Ice Beam|p2a: Chansey\n|-damage|p2a: Chansey|63/100 par\n|\n|upkeep\n|turn|42\n|\n|t:|1738507008\n|cant|p1a: Chansey|par\n|move|p2a: Chansey|Seismic Toss|p1a: Chansey\n|-damage|p1a: Chansey|65/100 par\n|\n|upkeep\n|turn|43\n|\n|t:|1738507012\n|move|p2a: Chansey|Soft-Boiled|p2a: Chansey\n|-heal|p2a: Chansey|100/100 par\n|move|p1a: Chansey|Soft-Boiled|p1a: Chansey\n|-heal|p1a: Chansey|100/100 par\n|\n|upkeep\n|turn|44\n|inactive|Sceptross has 60 seconds left.\n|\n|t:|1738507027\n|move|p1a: Chansey|Ice Beam|p2a: Chansey\n|-damage|p2a: Chansey|90/100 par\n|cant|p2a: Chansey|par\n|\n|upkeep\n|turn|45\n|\n|t:|1738507030\n|move|p2a: Chansey|Seismic Toss|p1a: Chansey\n|-damage|p1a: Chansey|86/100 par\n|move|p1a: Chansey|Ice Beam|p2a: Chansey\n|-damage|p2a: Chansey|79/100 par\n|\n|upkeep\n|turn|46\n|\n|t:|1738507049\n|move|p2a: Chansey|Seismic Toss|p1a: Chansey\n|-damage|p1a: Chansey|72/100 par\n|move|p1a: Chansey|Ice Beam|p2a: Chansey\n|-damage|p2a: Chansey|68/100 par\n|\n|upkeep\n|turn|47\n|\n|t:|1738507053\n|move|p2a: Chansey|Seismic Toss|p1a: Chansey\n|-damage|p1a: Chansey|58/100 par\n|cant|p1a: Chansey|par\n|\n|upkeep\n|turn|48\n|\n|t:|1738507057\n|move|p1a: Chansey|Soft-Boiled|p1a: Chansey\n|-heal|p1a: Chansey|100/100 par\n|move|p2a: Chansey|Soft-Boiled|p2a: Chansey\n|-heal|p2a: Chansey|100/100 par\n|\n|upkeep\n|turn|49\n|\n|t:|1738507060\n|move|p2a: Chansey|Seismic Toss|p1a: Chansey\n|-damage|p1a: Chansey|86/100 par\n|move|p1a: Chansey|Thunderbolt|p2a: Chansey\n|-crit|p2a: Chansey\n|-damage|p2a: Chansey|79/100 par\n|\n|upkeep\n|turn|50\n|\n|t:|1738507064\n|move|p1a: Chansey|Thunderbolt|p2a: Chansey\n|-damage|p2a: Chansey|69/100 par\n|move|p2a: Chansey|Soft-Boiled|p2a: Chansey\n|-heal|p2a: Chansey|100/100 par\n|\n|upkeep\n|turn|51\n|\n|t:|1738507068\n|move|p2a: Chansey|Seismic Toss|p1a: Chansey\n|-damage|p1a: Chansey|72/100 par\n|move|p1a: Chansey|Thunderbolt|p2a: Chansey\n|-damage|p2a: Chansey|90/100 par\n|\n|upkeep\n|turn|52\n|\n|t:|1738507072\n|move|p2a: Chansey|Thunder Wave|p1a: Chansey\n|-fail|p1a: Chansey|par\n|cant|p1a: Chansey|par\n|\n|upkeep\n|turn|53\n|\n|t:|1738507074\n|move|p1a: Chansey|Soft-Boiled|p1a: Chansey\n|-heal|p1a: Chansey|100/100 par\n|cant|p2a: Chansey|par\n|\n|upkeep\n|turn|54\n|\n|t:|1738507076\n|move|p1a: Chansey|Thunderbolt|p2a: Chansey\n|-damage|p2a: Chansey|79/100 par\n|move|p2a: Chansey|Seismic Toss|p1a: Chansey\n|-damage|p1a: Chansey|86/100 par\n|\n|upkeep\n|turn|55\n|\n|t:|1738507081\n|move|p1a: Chansey|Soft-Boiled|p1a: Chansey\n|-heal|p1a: Chansey|100/100 par\n|cant|p2a: Chansey|par\n|\n|upkeep\n|turn|56\n|\n|t:|1738507085\n|cant|p1a: Chansey|par\n|move|p2a: Chansey|Seismic Toss|p1a: Chansey\n|-damage|p1a: Chansey|86/100 par\n|\n|upkeep\n|turn|57\n|\n|t:|1738507090\n|cant|p1a: Chansey|par\n|move|p2a: Chansey|Seismic Toss|p1a: Chansey\n|-damage|p1a: Chansey|72/100 par\n|\n|upkeep\n|turn|58\n|\n|t:|1738507092\n|move|p2a: Chansey|Soft-Boiled|p2a: Chansey\n|-heal|p2a: Chansey|100/100 par\n|cant|p1a: Chansey|par\n|\n|upkeep\n|turn|59\n|\n|t:|1738507096\n|cant|p1a: Chansey|par\n|move|p2a: Chansey|Thunder Wave|p1a: Chansey\n|-fail|p1a: Chansey|par\n|\n|upkeep\n|turn|60\n|\n|t:|1738507099\n|move|p2a: Chansey|Thunder Wave|p1a: Chansey\n|-fail|p1a: Chansey|par\n|move|p1a: Chansey|Soft-Boiled|p1a: Chansey\n|-heal|p1a: Chansey|100/100 par\n|\n|upkeep\n|turn|61\n|\n|t:|1738507101\n|move|p2a: Chansey|Seismic Toss|p1a: Chansey\n|-damage|p1a: Chansey|86/100 par\n|cant|p1a: Chansey|par\n|\n|upkeep\n|turn|62\n|\n|t:|1738507104\n|move|p1a: Chansey|Thunderbolt|p2a: Chansey\n|-damage|p2a: Chansey|89/100 par\n|move|p2a: Chansey|Seismic Toss|p1a: Chansey\n|-damage|p1a: Chansey|72/100 par\n|\n|upkeep\n|turn|63\n|\n|t:|1738507107\n|move|p2a: Chansey|Thunder Wave|p1a: Chansey\n|-fail|p1a: Chansey|par\n|move|p1a: Chansey|Soft-Boiled|p1a: Chansey\n|-heal|p1a: Chansey|100/100 par\n|\n|upkeep\n|turn|64\n|\n|t:|1738507111\n|move|p1a: Chansey|Thunderbolt|p2a: Chansey\n|-damage|p2a: Chansey|78/100 par\n|cant|p2a: Chansey|par\n|\n|upkeep\n|turn|65\n|\n|t:|1738507114\n|move|p2a: Chansey|Seismic Toss|p1a: Chansey\n|-damage|p1a: Chansey|86/100 par\n|move|p1a: Chansey|Thunderbolt|p2a: Chansey\n|-damage|p2a: Chansey|67/100 par\n|\n|upkeep\n|turn|66\n|\n|t:|1738507116\n|switch|p1a: Rhydon|Rhydon|100/100\n|cant|p2a: Chansey|par\n|\n|upkeep\n|turn|67\n|inactive|Sceptross has 270 seconds left.\n|\n|t:|1738507131\n|move|p1a: Rhydon|Body Slam|p2a: Chansey\n|-damage|p2a: Chansey|33/100 par\n|move|p2a: Chansey|Soft-Boiled|p2a: Chansey\n|-heal|p2a: Chansey|83/100 par\n|\n|upkeep\n|turn|68\n|\n|t:|1738507137\n|move|p1a: Rhydon|Body Slam|p2a: Chansey\n|-damage|p2a: Chansey|50/100 par\n|cant|p2a: Chansey|par\n|\n|upkeep\n|turn|69\n|\n|t:|1738507144\n|switch|p2a: Exeggutor|Exeggutor|47/100\n|move|p1a: Rhydon|Body Slam|p2a: Exeggutor\n|-damage|p2a: Exeggutor|25/100\n|\n|upkeep\n|turn|70\n|\n|t:|1738507158\n|switch|p1a: Chansey|Chansey|86/100 par\n|move|p2a: Exeggutor|Stun Spore|p1a: Chansey|[miss]\n|-miss|p2a: Exeggutor\n|\n|upkeep\n|turn|71\n|\n|t:|1738507164\n|switch|p2a: Chansey|Chansey|50/100 par\n|move|p1a: Chansey|Ice Beam|p2a: Chansey\n|-damage|p2a: Chansey|40/100 par\n|\n|upkeep\n|turn|72\n|\n|t:|1738507167\n|switch|p1a: Rhydon|Rhydon|100/100\n|switch|p2a: Exeggutor|Exeggutor|25/100\n|\n|upkeep\n|turn|73\n|\n|t:|1738507173\n|switch|p1a: Chansey|Chansey|86/100 par\n|move|p2a: Exeggutor|Rest|p2a: Exeggutor\n|-status|p2a: Exeggutor|slp|[from] move: Rest\n|-heal|p2a: Exeggutor|100/100 slp|[silent]\n|\n|upkeep\n|turn|74\n|\n|t:|1738507186\n|switch|p2a: Chansey|Chansey|40/100 par\n|move|p1a: Chansey|Ice Beam|p2a: Chansey\n|-damage|p2a: Chansey|30/100 par\n|\n|upkeep\n|turn|75\n|\n|t:|1738507189\n|switch|p2a: Exeggutor|Exeggutor|100/100 slp\n|switch|p1a: Rhydon|Rhydon|100/100\n|\n|upkeep\n|turn|76\n|\n|t:|1738507193\n|cant|p2a: Exeggutor|slp\n|move|p1a: Rhydon|Rock Slide|p2a: Exeggutor|[miss]\n|-miss|p1a: Rhydon\n|\n|upkeep\n|turn|77\n|\n|t:|1738507195\n|-curestatus|p2a: Exeggutor|slp|[msg]\n|move|p1a: Rhydon|Body Slam|p2a: Exeggutor\n|-damage|p2a: Exeggutor|77/100\n|-status|p2a: Exeggutor|par\n|\n|upkeep\n|turn|78\n|\n|t:|1738507199\n|switch|p1a: Chansey|Chansey|86/100 par\n|switch|p2a: Chansey|Chansey|30/100 par\n|\n|upkeep\n|turn|79\n|\n|t:|1738507204\n|switch|p1a: Rhydon|Rhydon|100/100\n|cant|p2a: Chansey|par\n|\n|upkeep\n|turn|80\n|\n|t:|1738507208\n|switch|p2a: Exeggutor|Exeggutor|77/100 par\n|move|p1a: Rhydon|Rock Slide|p2a: Exeggutor|[miss]\n|-miss|p1a: Rhydon\n|\n|upkeep\n|turn|81\n|\n|t:|1738507217\n|switch|p1a: Chansey|Chansey|86/100 par\n|move|p2a: Exeggutor|Psychic|p1a: Chansey\n|-damage|p1a: Chansey|69/100 par\n|\n|upkeep\n|turn|82\n|\n|t:|1738507223\n|switch|p2a: Chansey|Chansey|30/100 par\n|move|p1a: Chansey|Soft-Boiled|p1a: Chansey\n|-heal|p1a: Chansey|100/100 par\n|\n|upkeep\n|turn|83\n|\n|t:|1738507226\n|switch|p1a: Rhydon|Rhydon|100/100\n|move|p2a: Chansey|Seismic Toss|p1a: Rhydon\n|-damage|p1a: Rhydon|76/100\n|\n|upkeep\n|turn|84\n|\n|t:|1738507229\n|switch|p2a: Exeggutor|Exeggutor|77/100 par\n|move|p1a: Rhydon|Rock Slide|p2a: Exeggutor\n|-damage|p2a: Exeggutor|48/100 par\n|\n|upkeep\n|turn|85\n|\n|t:|1738507235\n|switch|p1a: Chansey|Chansey|100/100 par\n|move|p2a: Exeggutor|Rest|p2a: Exeggutor\n|-status|p2a: Exeggutor|slp|[from] move: Rest\n|-heal|p2a: Exeggutor|100/100 slp|[silent]\n|\n|upkeep\n|turn|86\n|\n|t:|1738507241\n|switch|p2a: Chansey|Chansey|30/100 par\n|move|p1a: Chansey|Ice Beam|p2a: Chansey\n|-damage|p2a: Chansey|18/100 par\n|\n|upkeep\n|turn|87\n|\n|t:|1738507249\n|switch|p1a: Rhydon|Rhydon|76/100\n|move|p2a: Chansey|Soft-Boiled|p2a: Chansey\n|-heal|p2a: Chansey|68/100 par\n|\n|upkeep\n|turn|88\n|\n|t:|1738507254\n|switch|p2a: Rhydon|Rhydon|53/100 par\n|move|p1a: Rhydon|Rock Slide|p2a: Rhydon\n|-resisted|p2a: Rhydon\n|-damage|p2a: Rhydon|42/100 par\n|\n|upkeep\n|turn|89\n|\n|t:|1738507263\n|move|p1a: Rhydon|Earthquake|p2a: Rhydon\n|-supereffective|p2a: Rhydon\n|-damage|p2a: Rhydon|0 fnt\n|faint|p2a: Rhydon\n|\n|t:|1738507265\n|switch|p2a: Exeggutor|Exeggutor|100/100 slp\n|turn|90\n|\n|t:|1738507280\n|cant|p2a: Exeggutor|slp\n|move|p1a: Rhydon|Rock Slide|p2a: Exeggutor|[miss]\n|-miss|p1a: Rhydon\n|\n|upkeep\n|turn|91\n|\n|t:|1738507285\n|-curestatus|p2a: Exeggutor|slp|[msg]\n|move|p1a: Rhydon|Body Slam|p2a: Exeggutor\n|-damage|p2a: Exeggutor|77/100\n|-status|p2a: Exeggutor|par\n|\n|upkeep\n|turn|92\n|\n|t:|1738507294\n|switch|p1a: Chansey|Chansey|100/100 par\n|cant|p2a: Exeggutor|par\n|\n|upkeep\n|turn|93\n|\n|t:|1738507301\n|switch|p2a: Chansey|Chansey|68/100 par\n|move|p1a: Chansey|Thunderbolt|p2a: Chansey\n|-damage|p2a: Chansey|58/100 par\n|\n|upkeep\n|turn|94\n|\n|t:|1738507309\n|move|p2a: Chansey|Seismic Toss|p1a: Chansey\n|-damage|p1a: Chansey|86/100 par\n|move|p1a: Chansey|Thunderbolt|p2a: Chansey\n|-crit|p2a: Chansey\n|-damage|p2a: Chansey|36/100 par\n|\n|upkeep\n|turn|95\n|\n|t:|1738507314\n|switch|p1a: Rhydon|Rhydon|76/100\n|cant|p2a: Chansey|par\n|\n|upkeep\n|turn|96\n|\n|t:|1738507319\n|switch|p2a: Exeggutor|Exeggutor|77/100 par\n|move|p1a: Rhydon|Rock Slide|p2a: Exeggutor|[miss]\n|-miss|p1a: Rhydon\n|\n|upkeep\n|turn|97\n|\n|t:|1738507333\n|switch|p1a: Chansey|Chansey|86/100 par\n|move|p2a: Exeggutor|Psychic|p1a: Chansey\n|-damage|p1a: Chansey|68/100 par\n|\n|upkeep\n|turn|98\n|\n|t:|1738507342\n|switch|p2a: Chansey|Chansey|36/100 par\n|move|p1a: Chansey|Soft-Boiled|p1a: Chansey\n|-heal|p1a: Chansey|100/100 par\n|\n|upkeep\n|turn|99\n|\n|t:|1738507351\n|switch|p1a: Rhydon|Rhydon|76/100\n|move|p2a: Chansey|Seismic Toss|p1a: Rhydon\n|-damage|p1a: Rhydon|52/100\n|\n|upkeep\n|turn|100\n|\n|t:|1738507356\n|switch|p2a: Exeggutor|Exeggutor|77/100 par\n|move|p1a: Rhydon|Rock Slide|p2a: Exeggutor\n|-damage|p2a: Exeggutor|48/100 par\n|\n|upkeep\n|turn|101\n|\n|t:|1738507376\n|move|p1a: Rhydon|Rock Slide|p2a: Exeggutor\n|-crit|p2a: Exeggutor\n|-damage|p2a: Exeggutor|0 fnt\n|faint|p2a: Exeggutor\n|\n|t:|1738507379\n|switch|p2a: Slowbro|Slowbro|100/100\n|turn|102\n|inactive|Sceptross has 270 seconds left.\n|\n|t:|1738507426\n|switch|p1a: Starmie|Starmie|100/100\n|move|p2a: Slowbro|Surf|p1a: Starmie\n|-crit|p1a: Starmie\n|-resisted|p1a: Starmie\n|-damage|p1a: Starmie|71/100\n|\n|upkeep\n|turn|103\n|\n|t:|1738507434\n|move|p1a: Starmie|Thunder Wave|p2a: Slowbro\n|-status|p2a: Slowbro|par\n|move|p2a: Slowbro|Thunder Wave|p1a: Starmie\n|-status|p1a: Starmie|par\n|\n|upkeep\n|turn|104\n|\n|t:|1738507448\n|move|p1a: Starmie|Psychic|p2a: Slowbro\n|-resisted|p2a: Slowbro\n|-damage|p2a: Slowbro|84/100 par\n|-unboost|p2a: Slowbro|spa|1\n|-unboost|p2a: Slowbro|spd|1\n|move|p2a: Slowbro|Amnesia|p2a: Slowbro\n|-boost|p2a: Slowbro|spa|2\n|-boost|p2a: Slowbro|spd|2\n|\n|upkeep\n|turn|105\n|\n|t:|1738507454\n|cant|p1a: Starmie|par\n|move|p2a: Slowbro|Amnesia|p2a: Slowbro\n|-boost|p2a: Slowbro|spa|2\n|-boost|p2a: Slowbro|spd|2\n|\n|upkeep\n|turn|106\n|\n|t:|1738507457\n|cant|p2a: Slowbro|par\n|move|p1a: Starmie|Psychic|p2a: Slowbro\n|-resisted|p2a: Slowbro\n|-damage|p2a: Slowbro|78/100 par\n|\n|upkeep\n|turn|107\n|\n|t:|1738507470\n|switch|p1a: Chansey|Chansey|100/100 par\n|move|p2a: Slowbro|Amnesia|p2a: Slowbro\n|-boost|p2a: Slowbro|spa|2\n|-boost|p2a: Slowbro|spd|2\n|\n|upkeep\n|turn|108\n|\n|t:|1738507476\n|move|p1a: Chansey|Thunderbolt|p2a: Slowbro\n|-supereffective|p2a: Slowbro\n|-damage|p2a: Slowbro|64/100 par\n|move|p2a: Slowbro|Surf|p1a: Chansey\n|-crit|p1a: Chansey\n|-damage|p1a: Chansey|73/100 par\n|\n|upkeep\n|turn|109\n|\n|t:|1738507483\n|move|p1a: Chansey|Thunderbolt|p2a: Slowbro\n|-supereffective|p2a: Slowbro\n|-damage|p2a: Slowbro|51/100 par\n|cant|p2a: Slowbro|par\n|\n|upkeep\n|turn|110\n|\n|t:|1738507498\n|move|p1a: Chansey|Thunderbolt|p2a: Slowbro\n|-crit|p2a: Slowbro\n|-supereffective|p2a: Slowbro\n|-damage|p2a: Slowbro|0 fnt\n|faint|p2a: Slowbro\n|\n|t:|1738507505\n|switch|p2a: Tauros|Tauros|100/100 slp\n|turn|111\n|inactive|Sceptross has 270 seconds left.\n|inactive|Sceptross has 240 seconds left.\n|\n|t:|1738507561\n|switch|p1a: Tauros|Tauros|100/100\n|cant|p2a: Tauros|slp\n|\n|upkeep\n|turn|112\n|\n|t:|1738507566\n|-curestatus|p2a: Tauros|slp|[msg]\n|move|p1a: Tauros|Body Slam|p2a: Tauros\n|-crit|p2a: Tauros\n|-damage|p2a: Tauros|48/100\n|\n|upkeep\n|turn|113\n|inactive|Sceptross has 240 seconds left.\n|\n|t:|1738507601\n|switch|p1a: Chansey|Chansey|73/100 par\n|move|p2a: Tauros|Hyper Beam|p1a: Chansey\n|-damage|p1a: Chansey|2/100 par\n|-mustrecharge|p2a: Tauros\n|\n|upkeep\n|turn|114\n|\n|t:|1738507606\n|cant|p2a: Tauros|recharge\n|move|p1a: Chansey|Thunder Wave|p2a: Tauros\n|-status|p2a: Tauros|par\n|\n|upkeep\n|turn|115\n|\n|t:|1738507627\n|move|p2a: Tauros|Rest|p2a: Tauros\n|-status|p2a: Tauros|slp|[from] move: Rest\n|-heal|p2a: Tauros|100/100 slp|[silent]\n|move|p1a: Chansey|Ice Beam|p2a: Tauros\n|-damage|p2a: Tauros|73/100 slp\n|\n|upkeep\n|turn|116\n|\n|t:|1738507632\n|switch|p1a: Tauros|Tauros|100/100\n|cant|p2a: Tauros|slp\n|\n|upkeep\n|turn|117\n|\n|t:|1738507635\n|move|p1a: Tauros|Body Slam|p2a: Tauros\n|-damage|p2a: Tauros|46/100 slp\n|-curestatus|p2a: Tauros|slp|[msg]\n|\n|upkeep\n|turn|118\n|\n|t:|1738507637\n|switch|p2a: Chansey|Chansey|36/100 par\n|move|p1a: Tauros|Hyper Beam|p2a: Chansey\n|-crit|p2a: Chansey\n|-damage|p2a: Chansey|0 fnt\n|faint|p2a: Chansey\n|\n|t:|1738507639\n|switch|p2a: Tauros|Tauros|46/100\n|turn|119\n|inactive|Sceptross has 240 seconds left.\n|inactive|Sceptross has 210 seconds left.\n|\n|t:|1738507691\n|move|p1a: Tauros|Hyper Beam|p2a: Tauros\n|-damage|p2a: Tauros|0 fnt\n|faint|p2a: Tauros\n|\n|win|Sceptross\n|c|☆Sceptross|gg\n|c|☆chuva de perereca|gg\n","uploadtime":1738507691,"views":"2235","formatid":"gen1ou","rating":null,"private":0,"password":null}