{"id":"smogtours-gen1ou-944953","format":"[Gen 1] OU","players":["gamebooadvanced","longestbanana"],"log":"|inactive|Battle timer is ON: inactive players will automatically lose when time's up.\n|t:|1780956015\n|gametype|singles\n|player|p1|gamebooadvanced|wattson|\n|player|p2|longestbanana|lucas|\n|gen|1\n|tier|[Gen 1] OU\n|rule|Desync Clause Mod: Desyncs changed to move failure.\n|rule|HP Percentage Mod: HP is shown in percentages\n|rule|Endless Battle Clause: Forcing endless battles is banned\n|rule|Sleep Clause Mod: Limit one foe put to sleep\n|rule|Freeze Clause Mod: Limit one foe frozen\n|rule|Species Clause: Limit one of each Pokémon\n|rule|OHKO Clause: OHKO moves are banned\n|rule|Evasion Moves Clause: Evasion moves are banned\n|\n|t:|1780956015\n|teamsize|p1|6\n|teamsize|p2|6\n|start\n|switch|p1a: Starmie|Starmie|100/100\n|switch|p2a: Gengar|Gengar|100/100\n|turn|1\n|c|☆longestbanana|hf\n|c|☆gamebooadvanced|glhf\n|\n|t:|1780956048\n|switch|p1a: Exeggutor|Exeggutor|100/100\n|switch|p2a: Exeggutor|Exeggutor|100/100\n|\n|upkeep\n|turn|2\n|\n|t:|1780956056\n|move|p1a: Exeggutor|Sleep Powder|p2a: Exeggutor\n|-status|p2a: Exeggutor|slp|[from] move: Sleep Powder\n|cant|p2a: Exeggutor|slp\n|\n|upkeep\n|turn|3\n|\n|t:|1780956061\n|cant|p2a: Exeggutor|slp\n|move|p1a: Exeggutor|Psychic|p2a: Exeggutor\n|-resisted|p2a: Exeggutor\n|-damage|p2a: Exeggutor|88/100 slp\n|\n|upkeep\n|turn|4\n|\n|t:|1780956066\n|switch|p1a: Starmie|Starmie|100/100\n|cant|p2a: Exeggutor|slp\n|\n|upkeep\n|turn|5\n|\n|t:|1780956071\n|move|p1a: Starmie|Thunder Wave|p2a: Exeggutor\n|-fail|p2a: Exeggutor\n|cant|p2a: Exeggutor|slp\n|\n|upkeep\n|turn|6\n|\n|t:|1780956074\n|move|p1a: Starmie|Blizzard|p2a: Exeggutor\n|-supereffective|p2a: Exeggutor\n|-damage|p2a: Exeggutor|48/100 slp\n|cant|p2a: Exeggutor|slp\n|\n|upkeep\n|turn|7\n|\n|t:|1780956078\n|switch|p2a: Chansey|Chansey|100/100\n|move|p1a: Starmie|Blizzard|p2a: Chansey\n|-crit|p2a: Chansey\n|-damage|p2a: Chansey|74/100\n|\n|upkeep\n|turn|8\n|\n|t:|1780956088\n|switch|p1a: Exeggutor|Exeggutor|100/100\n|move|p2a: Chansey|Sing|p1a: Exeggutor|[miss]\n|-miss|p2a: Chansey\n|\n|upkeep\n|turn|9\n|\n|t:|1780956094\n|move|p1a: Exeggutor|Double-Edge|p2a: Chansey\n|-damage|p2a: Chansey|45/100\n|-damage|p1a: Exeggutor|88/100|[from] Recoil|[of] p2a: Chansey\n|move|p2a: Chansey|Sing|p1a: Exeggutor|[miss]\n|-miss|p2a: Chansey\n|\n|upkeep\n|turn|10\n|\n|t:|1780956101\n|move|p1a: Exeggutor|Double-Edge|p2a: Chansey\n|-damage|p2a: Chansey|15/100\n|-damage|p1a: Exeggutor|74/100|[from] Recoil|[of] p2a: Chansey\n|move|p2a: Chansey|Soft-Boiled|p2a: Chansey\n|-heal|p2a: Chansey|65/100\n|\n|upkeep\n|turn|11\n|\n|t:|1780956110\n|switch|p2a: Exeggutor|Exeggutor|48/100 slp\n|move|p1a: Exeggutor|Double-Edge|p2a: Exeggutor\n|-damage|p2a: Exeggutor|28/100 slp\n|-damage|p1a: Exeggutor|69/100|[from] Recoil|[of] p2a: Exeggutor\n|\n|upkeep\n|turn|12\n|\n|t:|1780956116\n|-curestatus|p2a: Exeggutor|slp|[msg]\n|move|p1a: Exeggutor|Double-Edge|p2a: Exeggutor\n|-damage|p2a: Exeggutor|5/100\n|-damage|p1a: Exeggutor|63/100|[from] Recoil|[of] p2a: Exeggutor\n|\n|upkeep\n|turn|13\n|\n|t:|1780956121\n|move|p2a: Exeggutor|Explosion|p1a: Exeggutor\n|-damage|p1a: Exeggutor|0 fnt\n|faint|p1a: Exeggutor\n|faint|p2a: Exeggutor\n|\n|t:|1780956133\n|switch|p1a: Starmie|Starmie|100/100\n|switch|p2a: Gengar|Gengar|100/100\n|turn|14\n|\n|t:|1780956136\n|switch|p2a: Chansey|Chansey|65/100\n|move|p1a: Starmie|Psychic|p2a: Chansey\n|-damage|p2a: Chansey|51/100\n|-unboost|p2a: Chansey|spa|1\n|-unboost|p2a: Chansey|spd|1\n|\n|upkeep\n|turn|15\n|\n|t:|1780956149\n|move|p1a: Starmie|Psychic|p2a: Chansey\n|-damage|p2a: Chansey|28/100\n|move|p2a: Chansey|Soft-Boiled|p2a: Chansey\n|-heal|p2a: Chansey|77/100\n|\n|upkeep\n|turn|16\n|\n|t:|1780956155\n|move|p1a: Starmie|Blizzard|p2a: Chansey\n|-crit|p2a: Chansey\n|-damage|p2a: Chansey|54/100\n|move|p2a: Chansey|Sing|p1a: Starmie\n|-status|p1a: Starmie|slp|[from] move: Sing\n|\n|upkeep\n|turn|17\n|\n|t:|1780956164\n|switch|p1a: Chansey|Chansey|100/100\n|move|p2a: Chansey|Soft-Boiled|p2a: Chansey\n|-heal|p2a: Chansey|100/100\n|\n|upkeep\n|turn|18\n|\n|t:|1780956167\n|move|p1a: Chansey|Sing|p2a: Chansey\n|-status|p2a: Chansey|slp|[from] move: Sing\n|cant|p2a: Chansey|slp\n|\n|upkeep\n|turn|19\n|\n|t:|1780956180\n|switch|p1a: Tauros|Tauros|100/100\n|cant|p2a: Chansey|slp\n|\n|upkeep\n|turn|20\n|\n|t:|1780956183\n|switch|p2a: Gengar|Gengar|100/100\n|move|p1a: Tauros|Earthquake|p2a: Gengar\n|-crit|p2a: Gengar\n|-supereffective|p2a: Gengar\n|-damage|p2a: Gengar|0 fnt\n|faint|p2a: Gengar\n|\n|t:|1780956191\n|switch|p2a: Snorlax|Snorlax|100/100\n|turn|21\n|\n|t:|1780956195\n|switch|p1a: Snorlax|Snorlax|100/100\n|move|p2a: Snorlax|Body Slam|p1a: Snorlax\n|-damage|p1a: Snorlax|74/100\n|\n|upkeep\n|turn|22\n|\n|t:|1780956197\n|move|p2a: Snorlax|Self-Destruct|p1a: Snorlax\n|-damage|p1a: Snorlax|0 fnt\n|faint|p1a: Snorlax\n|faint|p2a: Snorlax\n|\n|t:|1780956205\n|switch|p1a: Chansey|Chansey|100/100\n|switch|p2a: Cloyster|Cloyster|100/100\n|turn|23\n|\n|t:|1780956210\n|move|p2a: Cloyster|Clamp|p1a: Chansey\n|-damage|p1a: Chansey|95/100\n|cant|p1a: Chansey|partiallytrapped\n|\n|upkeep\n|turn|24\n|\n|t:|1780956215\n|switch|p1a: Zapdos|Zapdos|100/100\n|move|p2a: Cloyster|Clamp|p1a: Zapdos\n|-damage|p1a: Zapdos|92/100\n|\n|upkeep\n|turn|25\n|\n|t:|1780956220\n|move|p2a: Cloyster|Clamp|p1a: Zapdos|[from] Clamp\n|-damage|p1a: Zapdos|83/100\n|\n|upkeep\n|turn|26\n|\n|t:|1780956233\n|move|p2a: Cloyster|Clamp|p1a: Zapdos|[from] Clamp\n|-damage|p1a: Zapdos|74/100\n|\n|upkeep\n|turn|27\n|\n|t:|1780956236\n|move|p2a: Cloyster|Clamp|p1a: Zapdos|[from] Clamp\n|-damage|p1a: Zapdos|65/100\n|\n|upkeep\n|turn|28\n|\n|t:|1780956239\n|move|p1a: Zapdos|Thunderbolt|p2a: Cloyster\n|-supereffective|p2a: Cloyster\n|-damage|p2a: Cloyster|0 fnt\n|faint|p2a: Cloyster\n|\n|t:|1780956245\n|switch|p2a: Tauros|Tauros|100/100\n|turn|29\n|\n|t:|1780956249\n|move|p2a: Tauros|Hyper Beam|p1a: Zapdos\n|-damage|p1a: Zapdos|13/100\n|-mustrecharge|p2a: Tauros\n|move|p1a: Zapdos|Thunder Wave|p2a: Tauros\n|-status|p2a: Tauros|par\n|\n|upkeep\n|turn|30\n|\n|t:|1780956252\n|move|p1a: Zapdos|Thunderbolt|p2a: Tauros\n|-damage|p2a: Tauros|53/100 par\n|cant|p2a: Tauros|recharge\n|\n|upkeep\n|turn|31\n|\n|t:|1780956255\n|move|p1a: Zapdos|Thunderbolt|p2a: Tauros\n|-crit|p2a: Tauros\n|-damage|p2a: Tauros|0 fnt\n|faint|p2a: Tauros\n|-message|longestbanana forfeited.\n|\n|win|gamebooadvanced\n|c|☆longestbanana|gg\n|player|p2|\n|c|☆gamebooadvanced|gg\n","uploadtime":1780956258,"views":"90","formatid":"gen1ou","rating":null,"private":0,"password":null}