{"id":"smogtours-gen1ou-968641","format":"[Gen 1] OU","players":["Amaranth","wooooo rby"],"log":"|inactive|Battle timer is ON: inactive players will automatically lose when time's up.\n|t:|1788618279\n|gametype|singles\n|player|p1|Amaranth|#amaranth|\n|player|p2|wooooo rby|lucas|\n|gen|1\n|tier|[Gen 1] OU\n|rule|Desync Clause Mod: Desyncs resolve to link battle behavior from the acting player's perspective.\n|rule|HP Percentage Mod: HP is shown in percentages\n|rule|Endless Battle Clause: Forcing endless battles is banned\n|rule|Sleep Clause Mod: Limit one foe put to sleep\n|rule|Freeze Clause Mod: Limit one foe frozen\n|rule|Species Clause: Limit one of each Pokémon\n|rule|OHKO Clause: OHKO moves are banned\n|rule|Evasion Moves Clause: Evasion moves are banned\n|\n|t:|1788618279\n|teamsize|p1|6\n|teamsize|p2|6\n|start\n|switch|p1a: Alakazam|Alakazam|100/100\n|switch|p2a: Alakazam|Alakazam|100/100\n|turn|1\n|c|☆wooooo rby|hf\n|c|☆Amaranth|glhf\n|\n|t:|1788618285\n|switch|p1a: Chansey|Chansey|100/100\n|move|p2a: Alakazam|Thunder Wave|p1a: Chansey\n|-status|p1a: Chansey|par\n|\n|upkeep\n|turn|2\n|\n|t:|1788618299\n|move|p2a: Alakazam|Psychic|p1a: Chansey\n|-damage|p1a: Chansey|82/100 par\n|move|p1a: Chansey|Sing|p2a: Alakazam|[miss]\n|-miss|p1a: Chansey\n|\n|upkeep\n|turn|3\n|\n|t:|1788618303\n|move|p2a: Alakazam|Psychic|p1a: Chansey\n|-damage|p1a: Chansey|64/100 par\n|-unboost|p1a: Chansey|spa|1\n|-unboost|p1a: Chansey|spd|1\n|move|p1a: Chansey|Sing|p2a: Alakazam|[miss]\n|-miss|p1a: Chansey\n|\n|upkeep\n|turn|4\n|\n|t:|1788618306\n|move|p2a: Alakazam|Psychic|p1a: Chansey\n|-crit|p1a: Chansey\n|-damage|p1a: Chansey|28/100 par\n|cant|p1a: Chansey|par\n|\n|upkeep\n|turn|5\n|\n|t:|1788618308\n|move|p2a: Alakazam|Psychic|p1a: Chansey\n|-damage|p1a: Chansey|0 fnt\n|faint|p1a: Chansey\n|\n|t:|1788618310\n|switch|p1a: Exeggutor|Exeggutor|100/100\n|turn|6\n|\n|t:|1788618321\n|move|p2a: Alakazam|Thunder Wave|p1a: Exeggutor\n|-status|p1a: Exeggutor|par\n|move|p1a: Exeggutor|Stun Spore|p2a: Alakazam\n|-status|p2a: Alakazam|par\n|\n|upkeep\n|turn|7\n|\n|t:|1788618327\n|switch|p1a: Snorlax|Snorlax|100/100\n|move|p2a: Alakazam|Seismic Toss|p1a: Snorlax\n|-damage|p1a: Snorlax|81/100\n|\n|upkeep\n|turn|8\n|\n|t:|1788618333\n|switch|p2a: Chansey|Chansey|100/100\n|move|p1a: Snorlax|Body Slam|p2a: Chansey\n|-damage|p2a: Chansey|58/100\n|\n|upkeep\n|turn|9\n|\n|t:|1788618337\n|move|p2a: Chansey|Soft-Boiled|p2a: Chansey\n|-heal|p2a: Chansey|100/100\n|move|p1a: Snorlax|Body Slam|p2a: Chansey\n|-damage|p2a: Chansey|62/100\n|\n|upkeep\n|turn|10\n|\n|t:|1788618340\n|move|p2a: Chansey|Soft-Boiled|p2a: Chansey\n|-heal|p2a: Chansey|100/100\n|move|p1a: Snorlax|Body Slam|p2a: Chansey\n|-damage|p2a: Chansey|58/100\n|\n|upkeep\n|turn|11\n|\n|t:|1788618343\n|move|p2a: Chansey|Soft-Boiled|p2a: Chansey\n|-heal|p2a: Chansey|100/100\n|move|p1a: Snorlax|Body Slam|p2a: Chansey\n|-damage|p2a: Chansey|57/100\n|\n|upkeep\n|turn|12\n|\n|t:|1788618346\n|switch|p2a: Gengar|Gengar|100/100\n|move|p1a: Snorlax|Body Slam|p2a: Gengar\n|-immune|p2a: Gengar\n|\n|upkeep\n|turn|13\n|\n|t:|1788618351\n|move|p2a: Gengar|Hypnosis|p1a: Snorlax\n|-status|p1a: Snorlax|slp|[from] move: Hypnosis\n|cant|p1a: Snorlax|slp\n|\n|upkeep\n|turn|14\n|\n|t:|1788618358\n|switch|p2a: Tauros|Tauros|100/100\n|switch|p1a: Alakazam|Alakazam|100/100\n|\n|upkeep\n|turn|15\n|\n|t:|1788618362\n|switch|p2a: Alakazam|Alakazam|100/100 par\n|move|p1a: Alakazam|Psychic|p2a: Alakazam\n|-crit|p2a: Alakazam\n|-resisted|p2a: Alakazam\n|-damage|p2a: Alakazam|68/100 par\n|\n|upkeep\n|turn|16\n|\n|t:|1788618368\n|switch|p1a: Exeggutor|Exeggutor|100/100 par\n|move|p2a: Alakazam|Recover|p2a: Alakazam\n|-heal|p2a: Alakazam|100/100 par\n|\n|upkeep\n|turn|17\n|\n|t:|1788618377\n|cant|p2a: Alakazam|par\n|move|p1a: Exeggutor|Psychic|p2a: Alakazam\n|-crit|p2a: Alakazam\n|-resisted|p2a: Alakazam\n|-damage|p2a: Alakazam|69/100 par\n|\n|upkeep\n|turn|18\n|\n|t:|1788618381\n|move|p2a: Alakazam|Recover|p2a: Alakazam\n|-heal|p2a: Alakazam|100/100 par\n|cant|p1a: Exeggutor|par\n|\n|upkeep\n|turn|19\n|\n|t:|1788618384\n|move|p2a: Alakazam|Seismic Toss|p1a: Exeggutor\n|-damage|p1a: Exeggutor|75/100 par\n|cant|p1a: Exeggutor|par\n|\n|upkeep\n|turn|20\n|\n|t:|1788618388\n|switch|p2a: Chansey|Chansey|57/100\n|cant|p1a: Exeggutor|par\n|\n|upkeep\n|turn|21\n|\n|t:|1788618393\n|move|p2a: Chansey|Ice Beam|p1a: Exeggutor\n|-supereffective|p1a: Exeggutor\n|-damage|p1a: Exeggutor|42/100 par\n|move|p1a: Exeggutor|Stun Spore|p2a: Chansey|[miss]\n|-miss|p1a: Exeggutor\n|\n|upkeep\n|turn|22\n|\n|t:|1788618399\n|switch|p1a: Snorlax|Snorlax|81/100 slp\n|move|p2a: Chansey|Ice Beam|p1a: Snorlax\n|-damage|p1a: Snorlax|64/100 slp\n|\n|upkeep\n|turn|23\n|\n|t:|1788618407\n|move|p2a: Chansey|Ice Beam|p1a: Snorlax\n|-damage|p1a: Snorlax|43/100 slp\n|cant|p1a: Snorlax|slp\n|\n|upkeep\n|turn|24\n|\n|t:|1788618411\n|move|p2a: Chansey|Ice Beam|p1a: Snorlax\n|-damage|p1a: Snorlax|23/100 slp\n|cant|p1a: Snorlax|slp\n|\n|upkeep\n|turn|25\n|\n|t:|1788618416\n|switch|p1a: Alakazam|Alakazam|100/100\n|move|p2a: Chansey|Soft-Boiled|p2a: Chansey\n|-heal|p2a: Chansey|100/100\n|\n|upkeep\n|turn|26\n|\n|t:|1788618421\n|move|p1a: Alakazam|Thunder Wave|p2a: Chansey\n|-status|p2a: Chansey|par\n|cant|p2a: Chansey|par\n|\n|upkeep\n|turn|27\n|\n|t:|1788618425\n|switch|p1a: Exeggutor|Exeggutor|42/100 par\n|move|p2a: Chansey|Ice Beam|p1a: Exeggutor\n|-supereffective|p1a: Exeggutor\n|-damage|p1a: Exeggutor|9/100 par\n|\n|upkeep\n|turn|28\n|\n|t:|1788618430\n|cant|p1a: Exeggutor|par\n|cant|p2a: Chansey|par\n|\n|upkeep\n|turn|29\n|\n|t:|1788618433\n|move|p1a: Exeggutor|Psychic|p2a: Chansey\n|-damage|p2a: Chansey|84/100 par\n|cant|p2a: Chansey|par\n|\n|upkeep\n|turn|30\n|\n|t:|1788618436\n|move|p1a: Exeggutor|Psychic|p2a: Chansey\n|-damage|p2a: Chansey|68/100 par\n|cant|p2a: Chansey|par\n|\n|upkeep\n|turn|31\n|\n|t:|1788618438\n|move|p1a: Exeggutor|Explosion|p2a: Chansey\n|-damage|p2a: Chansey|0 fnt\n|faint|p2a: Chansey\n|faint|p1a: Exeggutor\n|\n|t:|1788618449\n|switch|p1a: Tauros|Tauros|100/100\n|switch|p2a: Exeggutor|Exeggutor|100/100\n|turn|32\n|\n|t:|1788618457\n|move|p1a: Tauros|Blizzard|p2a: Exeggutor\n|-supereffective|p2a: Exeggutor\n|-damage|p2a: Exeggutor|69/100\n|move|p2a: Exeggutor|Psychic|p1a: Tauros\n|-damage|p1a: Tauros|59/100\n|-unboost|p1a: Tauros|spa|1\n|-unboost|p1a: Tauros|spd|1\n|\n|upkeep\n|turn|33\n|\n|t:|1788618464\n|move|p1a: Tauros|Hyper Beam|p2a: Exeggutor\n|-crit|p2a: Exeggutor\n|-damage|p2a: Exeggutor|0 fnt\n|faint|p2a: Exeggutor\n|\n|t:|1788618468\n|switch|p2a: Snorlax|Snorlax|100/100\n|turn|34\n|\n|t:|1788618474\n|move|p1a: Tauros|Body Slam|p2a: Snorlax\n|-damage|p2a: Snorlax|75/100\n|move|p2a: Snorlax|Earthquake|p1a: Tauros\n|-damage|p1a: Tauros|35/100\n|\n|upkeep\n|turn|35\n|\n|t:|1788618480\n|move|p1a: Tauros|Body Slam|p2a: Snorlax\n|-damage|p2a: Snorlax|50/100\n|move|p2a: Snorlax|Body Slam|p1a: Tauros\n|-damage|p1a: Tauros|5/100\n|\n|upkeep\n|turn|36\n|\n|t:|1788618487\n|move|p1a: Tauros|Earthquake|p2a: Snorlax\n|-damage|p2a: Snorlax|29/100\n|move|p2a: Snorlax|Body Slam|p1a: Tauros\n|-damage|p1a: Tauros|0 fnt\n|faint|p1a: Tauros\n|\n|t:|1788618491\n|switch|p1a: Alakazam|Alakazam|100/100\n|turn|37\n|\n|t:|1788618495\n|switch|p2a: Alakazam|Alakazam|100/100 par\n|move|p1a: Alakazam|Psychic|p2a: Alakazam\n|-crit|p2a: Alakazam\n|-resisted|p2a: Alakazam\n|-damage|p2a: Alakazam|70/100 par\n|-unboost|p2a: Alakazam|spa|1\n|-unboost|p2a: Alakazam|spd|1\n|\n|upkeep\n|turn|38\n|\n|t:|1788618498\n|move|p1a: Alakazam|Seismic Toss|p2a: Alakazam\n|-damage|p2a: Alakazam|39/100 par\n|move|p2a: Alakazam|Thunder Wave|p1a: Alakazam\n|-status|p1a: Alakazam|par\n|\n|upkeep\n|turn|39\n|\n|t:|1788618501\n|move|p1a: Alakazam|Psychic|p2a: Alakazam\n|-resisted|p2a: Alakazam\n|-damage|p2a: Alakazam|14/100 par\n|cant|p2a: Alakazam|par\n|\n|upkeep\n|turn|40\n|\n|t:|1788618506\n|move|p1a: Alakazam|Psychic|p2a: Alakazam\n|-resisted|p2a: Alakazam\n|-damage|p2a: Alakazam|0 fnt\n|faint|p2a: Alakazam\n|\n|t:|1788618508\n|switch|p2a: Snorlax|Snorlax|29/100\n|turn|41\n|\n|t:|1788618515\n|move|p2a: Snorlax|Rest|p2a: Snorlax\n|-status|p2a: Snorlax|slp|[from] move: Rest\n|-heal|p2a: Snorlax|100/100 slp|[silent]\n|move|p1a: Alakazam|Psychic|p2a: Snorlax\n|-damage|p2a: Snorlax|68/100 slp\n|\n|upkeep\n|turn|42\n|\n|t:|1788618517\n|cant|p2a: Snorlax|slp\n|move|p1a: Alakazam|Psychic|p2a: Snorlax\n|-damage|p2a: Snorlax|32/100 slp\n|\n|upkeep\n|turn|43\n|\n|t:|1788618521\n|-curestatus|p2a: Snorlax|slp|[msg]\n|move|p1a: Alakazam|Psychic|p2a: Snorlax\n|-crit|p2a: Snorlax\n|-damage|p2a: Snorlax|0 fnt\n|faint|p2a: Snorlax\n|\n|t:|1788618523\n|switch|p2a: Tauros|Tauros|100/100\n|turn|44\n|\n|t:|1788618526\n|switch|p1a: Snorlax|Snorlax|23/100 slp\n|move|p2a: Tauros|Body Slam|p1a: Snorlax\n|-crit|p1a: Snorlax\n|-damage|p1a: Snorlax|0 fnt\n|faint|p1a: Snorlax\n|\n|t:|1788618527\n|switch|p1a: Starmie|Starmie|100/100\n|turn|45\n|\n|t:|1788618532\n|move|p1a: Starmie|Thunder Wave|p2a: Tauros\n|-status|p2a: Tauros|par\n|move|p2a: Tauros|Body Slam|p1a: Starmie\n|-damage|p1a: Starmie|67/100\n|-status|p1a: Starmie|par\n|\n|upkeep\n|turn|46\n|\n|t:|1788618538\n|switch|p2a: Gengar|Gengar|100/100\n|move|p1a: Starmie|Psychic|p2a: Gengar\n|-supereffective|p2a: Gengar\n|-damage|p2a: Gengar|47/100\n|\n|upkeep\n|turn|47\n|\n|t:|1788618556\n|switch|p1a: Alakazam|Alakazam|100/100 par\n|move|p2a: Gengar|Thunderbolt|p1a: Alakazam\n|-crit|p1a: Alakazam\n|-damage|p1a: Alakazam|56/100 par\n|\n|upkeep\n|turn|48\n|\n|t:|1788618563\n|move|p2a: Gengar|Explosion|p1a: Alakazam\n|-damage|p1a: Alakazam|0 fnt\n|faint|p1a: Alakazam\n|faint|p2a: Gengar\n|\n|t:|1788618567\n|switch|p2a: Tauros|Tauros|100/100 par\n|switch|p1a: Starmie|Starmie|67/100 par\n|turn|49\n|\n|t:|1788618571\n|move|p1a: Starmie|Psychic|p2a: Tauros\n|-crit|p2a: Tauros\n|-damage|p2a: Tauros|26/100 par\n|move|p2a: Tauros|Thunderbolt|p1a: Starmie\n|-supereffective|p1a: Starmie\n|-damage|p1a: Starmie|31/100 par\n|\n|upkeep\n|turn|50\n|\n|t:|1788618577\n|move|p1a: Starmie|Psychic|p2a: Tauros\n|-crit|p2a: Tauros\n|-damage|p2a: Tauros|0 fnt\n|faint|p2a: Tauros\n|\n|win|Amaranth\n|c|☆Amaranth|gg\n|c|☆wooooo rby|gg\n","uploadtime":1788618577,"views":"123","formatid":"gen1ou","rating":null,"private":0,"password":null}