{"id":"smogtours-gen1ou-953684","format":"[Gen 1] OU","players":["Abucketofchubs","TheStupe"],"log":"|inactive|Battle timer is ON: inactive players will automatically lose when time's up.\n|t:|1783282674\n|gametype|singles\n|player|p1|Abucketofchubs|youngster-gen4dp|\n|player|p2|TheStupe|psychicf-gen4|\n|gen|1\n|tier|[Gen 1] OU\n|rule|Desync Clause Mod: Desyncs changed to move failure.\n|rule|HP Percentage Mod: HP is shown in percentages\n|rule|Endless Battle Clause: Forcing endless battles is banned\n|rule|Sleep Clause Mod: Limit one foe put to sleep\n|rule|Freeze Clause Mod: Limit one foe frozen\n|rule|Species Clause: Limit one of each Pokémon\n|rule|OHKO Clause: OHKO moves are banned\n|rule|Evasion Moves Clause: Evasion moves are banned\n|\n|t:|1783282674\n|teamsize|p1|6\n|teamsize|p2|6\n|start\n|switch|p1a: Alakazam|Alakazam|100/100\n|switch|p2a: Starmie|Starmie|100/100\n|turn|1\n|c|☆TheStupe|hf\n|\n|t:|1783282683\n|switch|p2a: Exeggutor|Exeggutor|100/100\n|move|p1a: Alakazam|Psychic|p2a: Exeggutor\n|-resisted|p2a: Exeggutor\n|-damage|p2a: Exeggutor|87/100\n|-unboost|p2a: Exeggutor|spa|1\n|-unboost|p2a: Exeggutor|spd|1\n|\n|upkeep\n|turn|2\n|\n|t:|1783282687\n|move|p1a: Alakazam|Thunder Wave|p2a: Exeggutor\n|-status|p2a: Exeggutor|par\n|move|p2a: Exeggutor|Sleep Powder|p1a: Alakazam\n|-status|p1a: Alakazam|slp|[from] move: Sleep Powder\n|\n|upkeep\n|turn|3\n|\n|t:|1783282690\n|switch|p1a: Chansey|Chansey|100/100\n|switch|p2a: Tauros|Tauros|100/100\n|\n|upkeep\n|turn|4\n|\n|t:|1783282698\n|switch|p2a: Exeggutor|Exeggutor|87/100 par\n|move|p1a: Chansey|Sing|p2a: Exeggutor\n|-fail|p2a: Exeggutor\n|\n|upkeep\n|turn|5\n|\n|t:|1783282702\n|move|p1a: Chansey|Ice Beam|p2a: Exeggutor\n|-supereffective|p2a: Exeggutor\n|-damage|p2a: Exeggutor|53/100 par\n|move|p2a: Exeggutor|Stun Spore|p1a: Chansey\n|-status|p1a: Chansey|par\n|\n|upkeep\n|turn|6\n|\n|t:|1783282706\n|cant|p2a: Exeggutor|par\n|move|p1a: Chansey|Ice Beam|p2a: Exeggutor\n|-supereffective|p2a: Exeggutor\n|-damage|p2a: Exeggutor|21/100 par\n|\n|upkeep\n|turn|7\n|\n|t:|1783282715\n|switch|p2a: Snorlax|Snorlax|100/100\n|switch|p1a: Alakazam|Alakazam|100/100 slp\n|\n|upkeep\n|turn|8\n|\n|t:|1783282719\n|switch|p1a: Snorlax|Snorlax|100/100\n|move|p2a: Snorlax|Body Slam|p1a: Snorlax\n|-damage|p1a: Snorlax|75/100\n|\n|upkeep\n|turn|9\n|\n|t:|1783282721\n|move|p1a: Snorlax|Reflect|p1a: Snorlax\n|-start|p1a: Snorlax|Reflect\n|move|p2a: Snorlax|Reflect|p2a: Snorlax\n|-start|p2a: Snorlax|Reflect\n|\n|upkeep\n|turn|10\n|\n|t:|1783282724\n|move|p1a: Snorlax|Body Slam|p2a: Snorlax\n|-damage|p2a: Snorlax|87/100\n|move|p2a: Snorlax|Ice Beam|p1a: Snorlax\n|-damage|p1a: Snorlax|61/100\n|\n|upkeep\n|turn|11\n|\n|t:|1783282730\n|move|p1a: Snorlax|Rest|p1a: Snorlax\n|-status|p1a: Snorlax|slp|[from] move: Rest\n|-heal|p1a: Snorlax|100/100 slp|[silent]\n|move|p2a: Snorlax|Body Slam|p1a: Snorlax\n|-damage|p1a: Snorlax|87/100 slp\n|\n|upkeep\n|turn|12\n|\n|t:|1783282737\n|move|p2a: Snorlax|Body Slam|p1a: Snorlax\n|-damage|p1a: Snorlax|73/100 slp\n|cant|p1a: Snorlax|slp\n|\n|upkeep\n|turn|13\n|\n|t:|1783282739\n|-curestatus|p1a: Snorlax|slp|[msg]\n|move|p2a: Snorlax|Ice Beam|p1a: Snorlax\n|-damage|p1a: Snorlax|60/100\n|\n|upkeep\n|turn|14\n|\n|t:|1783282743\n|move|p2a: Snorlax|Ice Beam|p1a: Snorlax\n|-damage|p1a: Snorlax|46/100\n|move|p1a: Snorlax|Body Slam|p2a: Snorlax\n|-damage|p2a: Snorlax|74/100\n|\n|upkeep\n|turn|15\n|\n|t:|1783282746\n|move|p2a: Snorlax|Body Slam|p1a: Snorlax\n|-damage|p1a: Snorlax|33/100\n|move|p1a: Snorlax|Rest|p1a: Snorlax\n|-status|p1a: Snorlax|slp|[from] move: Rest\n|-heal|p1a: Snorlax|100/100 slp|[silent]\n|\n|upkeep\n|turn|16\n|\n|t:|1783282751\n|cant|p1a: Snorlax|slp\n|move|p2a: Snorlax|Body Slam|p1a: Snorlax\n|-damage|p1a: Snorlax|87/100 slp\n|\n|upkeep\n|turn|17\n|\n|t:|1783282755\n|-curestatus|p1a: Snorlax|slp|[msg]\n|move|p2a: Snorlax|Body Slam|p1a: Snorlax\n|-crit|p1a: Snorlax\n|-damage|p1a: Snorlax|33/100\n|\n|upkeep\n|turn|18\n|\n|t:|1783282777\n|move|p1a: Snorlax|Body Slam|p2a: Snorlax\n|-damage|p2a: Snorlax|60/100\n|move|p2a: Snorlax|Ice Beam|p1a: Snorlax\n|-damage|p1a: Snorlax|18/100\n|\n|upkeep\n|turn|19\n|\n|t:|1783282781\n|move|p2a: Snorlax|Ice Beam|p1a: Snorlax\n|-damage|p1a: Snorlax|4/100\n|move|p1a: Snorlax|Rest|p1a: Snorlax\n|-status|p1a: Snorlax|slp|[from] move: Rest\n|-heal|p1a: Snorlax|100/100 slp|[silent]\n|\n|upkeep\n|turn|20\n|\n|t:|1783282788\n|move|p2a: Snorlax|Rest|p2a: Snorlax\n|-status|p2a: Snorlax|slp|[from] move: Rest\n|-heal|p2a: Snorlax|100/100 slp|[silent]\n|cant|p1a: Snorlax|slp\n|\n|upkeep\n|turn|21\n|\n|t:|1783282793\n|-curestatus|p1a: Snorlax|slp|[msg]\n|cant|p2a: Snorlax|slp\n|\n|upkeep\n|turn|22\n|\n|t:|1783282797\n|switch|p1a: Exeggutor|Exeggutor|100/100\n|-curestatus|p2a: Snorlax|slp|[msg]\n|\n|upkeep\n|turn|23\n|\n|t:|1783282803\n|switch|p2a: Exeggutor|Exeggutor|21/100 par\n|move|p1a: Exeggutor|Sleep Powder|p2a: Exeggutor|[miss]\n|-miss|p1a: Exeggutor\n|\n|upkeep\n|turn|24\n|\n|t:|1783282807\n|move|p1a: Exeggutor|Psychic|p2a: Exeggutor\n|-resisted|p2a: Exeggutor\n|-damage|p2a: Exeggutor|7/100 par\n|move|p2a: Exeggutor|Explosion|p1a: Exeggutor\n|-damage|p1a: Exeggutor|23/100\n|faint|p2a: Exeggutor\n|\n|t:|1783282811\n|switch|p2a: Tauros|Tauros|100/100\n|turn|25\n|\n|t:|1783282821\n|switch|p1a: Snorlax|Snorlax|100/100\n|move|p2a: Tauros|Body Slam|p1a: Snorlax\n|-damage|p1a: Snorlax|75/100\n|\n|upkeep\n|turn|26\n|\n|t:|1783282850\n|move|p2a: Tauros|Body Slam|p1a: Snorlax\n|-damage|p1a: Snorlax|50/100\n|move|p1a: Snorlax|Reflect|p1a: Snorlax\n|-start|p1a: Snorlax|Reflect\n|\n|upkeep\n|turn|27\n|inactive|TheStupe has 270 seconds left.\n|\n|t:|1783282871\n|switch|p2a: Snorlax|Snorlax|100/100\n|move|p1a: Snorlax|Body Slam|p2a: Snorlax\n|-damage|p2a: Snorlax|73/100\n|\n|upkeep\n|turn|28\n|\n|t:|1783282878\n|move|p2a: Snorlax|Reflect|p2a: Snorlax\n|-start|p2a: Snorlax|Reflect\n|move|p1a: Snorlax|Body Slam|p2a: Snorlax\n|-damage|p2a: Snorlax|60/100\n|\n|upkeep\n|turn|29\n|\n|t:|1783282880\n|move|p2a: Snorlax|Ice Beam|p1a: Snorlax\n|-damage|p1a: Snorlax|36/100\n|move|p1a: Snorlax|Rest|p1a: Snorlax\n|-status|p1a: Snorlax|slp|[from] move: Rest\n|-heal|p1a: Snorlax|100/100 slp|[silent]\n|\n|upkeep\n|turn|30\n|\n|t:|1783282888\n|move|p2a: Snorlax|Body Slam|p1a: Snorlax\n|-damage|p1a: Snorlax|87/100 slp\n|cant|p1a: Snorlax|slp\n|\n|upkeep\n|turn|31\n|\n|t:|1783282890\n|move|p2a: Snorlax|Body Slam|p1a: Snorlax\n|-damage|p1a: Snorlax|74/100 slp\n|-curestatus|p1a: Snorlax|slp|[msg]\n|\n|upkeep\n|turn|32\n|\n|t:|1783282900\n|move|p2a: Snorlax|Ice Beam|p1a: Snorlax\n|-damage|p1a: Snorlax|60/100\n|move|p1a: Snorlax|Body Slam|p2a: Snorlax\n|-damage|p2a: Snorlax|46/100\n|\n|upkeep\n|turn|33\n|\n|t:|1783282905\n|move|p2a: Snorlax|Ice Beam|p1a: Snorlax\n|-damage|p1a: Snorlax|46/100\n|move|p1a: Snorlax|Body Slam|p2a: Snorlax\n|-damage|p2a: Snorlax|33/100\n|\n|upkeep\n|turn|34\n|\n|t:|1783282909\n|move|p1a: Snorlax|Body Slam|p2a: Snorlax\n|-damage|p2a: Snorlax|19/100\n|move|p2a: Snorlax|Rest|p2a: Snorlax\n|-status|p2a: Snorlax|slp|[from] move: Rest\n|-heal|p2a: Snorlax|100/100 slp|[silent]\n|\n|upkeep\n|turn|35\n|\n|t:|1783282922\n|switch|p1a: Exeggutor|Exeggutor|23/100\n|cant|p2a: Snorlax|slp\n|\n|upkeep\n|turn|36\n|inactive|Abucketofchubs disconnected and has 300 seconds to reconnect!\n|player|p1|\n|inactive|Abucketofchubs has 270 seconds to reconnect!\n|inactive|Abucketofchubs reconnected and has 295 seconds left.\n|player|p1|Abucketofchubs|youngster-gen4dp|\n|\n|t:|1783282986\n|move|p1a: Exeggutor|Sleep Powder|p2a: Snorlax\n|-fail|p2a: Snorlax|slp\n|-curestatus|p2a: Snorlax|slp|[msg]\n|\n|upkeep\n|turn|37\n|inactive|TheStupe has 270 seconds left.\n|\n|t:|1783283024\n|switch|p2a: Starmie|Starmie|100/100\n|move|p1a: Exeggutor|Sleep Powder|p2a: Starmie\n|-status|p2a: Starmie|slp|[from] move: Sleep Powder\n|\n|upkeep\n|turn|38\n|inactive|TheStupe has 270 seconds left.\n|\n|t:|1783283037\n|cant|p2a: Starmie|slp\n|move|p1a: Exeggutor|Mega Drain|p2a: Starmie\n|-supereffective|p2a: Starmie\n|-damage|p2a: Starmie|68/100 slp\n|-heal|p1a: Exeggutor|37/100|[from] drain|[of] p2a: Starmie\n|\n|upkeep\n|turn|39\n|\n|t:|1783283044\n|switch|p2a: Chansey|Chansey|100/100\n|move|p1a: Exeggutor|Explosion|p2a: Chansey\n|-damage|p2a: Chansey|5/100\n|faint|p1a: Exeggutor\n|\n|t:|1783283046\n|switch|p1a: Tauros|Tauros|100/100\n|turn|40\n|\n|t:|1783283057\n|switch|p2a: Snorlax|Snorlax|100/100\n|move|p1a: Tauros|Body Slam|p2a: Snorlax\n|-damage|p2a: Snorlax|76/100\n|\n|upkeep\n|turn|41\n|\n|t:|1783283062\n|move|p1a: Tauros|Body Slam|p2a: Snorlax\n|-crit|p2a: Snorlax\n|-damage|p2a: Snorlax|30/100\n|move|p2a: Snorlax|Reflect|p2a: Snorlax\n|-start|p2a: Snorlax|Reflect\n|\n|upkeep\n|turn|42\n|\n|t:|1783283073\n|switch|p1a: Starmie|Starmie|100/100\n|move|p2a: Snorlax|Rest|p2a: Snorlax\n|-status|p2a: Snorlax|slp|[from] move: Rest\n|-heal|p2a: Snorlax|100/100 slp|[silent]\n|\n|upkeep\n|turn|43\n|\n|t:|1783283078\n|move|p1a: Starmie|Surf|p2a: Snorlax\n|-damage|p2a: Snorlax|74/100 slp\n|cant|p2a: Snorlax|slp\n|\n|upkeep\n|turn|44\n|\n|t:|1783283082\n|move|p1a: Starmie|Surf|p2a: Snorlax\n|-damage|p2a: Snorlax|46/100 slp\n|-curestatus|p2a: Snorlax|slp|[msg]\n|\n|upkeep\n|turn|45\n|\n|t:|1783283088\n|move|p1a: Starmie|Surf|p2a: Snorlax\n|-damage|p2a: Snorlax|16/100\n|move|p2a: Snorlax|Body Slam|p1a: Starmie\n|-damage|p1a: Starmie|64/100\n|-status|p1a: Starmie|par\n|\n|upkeep\n|turn|46\n|inactive|TheStupe has 270 seconds left.\n|\n|t:|1783283129\n|move|p2a: Snorlax|Body Slam|p1a: Starmie\n|-damage|p1a: Starmie|27/100 par\n|move|p1a: Starmie|Surf|p2a: Snorlax\n|-crit|p2a: Snorlax\n|-damage|p2a: Snorlax|0 fnt\n|faint|p2a: Snorlax\n|\n|t:|1783283148\n|switch|p2a: Tauros|Tauros|100/100\n|turn|47\n|\n|t:|1783283156\n|switch|p1a: Alakazam|Alakazam|100/100 slp\n|move|p2a: Tauros|Body Slam|p1a: Alakazam\n|-crit|p1a: Alakazam\n|-damage|p1a: Alakazam|1/100 slp\n|\n|upkeep\n|turn|48\n|\n|t:|1783283161\n|cant|p1a: Alakazam|slp\n|move|p2a: Tauros|Body Slam|p1a: Alakazam\n|-damage|p1a: Alakazam|0 fnt\n|faint|p1a: Alakazam\n|\n|t:|1783283177\n|switch|p1a: Chansey|Chansey|100/100 par\n|turn|49\n|inactive|TheStupe has 270 seconds left.\n|inactive|TheStupe has 240 seconds left.\n|\n|t:|1783283218\n|switch|p2a: Starmie|Starmie|68/100 slp\n|cant|p1a: Chansey|par\n|\n|upkeep\n|turn|50\n|inactive|TheStupe has 240 seconds left.\n|\n|t:|1783283233\n|switch|p2a: Golem|Golem|100/100\n|switch|p1a: Tauros|Tauros|100/100\n|\n|upkeep\n|turn|51\n|inactive|TheStupe has 240 seconds left.\n|inactive|TheStupe has 210 seconds left.\n|\n|t:|1783283280\n|switch|p2a: Starmie|Starmie|68/100 slp\n|move|p1a: Tauros|Blizzard|p2a: Starmie\n|-resisted|p2a: Starmie\n|-damage|p2a: Starmie|56/100 slp\n|\n|upkeep\n|turn|52\n|\n|t:|1783283283\n|cant|p2a: Starmie|slp\n|move|p1a: Tauros|Body Slam|p2a: Starmie\n|-damage|p2a: Starmie|22/100 slp\n|\n|upkeep\n|turn|53\n|\n|t:|1783283285\n|-curestatus|p2a: Starmie|slp|[msg]\n|move|p1a: Tauros|Body Slam|p2a: Starmie\n|-damage|p2a: Starmie|0 fnt\n|faint|p2a: Starmie\n|\n|t:|1783283287\n|switch|p2a: Tauros|Tauros|100/100\n|turn|54\n|\n|t:|1783283295\n|move|p2a: Tauros|Body Slam|p1a: Tauros\n|-damage|p1a: Tauros|70/100\n|move|p1a: Tauros|Body Slam|p2a: Tauros\n|-crit|p2a: Tauros\n|-damage|p2a: Tauros|40/100\n|\n|upkeep\n|turn|55\n|\n|t:|1783283304\n|move|p2a: Tauros|Blizzard|p1a: Tauros\n|-damage|p1a: Tauros|42/100\n|-status|p1a: Tauros|frz\n|cant|p1a: Tauros|frz\n|\n|upkeep\n|turn|56\n|c|☆TheStupe|mb\n|c|☆Abucketofchubs|dude\n|c|☆Abucketofchubs|Nah \n|c|☆Abucketofchubs|lmao \n|inactive|TheStupe has 240 seconds left.\n|inactive|Abucketofchubs has 270 seconds left.\n|c|☆Abucketofchubs|this such bullshit lmao\n|\n|t:|1783283349\n|switch|p2a: Golem|Golem|100/100\n|cant|p1a: Tauros|frz\n|\n|upkeep\n|turn|57\n|\n|t:|1783283356\n|switch|p1a: Chansey|Chansey|100/100 par\n|move|p2a: Golem|Substitute|p2a: Golem\n|-start|p2a: Golem|Substitute\n|-damage|p2a: Golem|76/100\n|\n|upkeep\n|turn|58\n|\n|t:|1783283363\n|move|p2a: Golem|Earthquake|p1a: Chansey\n|-damage|p1a: Chansey|53/100 par\n|move|p1a: Chansey|Sing|p2a: Golem|[miss]\n|-miss|p1a: Chansey\n|\n|upkeep\n|turn|59\n|\n|t:|1783283366\n|move|p2a: Golem|Earthquake|p1a: Chansey\n|-damage|p1a: Chansey|3/100 par\n|move|p1a: Chansey|Sing|p2a: Golem\n|-status|p2a: Golem|slp|[from] move: Sing\n|\n|upkeep\n|turn|60\n|\n|t:|1783283375\n|switch|p2a: Chansey|Chansey|5/100\n|move|p1a: Chansey|Ice Beam|p2a: Chansey\n|-damage|p2a: Chansey|0 fnt\n|faint|p2a: Chansey\n|\n|t:|1783283377\n|switch|p2a: Tauros|Tauros|40/100\n|turn|61\n|\n|t:|1783283390\n|move|p2a: Tauros|Body Slam|p1a: Chansey\n|-damage|p1a: Chansey|0 fnt\n|faint|p1a: Chansey\n|\n|t:|1783283400\n|switch|p1a: Snorlax|Snorlax|46/100\n|turn|62\n|inactive|Abucketofchubs disconnected and has 245 seconds to reconnect!\n|player|p1|\n|inactive|Abucketofchubs has 240 seconds to reconnect!\n|inactive|TheStupe has 270 seconds left.\n|inactive|Abucketofchubs reconnected and has 285 seconds left.\n|player|p1|Abucketofchubs|youngster-gen4dp|\n|inactive|Abucketofchubs has 270 seconds left.\n|inactive|TheStupe has 240 seconds left.\n|\n|t:|1783283460\n|move|p2a: Tauros|Hyper Beam|p1a: Snorlax\n|-crit|p1a: Snorlax\n|-damage|p1a: Snorlax|0 fnt\n|faint|p1a: Snorlax\n|inactive|Abucketofchubs has 270 seconds left.\n|c|☆Abucketofchubs|LMFAO\n|c|☆Abucketofchubs|Nah bro im sorry \n|c|☆Abucketofchubs|you robbed hard \n|c|☆Abucketofchubs|but ggs\n|\n|t:|1783283483\n|switch|p1a: Starmie|Starmie|27/100 par\n|turn|63\n|c|☆TheStupe|There's still game 3\n|c|☆Abucketofchubs|Damn \n|c|☆Abucketofchubs|I dont even want to play at this point \n|inactive|Abucketofchubs has 240 seconds left.\n|\n|t:|1783283508\n|move|p2a: Tauros|Body Slam|p1a: Starmie\n|-damage|p1a: Starmie|0 fnt\n|faint|p1a: Starmie\n|c|☆TheStupe|Sorry mate\n|inactive|Abucketofchubs has 240 seconds left.\n|-message|Abucketofchubs forfeited.\n|\n|win|TheStupe\n","uploadtime":1783283513,"views":"66","formatid":"gen1ou","rating":null,"private":0,"password":null}