{"id":"smogtours-gen1ou-814698","format":"[Gen 1] OU","players":["genesis7","Kaz"],"log":"|inactive|Battle timer is ON: inactive players will automatically lose when time's up.\n|t:|1737231469\n|gametype|singles\n|player|p1|genesis7|#ssdleviathans|\n|player|p2|Kaz|#splxviclassiest2|\n|teamsize|p1|6\n|teamsize|p2|6\n|gen|1\n|tier|[Gen 1] OU\n|rule|Desync Clause Mod: Desyncs changed to move failure.\n|rule|Sleep Clause Mod: Limit one foe put to sleep\n|rule|Freeze Clause Mod: Limit one foe frozen\n|rule|Species Clause: Limit one of each Pokémon\n|rule|OHKO Clause: OHKO moves are banned\n|rule|Evasion Moves Clause: Evasion moves are banned\n|rule|Endless Battle Clause: Forcing endless battles is banned\n|rule|HP Percentage Mod: HP is shown in percentages\n|\n|t:|1737231469\n|start\n|switch|p1a: Gengar|Gengar|100/100\n|switch|p2a: Gengar|Gengar|100/100\n|turn|1\n|rated|Smogon Premier League\n|c|☆genesis7|glhf\n|c|☆Kaz|glhf\n|raw|<div class=\"broadcast-red\"><strong>Moderated chat was set to ☆!</strong><br />Only users of rank ☆ and higher can talk.</div>\n|\n|t:|1737231494\n|move|p1a: Gengar|Hypnosis|p2a: Gengar|[miss]\n|-miss|p1a: Gengar\n|move|p2a: Gengar|Hypnosis|p1a: Gengar|[miss]\n|-miss|p2a: Gengar\n|\n|upkeep\n|turn|2\n|\n|t:|1737231504\n|move|p2a: Gengar|Hypnosis|p1a: Gengar\n|-status|p1a: Gengar|slp|[from] move: Hypnosis\n|cant|p1a: Gengar|slp\n|\n|upkeep\n|turn|3\n|\n|t:|1737231511\n|cant|p1a: Gengar|slp\n|move|p2a: Gengar|Night Shade|p1a: Gengar\n|-damage|p1a: Gengar|70/100 slp\n|\n|upkeep\n|turn|4\n|\n|t:|1737231523\n|cant|p1a: Gengar|slp\n|move|p2a: Gengar|Night Shade|p1a: Gengar\n|-damage|p1a: Gengar|39/100 slp\n|\n|upkeep\n|turn|5\n|\n|t:|1737231536\n|switch|p1a: Exeggutor|Exeggutor|100/100\n|move|p2a: Gengar|Night Shade|p1a: Exeggutor\n|-damage|p1a: Exeggutor|75/100\n|\n|upkeep\n|turn|6\n|inactive|Kaz has 270 seconds left.\n|\n|t:|1737231587\n|move|p2a: Gengar|Night Shade|p1a: Exeggutor\n|-damage|p1a: Exeggutor|50/100\n|move|p1a: Exeggutor|Sleep Powder|p2a: Gengar\n|-status|p2a: Gengar|slp|[from] move: Sleep Powder\n|\n|upkeep\n|turn|7\n|\n|t:|1737231594\n|cant|p2a: Gengar|slp\n|move|p1a: Exeggutor|Stun Spore|p2a: Gengar|[miss]\n|-miss|p1a: Exeggutor\n|\n|upkeep\n|turn|8\n|\n|t:|1737231597\n|switch|p2a: Exeggutor|Exeggutor|100/100\n|move|p1a: Exeggutor|Psychic|p2a: Exeggutor\n|-resisted|p2a: Exeggutor\n|-damage|p2a: Exeggutor|88/100\n|-unboost|p2a: Exeggutor|spa|1\n|-unboost|p2a: Exeggutor|spd|1\n|\n|upkeep\n|turn|9\n|inactive|Kaz has 270 seconds left.\n|\n|t:|1737231611\n|move|p1a: Exeggutor|Stun Spore|p2a: Exeggutor|[miss]\n|-miss|p1a: Exeggutor\n|move|p2a: Exeggutor|Psychic|p1a: Exeggutor\n|-resisted|p1a: Exeggutor\n|-damage|p1a: Exeggutor|40/100\n|\n|upkeep\n|turn|10\n|\n|t:|1737231619\n|move|p2a: Exeggutor|Psychic|p1a: Exeggutor\n|-resisted|p1a: Exeggutor\n|-damage|p1a: Exeggutor|31/100\n|-unboost|p1a: Exeggutor|spa|1\n|-unboost|p1a: Exeggutor|spd|1\n|move|p1a: Exeggutor|Psychic|p2a: Exeggutor\n|-resisted|p2a: Exeggutor\n|-damage|p2a: Exeggutor|74/100\n|\n|upkeep\n|turn|11\n|inactive|Kaz has 270 seconds left.\n|inactive|Kaz has 240 seconds left.\n|\n|t:|1737231666\n|switch|p2a: Gengar|Gengar|100/100 slp\n|switch|p1a: Starmie|Starmie|100/100\n|\n|upkeep\n|turn|12\n|inactive|genesis7 has 270 seconds left.\n|\n|t:|1737231687\n|switch|p2a: Alakazam|Alakazam|100/100\n|move|p1a: Starmie|Psychic|p2a: Alakazam\n|-resisted|p2a: Alakazam\n|-damage|p2a: Alakazam|87/100\n|-unboost|p2a: Alakazam|spa|1\n|-unboost|p2a: Alakazam|spd|1\n|\n|upkeep\n|turn|13\n|\n|t:|1737231695\n|move|p2a: Alakazam|Thunder Wave|p1a: Starmie\n|-status|p1a: Starmie|par\n|move|p1a: Starmie|Thunder Wave|p2a: Alakazam\n|-status|p2a: Alakazam|par\n|\n|upkeep\n|turn|14\n|inactive|genesis7 has 270 seconds left.\n|\n|t:|1737231714\n|move|p2a: Alakazam|Seismic Toss|p1a: Starmie\n|-damage|p1a: Starmie|70/100 par\n|move|p1a: Starmie|Psychic|p2a: Alakazam\n|-crit|p2a: Alakazam\n|-resisted|p2a: Alakazam\n|-damage|p2a: Alakazam|62/100 par\n|\n|upkeep\n|turn|15\n|inactive|genesis7 has 270 seconds left.\n|\n|t:|1737231732\n|move|p2a: Alakazam|Recover|p2a: Alakazam\n|-heal|p2a: Alakazam|100/100 par\n|cant|p1a: Starmie|par\n|\n|upkeep\n|turn|16\n|inactive|Kaz has 270 seconds left.\n|inactive|Kaz has 240 seconds left.\n|\n|t:|1737231794\n|move|p2a: Alakazam|Seismic Toss|p1a: Starmie\n|-damage|p1a: Starmie|39/100 par\n|move|p1a: Starmie|Recover|p1a: Starmie\n|-heal|p1a: Starmie|88/100 par\n|\n|upkeep\n|turn|17\n|\n|t:|1737231800\n|move|p2a: Alakazam|Seismic Toss|p1a: Starmie\n|-damage|p1a: Starmie|57/100 par\n|move|p1a: Starmie|Psychic|p2a: Alakazam\n|-resisted|p2a: Alakazam\n|-damage|p2a: Alakazam|80/100 par\n|-unboost|p2a: Alakazam|spa|1\n|-unboost|p2a: Alakazam|spd|1\n|\n|upkeep\n|turn|18\n|\n|t:|1737231816\n|switch|p2a: Snorlax|Snorlax|100/100\n|move|p1a: Starmie|Recover|p1a: Starmie\n|-heal|p1a: Starmie|100/100 par\n|\n|upkeep\n|turn|19\n|\n|t:|1737231823\n|switch|p2a: Alakazam|Alakazam|80/100 par\n|move|p1a: Starmie|Thunder Wave|p2a: Alakazam\n|-fail|p2a: Alakazam|par\n|\n|upkeep\n|turn|20\n|\n|t:|1737231830\n|move|p2a: Alakazam|Psychic|p1a: Starmie\n|-crit|p1a: Starmie\n|-resisted|p1a: Starmie\n|-damage|p1a: Starmie|61/100 par\n|-unboost|p1a: Starmie|spa|1\n|-unboost|p1a: Starmie|spd|1\n|move|p1a: Starmie|Psychic|p2a: Alakazam\n|-resisted|p2a: Alakazam\n|-damage|p2a: Alakazam|71/100 par\n|-unboost|p2a: Alakazam|spa|1\n|-unboost|p2a: Alakazam|spd|1\n|\n|upkeep\n|turn|21\n|\n|t:|1737231836\n|move|p2a: Alakazam|Seismic Toss|p1a: Starmie\n|-damage|p1a: Starmie|31/100 par\n|move|p1a: Starmie|Recover|p1a: Starmie\n|-heal|p1a: Starmie|80/100 par\n|\n|upkeep\n|turn|22\n|\n|t:|1737231845\n|move|p2a: Alakazam|Psychic|p1a: Starmie\n|-crit|p1a: Starmie\n|-resisted|p1a: Starmie\n|-damage|p1a: Starmie|41/100 par\n|move|p1a: Starmie|Recover|p1a: Starmie\n|-heal|p1a: Starmie|91/100 par\n|\n|upkeep\n|turn|23\n|\n|t:|1737231854\n|cant|p2a: Alakazam|par\n|move|p1a: Starmie|Psychic|p2a: Alakazam\n|-crit|p2a: Alakazam\n|-resisted|p2a: Alakazam\n|-damage|p2a: Alakazam|46/100 par\n|-unboost|p2a: Alakazam|spa|1\n|-unboost|p2a: Alakazam|spd|1\n|\n|upkeep\n|turn|24\n|\n|t:|1737231865\n|move|p1a: Starmie|Blizzard|p2a: Alakazam\n|-crit|p2a: Alakazam\n|-damage|p2a: Alakazam|0 fnt\n|faint|p2a: Alakazam\n|inactive|Kaz has 240 seconds left.\n|\n|t:|1737231899\n|switch|p2a: Starmie|Starmie|100/100\n|turn|25\n|inactive|Kaz has 240 seconds left.\n|\n|t:|1737231908\n|switch|p1a: Exeggutor|Exeggutor|31/100\n|move|p2a: Starmie|Thunder Wave|p1a: Exeggutor\n|-status|p1a: Exeggutor|par\n|\n|upkeep\n|turn|26\n|\n|t:|1737231935\n|switch|p1a: Starmie|Starmie|91/100 par\n|move|p2a: Starmie|Blizzard|p1a: Starmie\n|-resisted|p1a: Starmie\n|-damage|p1a: Starmie|77/100 par\n|\n|upkeep\n|turn|27\n|\n|t:|1737231944\n|move|p2a: Starmie|Thunderbolt|p1a: Starmie\n|-crit|p1a: Starmie\n|-supereffective|p1a: Starmie\n|-damage|p1a: Starmie|0 fnt\n|faint|p1a: Starmie\n|\n|t:|1737231958\n|switch|p1a: Snorlax|Snorlax|100/100\n|turn|28\n|\n|t:|1737231985\n|switch|p2a: Snorlax|Snorlax|100/100\n|move|p1a: Snorlax|Body Slam|p2a: Snorlax\n|-damage|p2a: Snorlax|76/100\n|\n|upkeep\n|turn|29\n|\n|t:|1737231995\n|move|p1a: Snorlax|Body Slam|p2a: Snorlax\n|-damage|p2a: Snorlax|48/100\n|move|p2a: Snorlax|Body Slam|p1a: Snorlax\n|-damage|p1a: Snorlax|76/100\n|\n|upkeep\n|turn|30\n|inactive|Kaz has 240 seconds left.\n|\n|t:|1737232029\n|switch|p1a: Gengar|Gengar|39/100 slp\n|move|p2a: Snorlax|Hyper Beam|p1a: Gengar\n|-immune|p1a: Gengar\n|\n|upkeep\n|turn|31\n|inactive|Kaz has 240 seconds left.\n|inactive|genesis7 has 270 seconds left.\n|inactive|Kaz has 210 seconds left.\n|inactive|genesis7 has 240 seconds left.\n|\n|t:|1737232079\n|switch|p1a: Exeggutor|Exeggutor|31/100 par\n|switch|p2a: Starmie|Starmie|100/100\n|\n|upkeep\n|turn|32\n|inactive|genesis7 has 240 seconds left.\n|\n|t:|1737232103\n|move|p2a: Starmie|Blizzard|p1a: Exeggutor\n|-crit|p1a: Exeggutor\n|-supereffective|p1a: Exeggutor\n|-damage|p1a: Exeggutor|0 fnt\n|faint|p1a: Exeggutor\n|\n|t:|1737232106\n|switch|p1a: Snorlax|Snorlax|76/100\n|turn|33\n|\n|t:|1737232112\n|switch|p2a: Gengar|Gengar|100/100 slp\n|move|p1a: Snorlax|Body Slam|p2a: Gengar\n|-immune|p2a: Gengar\n|\n|upkeep\n|turn|34\n|inactive|genesis7 has 240 seconds left.\n|\n|t:|1737232133\n|-curestatus|p2a: Gengar|slp|[msg]\n|move|p1a: Snorlax|Body Slam|p2a: Gengar\n|-immune|p2a: Gengar\n|\n|upkeep\n|turn|35\n|\n|t:|1737232143\n|move|p2a: Gengar|Thunderbolt|p1a: Snorlax\n|-damage|p1a: Snorlax|54/100\n|move|p1a: Snorlax|Earthquake|p2a: Gengar\n|-supereffective|p2a: Gengar\n|-damage|p2a: Gengar|32/100\n|\n|upkeep\n|turn|36\n|inactive|Kaz has 210 seconds left.\n|inactive|Kaz has 180 seconds left.\n|\n|t:|1737232216\n|move|p2a: Gengar|Thunderbolt|p1a: Snorlax\n|-damage|p1a: Snorlax|31/100\n|move|p1a: Snorlax|Earthquake|p2a: Gengar\n|-supereffective|p2a: Gengar\n|-damage|p2a: Gengar|0 fnt\n|faint|p2a: Gengar\n|\n|t:|1737232238\n|switch|p2a: Tauros|Tauros|100/100\n|turn|37\n|inactive|genesis7 has 240 seconds left.\n|\n|t:|1737232282\n|move|p2a: Tauros|Hyper Beam|p1a: Snorlax\n|-damage|p1a: Snorlax|0 fnt\n|faint|p1a: Snorlax\n|\n|t:|1737232284\n|switch|p1a: Tauros|Tauros|100/100\n|turn|38\n|\n|t:|1737232306\n|switch|p2a: Snorlax|Snorlax|48/100\n|move|p1a: Tauros|Body Slam|p2a: Snorlax\n|-damage|p2a: Snorlax|21/100\n|\n|upkeep\n|turn|39\n|\n|t:|1737232312\n|move|p1a: Tauros|Body Slam|p2a: Snorlax\n|-damage|p2a: Snorlax|0 fnt\n|faint|p2a: Snorlax\n|inactive|Kaz has 150 seconds left.\n|\n|t:|1737232339\n|switch|p2a: Starmie|Starmie|100/100\n|turn|40\n|inactive|genesis7 has 240 seconds left.\n|\n|t:|1737232388\n|switch|p1a: Gengar|Gengar|39/100 slp\n|move|p2a: Starmie|Thunder Wave|p1a: Gengar\n|-fail|p1a: Gengar\n|\n|upkeep\n|turn|41\n|inactive|Kaz has 150 seconds left.\n|inactive|Kaz has 120 seconds left.\n|\n|t:|1737232449\n|move|p2a: Starmie|Thunderbolt|p1a: Gengar\n|-crit|p1a: Gengar\n|-damage|p1a: Gengar|4/100 slp\n|cant|p1a: Gengar|slp\n|\n|upkeep\n|turn|42\n|\n|t:|1737232462\n|move|p2a: Starmie|Blizzard|p1a: Gengar\n|-damage|p1a: Gengar|0 fnt\n|faint|p1a: Gengar\n|\n|t:|1737232468\n|switch|p1a: Zapdos|Zapdos|100/100\n|turn|43\n|inactive|Kaz has 120 seconds left.\n|\n|t:|1737232502\n|move|p2a: Starmie|Blizzard|p1a: Zapdos\n|-supereffective|p1a: Zapdos\n|-damage|p1a: Zapdos|59/100\n|-status|p1a: Zapdos|frz\n|cant|p1a: Zapdos|frz\n|\n|upkeep\n|turn|44\n|\n|t:|1737232508\n|move|p2a: Starmie|Thunderbolt|p1a: Zapdos\n|-damage|p1a: Zapdos|43/100 frz\n|cant|p1a: Zapdos|frz\n|\n|upkeep\n|turn|45\n|\n|t:|1737232510\n|move|p2a: Starmie|Thunderbolt|p1a: Zapdos\n|-damage|p1a: Zapdos|26/100 frz\n|cant|p1a: Zapdos|frz\n|\n|upkeep\n|turn|46\n|inactive|Kaz has 120 seconds left.\n|c|☆genesis7|ggs\n|\n|t:|1737232528\n|move|p2a: Starmie|Thunderbolt|p1a: Zapdos\n|-crit|p1a: Zapdos\n|-damage|p1a: Zapdos|0 fnt\n|faint|p1a: Zapdos\n|\n|t:|1737232530\n|switch|p1a: Tauros|Tauros|100/100\n|turn|47\n|inactive|genesis7 has 270 seconds left.\n|\n|t:|1737232537\n|move|p2a: Starmie|Thunder Wave|p1a: Tauros\n|-status|p1a: Tauros|par\n|move|p1a: Tauros|Body Slam|p2a: Starmie\n|-crit|p2a: Starmie\n|-damage|p2a: Starmie|35/100\n|\n|upkeep\n|turn|48\n|\n|t:|1737232545\n|move|p2a: Starmie|Thunderbolt|p1a: Tauros\n|-damage|p1a: Tauros|73/100 par\n|move|p1a: Tauros|Hyper Beam|p2a: Starmie\n|-damage|p2a: Starmie|0 fnt\n|faint|p2a: Starmie\n|inactive|Kaz has 120 seconds left.\n|\n|t:|1737232561\n|switch|p2a: Exeggutor|Exeggutor|74/100\n|turn|49\n|\n|t:|1737232576\n|move|p2a: Exeggutor|Explosion|p1a: Tauros|[miss]\n|-miss|p2a: Exeggutor\n|-hint|In Gen 1, moves with 100% accuracy can still miss 1/256 of the time.\n|faint|p2a: Exeggutor\n|\n|t:|1737232584\n|switch|p2a: Tauros|Tauros|100/100\n|turn|50\n|inactive|genesis7 has 270 seconds left.\n|\n|t:|1737232629\n|move|p2a: Tauros|Body Slam|p1a: Tauros\n|-crit|p1a: Tauros\n|-damage|p1a: Tauros|18/100 par\n|move|p1a: Tauros|Blizzard|p2a: Tauros\n|-crit|p2a: Tauros\n|-damage|p2a: Tauros|52/100\n|\n|upkeep\n|turn|51\n|\n|t:|1737232639\n|move|p2a: Tauros|Body Slam|p1a: Tauros\n|-damage|p1a: Tauros|0 fnt\n|faint|p1a: Tauros\n|\n|win|Kaz\n|c|☆Kaz|gg\n|c|☆genesis7|haha almost\n|c|☆genesis7|ggs\n|player|p1|\n|c|☆Kaz|think tauros first was better ye\n|player|p2|\n","uploadtime":1737231498,"views":"2431","formatid":"gen1ou","rating":null,"private":0,"password":null}