{"id":"smogtours-gen1ou-964769","format":"[Gen 1] OU","players":["BeeOrSomething","Kaz"],"log":"|inactive|Battle timer is ON: inactive players will automatically lose when time's up.\n|t:|1787080741\n|gametype|singles\n|player|p1|BeeOrSomething|#beeorsomething|\n|player|p2|Kaz|#kaz|\n|gen|1\n|tier|[Gen 1] OU\n|rule|Desync Clause Mod: Desyncs resolve to link battle behavior from the acting player's perspective.\n|rule|HP Percentage Mod: HP is shown in percentages\n|rule|Endless Battle Clause: Forcing endless battles is banned\n|rule|Sleep Clause Mod: Limit one foe put to sleep\n|rule|Freeze Clause Mod: Limit one foe frozen\n|rule|Species Clause: Limit one of each Pokémon\n|rule|OHKO Clause: OHKO moves are banned\n|rule|Evasion Moves Clause: Evasion moves are banned\n|\n|t:|1787080741\n|teamsize|p1|6\n|teamsize|p2|6\n|start\n|switch|p1a: Inevitable|Gengar|100/100\n|switch|p2a: Gengar|Gengar|100/100\n|turn|1\n|c|☆BeeOrSomething|glhf\n|c|☆Kaz|hf\n|\n|t:|1787080764\n|move|p1a: Inevitable|Hypnosis|p2a: Gengar|[miss]\n|-miss|p1a: Inevitable\n|move|p2a: Gengar|Hypnosis|p1a: Inevitable\n|-status|p1a: Inevitable|slp|[from] move: Hypnosis\n|\n|upkeep\n|turn|2\n|\n|t:|1787080771\n|switch|p1a: Blob|Chansey|100/100\n|move|p2a: Gengar|Night Shade|p1a: Blob\n|-damage|p1a: Blob|86/100\n|\n|upkeep\n|turn|3\n|\n|t:|1787080797\n|switch|p2a: Starmie|Starmie|100/100\n|move|p1a: Blob|Sing|p2a: Starmie\n|-status|p2a: Starmie|slp|[from] move: Sing\n|\n|upkeep\n|turn|4\n|\n|t:|1787080811\n|switch|p2a: Chansey|Chansey|100/100\n|switch|p1a: Me On Weekends|Snorlax|100/100\n|\n|upkeep\n|turn|5\n|\n|t:|1787080820\n|switch|p1a: Blob|Chansey|86/100\n|move|p2a: Chansey|Ice Beam|p1a: Blob\n|-damage|p1a: Blob|76/100\n|\n|upkeep\n|turn|6\n|\n|t:|1787080828\n|move|p1a: Blob|Thunder Wave|p2a: Chansey\n|-status|p2a: Chansey|par\n|move|p2a: Chansey|Ice Beam|p1a: Blob\n|-damage|p1a: Blob|66/100\n|\n|upkeep\n|turn|7\n|\n|t:|1787080832\n|move|p1a: Blob|Soft-Boiled|p1a: Blob\n|-heal|p1a: Blob|100/100\n|move|p2a: Chansey|Ice Beam|p1a: Blob\n|-damage|p1a: Blob|89/100\n|\n|upkeep\n|turn|8\n|\n|t:|1787080839\n|switch|p1a: Inevitable|Gengar|100/100 slp\n|move|p2a: Chansey|Thunder Wave|p1a: Inevitable\n|-fail|p1a: Inevitable\n|\n|upkeep\n|turn|9\n|\n|t:|1787080851\n|switch|p1a: Me On Weekends|Snorlax|100/100\n|cant|p2a: Chansey|par\n|\n|upkeep\n|turn|10\n|\n|t:|1787080856\n|move|p1a: Me On Weekends|Earthquake|p2a: Chansey\n|-damage|p2a: Chansey|66/100 par\n|move|p2a: Chansey|Thunder Wave|p1a: Me On Weekends\n|-status|p1a: Me On Weekends|par\n|\n|upkeep\n|turn|11\n|\n|t:|1787080872\n|switch|p2a: Exeggutor|Exeggutor|100/100\n|move|p1a: Me On Weekends|Reflect|p1a: Me On Weekends\n|-start|p1a: Me On Weekends|Reflect\n|\n|upkeep\n|turn|12\n|\n|t:|1787080881\n|switch|p1a: Patrick|Starmie|100/100\n|move|p2a: Exeggutor|Psychic|p1a: Patrick\n|-resisted|p1a: Patrick\n|-damage|p1a: Patrick|83/100\n|\n|upkeep\n|turn|13\n|\n|t:|1787080888\n|switch|p2a: Chansey|Chansey|66/100 par\n|move|p1a: Patrick|Thunder Wave|p2a: Chansey\n|-fail|p2a: Chansey|par\n|\n|upkeep\n|turn|14\n|\n|t:|1787080894\n|switch|p1a: Me On Weekends|Snorlax|100/100 par\n|move|p2a: Chansey|Soft-Boiled|p2a: Chansey\n|-heal|p2a: Chansey|100/100 par\n|\n|upkeep\n|turn|15\n|\n|t:|1787080914\n|switch|p2a: Exeggutor|Exeggutor|100/100\n|move|p1a: Me On Weekends|Earthquake|p2a: Exeggutor\n|-resisted|p2a: Exeggutor\n|-damage|p2a: Exeggutor|89/100\n|\n|upkeep\n|turn|16\n|\n|t:|1787080921\n|move|p2a: Exeggutor|Psychic|p1a: Me On Weekends\n|-crit|p1a: Me On Weekends\n|-damage|p1a: Me On Weekends|38/100 par\n|-unboost|p1a: Me On Weekends|spa|1\n|-unboost|p1a: Me On Weekends|spd|1\n|move|p1a: Me On Weekends|Body Slam|p2a: Exeggutor\n|-damage|p2a: Exeggutor|57/100\n|\n|upkeep\n|turn|17\n|\n|t:|1787080945\n|switch|p1a: Blob|Chansey|89/100\n|move|p2a: Exeggutor|Explosion|p1a: Blob\n|-damage|p1a: Blob|0 fnt\n|faint|p1a: Blob\n|faint|p2a: Exeggutor\n|inactive|Kaz has 270 seconds left.\n|inactive|Kaz has 240 seconds left.\n|\n|t:|1787080988\n|switch|p2a: Chansey|Chansey|100/100 par\n|switch|p1a: Raging Bull|Tauros|100/100\n|turn|18\n|\n|t:|1787081000\n|move|p1a: Raging Bull|Earthquake|p2a: Chansey\n|-damage|p2a: Chansey|72/100 par\n|move|p2a: Chansey|Thunder Wave|p1a: Raging Bull\n|-status|p1a: Raging Bull|par\n|\n|upkeep\n|turn|19\n|inactive|Kaz has 240 seconds left.\n|\n|t:|1787081038\n|switch|p2a: Gengar|Gengar|100/100\n|move|p1a: Raging Bull|Body Slam|p2a: Gengar\n|-immune|p2a: Gengar\n|\n|upkeep\n|turn|20\n|\n|t:|1787081053\n|move|p2a: Gengar|Thunderbolt|p1a: Raging Bull\n|-crit|p1a: Raging Bull\n|-damage|p1a: Raging Bull|38/100 par\n|move|p1a: Raging Bull|Earthquake|p2a: Gengar\n|-supereffective|p2a: Gengar\n|-damage|p2a: Gengar|37/100\n|\n|upkeep\n|turn|21\n|\n|t:|1787081083\n|move|p2a: Gengar|Thunderbolt|p1a: Raging Bull\n|-damage|p1a: Raging Bull|6/100 par\n|move|p1a: Raging Bull|Earthquake|p2a: Gengar\n|-supereffective|p2a: Gengar\n|-damage|p2a: Gengar|0 fnt\n|faint|p2a: Gengar\n|inactive|Kaz has 210 seconds left.\n|\n|t:|1787081104\n|switch|p2a: Tauros|Tauros|100/100\n|turn|22\n|\n|t:|1787081122\n|move|p2a: Tauros|Blizzard|p1a: Raging Bull\n|-damage|p1a: Raging Bull|0 fnt\n|faint|p1a: Raging Bull\n|\n|t:|1787081125\n|switch|p1a: Patrick|Starmie|83/100\n|turn|23\n|inactive|Kaz has 210 seconds left.\n|\n|t:|1787081136\n|switch|p2a: Chansey|Chansey|72/100 par\n|move|p1a: Patrick|Psychic|p2a: Chansey\n|-crit|p2a: Chansey\n|-damage|p2a: Chansey|44/100 par\n|\n|upkeep\n|turn|24\n|\n|t:|1787081142\n|switch|p1a: Me On Weekends|Snorlax|38/100 par\n|move|p2a: Chansey|Soft-Boiled|p2a: Chansey\n|-heal|p2a: Chansey|94/100 par\n|\n|upkeep\n|turn|25\n|\n|t:|1787081153\n|switch|p2a: Tauros|Tauros|100/100\n|move|p1a: Me On Weekends|Body Slam|p2a: Tauros\n|-damage|p2a: Tauros|68/100\n|\n|upkeep\n|turn|26\n|\n|t:|1787081161\n|move|p2a: Tauros|Blizzard|p1a: Me On Weekends\n|-damage|p1a: Me On Weekends|21/100 par\n|move|p1a: Me On Weekends|Body Slam|p2a: Tauros\n|-damage|p2a: Tauros|38/100\n|\n|upkeep\n|turn|27\n|\n|t:|1787081168\n|switch|p1a: Inevitable|Gengar|100/100 slp\n|move|p2a: Tauros|Body Slam|p1a: Inevitable\n|-immune|p1a: Inevitable\n|\n|upkeep\n|turn|28\n|inactive|Kaz has 240 seconds left.\n|\n|t:|1787081173\n|switch|p2a: Snorlax|Snorlax|100/100\n|cant|p1a: Inevitable|slp\n|\n|upkeep\n|turn|29\n|\n|t:|1787081181\n|cant|p1a: Inevitable|slp\n|move|p2a: Snorlax|Earthquake|p1a: Inevitable\n|-supereffective|p1a: Inevitable\n|-damage|p1a: Inevitable|25/100 slp\n|\n|upkeep\n|turn|30\n|\n|t:|1787081186\n|cant|p1a: Inevitable|slp\n|move|p2a: Snorlax|Earthquake|p1a: Inevitable\n|-supereffective|p1a: Inevitable\n|-damage|p1a: Inevitable|0 fnt\n|faint|p1a: Inevitable\n|\n|t:|1787081190\n|switch|p1a: Patrick|Starmie|83/100\n|turn|31\n|\n|t:|1787081193\n|switch|p2a: Chansey|Chansey|94/100 par\n|move|p1a: Patrick|Psychic|p2a: Chansey\n|-damage|p2a: Chansey|80/100 par\n|-unboost|p2a: Chansey|spa|1\n|-unboost|p2a: Chansey|spd|1\n|\n|upkeep\n|turn|32\n|inactive|Kaz has 270 seconds left.\n|\n|t:|1787081199\n|move|p1a: Patrick|Psychic|p2a: Chansey\n|-crit|p2a: Chansey\n|-damage|p2a: Chansey|51/100 par\n|move|p2a: Chansey|Soft-Boiled|p2a: Chansey\n|-heal|p2a: Chansey|100/100 par\n|\n|upkeep\n|turn|33\n|\n|t:|1787081206\n|switch|p1a: Me On Weekends|Snorlax|21/100 par\n|move|p2a: Chansey|Thunderbolt|p1a: Me On Weekends\n|-damage|p1a: Me On Weekends|8/100 par\n|\n|upkeep\n|turn|34\n|\n|t:|1787081215\n|switch|p2a: Tauros|Tauros|38/100\n|move|p1a: Me On Weekends|Rest|p1a: Me On Weekends\n|-status|p1a: Me On Weekends|slp|[from] move: Rest\n|-heal|p1a: Me On Weekends|100/100 slp|[silent]\n|\n|upkeep\n|turn|35\n|\n|t:|1787081223\n|move|p2a: Tauros|Body Slam|p1a: Me On Weekends\n|-damage|p1a: Me On Weekends|77/100 slp\n|cant|p1a: Me On Weekends|slp\n|\n|upkeep\n|turn|36\n|\n|t:|1787081229\n|move|p2a: Tauros|Body Slam|p1a: Me On Weekends\n|-damage|p1a: Me On Weekends|54/100 slp\n|-curestatus|p1a: Me On Weekends|slp|[msg]\n|\n|upkeep\n|turn|37\n|\n|t:|1787081235\n|switch|p1a: Patrick|Starmie|83/100\n|move|p2a: Tauros|Body Slam|p1a: Patrick\n|-damage|p1a: Patrick|48/100\n|-status|p1a: Patrick|par\n|\n|upkeep\n|turn|38\n|inactive|BeeOrSomething has 270 seconds left.\n|inactive|Kaz has 270 seconds left.\n|\n|t:|1787081292\n|switch|p2a: Chansey|Chansey|100/100 par\n|cant|p1a: Patrick|par\n|\n|upkeep\n|turn|39\n|\n|t:|1787081296\n|move|p1a: Patrick|Recover|p1a: Patrick\n|-heal|p1a: Patrick|98/100 par\n|cant|p2a: Chansey|par\n|\n|upkeep\n|turn|40\n|\n|t:|1787081302\n|switch|p1a: Me On Weekends|Snorlax|54/100\n|move|p2a: Chansey|Thunder Wave|p1a: Me On Weekends\n|-status|p1a: Me On Weekends|par\n|\n|upkeep\n|turn|41\n|\n|t:|1787081306\n|switch|p2a: Tauros|Tauros|38/100\n|cant|p1a: Me On Weekends|par\n|\n|upkeep\n|turn|42\n|\n|t:|1787081322\n|switch|p1a: Patrick|Starmie|98/100 par\n|move|p2a: Tauros|Body Slam|p1a: Patrick\n|-damage|p1a: Patrick|66/100 par\n|\n|upkeep\n|turn|43\n|\n|t:|1787081333\n|move|p2a: Tauros|Body Slam|p1a: Patrick\n|-damage|p1a: Patrick|30/100 par\n|cant|p1a: Patrick|par\n|\n|upkeep\n|turn|44\n|\n|t:|1787081342\n|move|p2a: Tauros|Body Slam|p1a: Patrick\n|-damage|p1a: Patrick|0 fnt\n|faint|p1a: Patrick\n|\n|t:|1787081347\n|switch|p1a: Mozilla|Zapdos|100/100\n|turn|45\n|\n|t:|1787081353\n|switch|p2a: Chansey|Chansey|100/100 par\n|move|p1a: Mozilla|Thunderbolt|p2a: Chansey\n|-crit|p2a: Chansey\n|-damage|p2a: Chansey|63/100 par\n|\n|upkeep\n|turn|46\n|\n|t:|1787081358\n|move|p1a: Mozilla|Drill Peck|p2a: Chansey\n|-crit|p2a: Chansey\n|-damage|p2a: Chansey|0 fnt\n|faint|p2a: Chansey\n|\n|t:|1787081362\n|switch|p2a: Snorlax|Snorlax|100/100\n|turn|47\n|\n|t:|1787081365\n|move|p1a: Mozilla|Thunder Wave|p2a: Snorlax\n|-status|p2a: Snorlax|par\n|move|p2a: Snorlax|Body Slam|p1a: Mozilla\n|-damage|p1a: Mozilla|69/100\n|\n|upkeep\n|turn|48\n|\n|t:|1787081374\n|switch|p1a: Me On Weekends|Snorlax|54/100 par\n|move|p2a: Snorlax|Body Slam|p1a: Me On Weekends\n|-crit|p1a: Me On Weekends\n|-damage|p1a: Me On Weekends|4/100 par\n|\n|upkeep\n|turn|49\n|\n|t:|1787081386\n|move|p2a: Snorlax|Body Slam|p1a: Me On Weekends\n|-damage|p1a: Me On Weekends|0 fnt\n|faint|p1a: Me On Weekends\n|\n|t:|1787081387\n|switch|p1a: Mozilla|Zapdos|69/100\n|turn|50\n|c|☆BeeOrSomething|i guess bro\n|\n|t:|1787081393\n|move|p1a: Mozilla|Thunderbolt|p2a: Snorlax\n|-damage|p2a: Snorlax|70/100 par\n|cant|p2a: Snorlax|par\n|\n|upkeep\n|turn|51\n|\n|t:|1787081410\n|move|p1a: Mozilla|Thunderbolt|p2a: Snorlax\n|-damage|p2a: Snorlax|37/100 par\n|move|p2a: Snorlax|Self-Destruct|p1a: Mozilla\n|-damage|p1a: Mozilla|0 fnt\n|faint|p1a: Mozilla\n|faint|p2a: Snorlax\n|\n|win|Kaz\n","uploadtime":1787081410,"views":"84","formatid":"gen1ou","rating":null,"private":0,"password":null}