{"id":"smogtours-gen1ou-957663","format":"[Gen 1] OU","players":["Peasounay","Nails"],"log":"|inactive|Battle timer is ON: inactive players will automatically lose when time's up.\n|t:|1784489258\n|gametype|singles\n|player|p1|Peasounay|red-gen1title|\n|player|p2|Nails|#scl2terrors|\n|gen|1\n|tier|[Gen 1] OU\n|rule|Desync Clause Mod: Desyncs resolve to link battle behavior from the acting player's perspective.\n|rule|HP Percentage Mod: HP is shown in percentages\n|rule|Endless Battle Clause: Forcing endless battles is banned\n|rule|Sleep Clause Mod: Limit one foe put to sleep\n|rule|Freeze Clause Mod: Limit one foe frozen\n|rule|Species Clause: Limit one of each Pokémon\n|rule|OHKO Clause: OHKO moves are banned\n|rule|Evasion Moves Clause: Evasion moves are banned\n|\n|t:|1784489258\n|teamsize|p1|6\n|teamsize|p2|6\n|start\n|switch|p1a: Starmie|Starmie|100/100\n|switch|p2a: Starmie|Starmie|100/100\n|turn|1\n|c|☆Nails|hf\n|c|☆Peasounay|u2\n|c|+EG Jhonx|whats this for\n|inactive|Nails has 270 seconds left.\n|c|+EG Jhonx|rby cup?\n|c|☆Peasounay|rby invit\n|c|+EG Jhonx|gl both\n|\n|t:|1784489312\n|move|p1a: Starmie|Blizzard|p2a: Starmie\n|-crit|p2a: Starmie\n|-resisted|p2a: Starmie\n|-damage|p2a: Starmie|74/100\n|move|p2a: Starmie|Blizzard|p1a: Starmie|[miss]\n|-miss|p2a: Starmie\n|\n|upkeep\n|turn|2\n|\n|t:|1784489321\n|switch|p1a: Chansey|Chansey|100/100\n|switch|p2a: Chansey|Chansey|100/100\n|\n|upkeep\n|turn|3\n|\n|t:|1784489327\n|switch|p1a: Starmie|Starmie|100/100\n|move|p2a: Chansey|Sing|p1a: Starmie|[miss]\n|-miss|p2a: Chansey\n|\n|upkeep\n|turn|4\n|c|☆Nails|i love pocket monsters\n|\n|t:|1784489346\n|move|p1a: Starmie|Blizzard|p2a: Chansey\n|-damage|p2a: Chansey|87/100\n|move|p2a: Chansey|Sing|p1a: Starmie\n|-status|p1a: Starmie|slp|[from] move: Sing\n|\n|upkeep\n|turn|5\n|c|+EG Jhonx|u need the VoD Tag\n|\n|t:|1784489370\n|switch|p1a: Chansey|Chansey|100/100\n|move|p2a: Chansey|Seismic Toss|p1a: Chansey\n|-damage|p1a: Chansey|86/100\n|\n|upkeep\n|turn|6\n|\n|t:|1784489378\n|switch|p2a: Starmie|Starmie|74/100\n|move|p1a: Chansey|Ice Beam|p2a: Starmie\n|-resisted|p2a: Starmie\n|-damage|p2a: Starmie|62/100\n|\n|upkeep\n|turn|7\n|\n|t:|1784489387\n|move|p2a: Starmie|Blizzard|p1a: Chansey\n|-damage|p1a: Chansey|73/100\n|move|p1a: Chansey|Thunderbolt|p2a: Starmie\n|-supereffective|p2a: Starmie\n|-damage|p2a: Starmie|11/100\n|\n|upkeep\n|turn|8\n|\n|t:|1784489408\n|switch|p2a: Chansey|Chansey|87/100\n|move|p1a: Chansey|Thunderbolt|p2a: Chansey\n|-damage|p2a: Chansey|76/100\n|\n|upkeep\n|turn|9\n|\n|t:|1784489413\n|move|p2a: Chansey|Thunder Wave|p1a: Chansey\n|-status|p1a: Chansey|par\n|move|p1a: Chansey|Ice Beam|p2a: Chansey\n|-damage|p2a: Chansey|65/100\n|\n|upkeep\n|turn|10\n|\n|t:|1784489428\n|move|p2a: Chansey|Soft-Boiled|p2a: Chansey\n|-heal|p2a: Chansey|100/100\n|move|p1a: Chansey|Ice Beam|p2a: Chansey\n|-damage|p2a: Chansey|91/100\n|\n|upkeep\n|turn|11\n|\n|t:|1784489434\n|switch|p2a: Snorlax|Snorlax|100/100\n|move|p1a: Chansey|Ice Beam|p2a: Snorlax\n|-damage|p2a: Snorlax|81/100\n|-status|p2a: Snorlax|frz\n|\n|upkeep\n|turn|12\n|inactive|Nails has 270 seconds left.\n|\n|t:|1784489466\n|switch|p2a: Chansey|Chansey|91/100\n|move|p1a: Chansey|Soft-Boiled|p1a: Chansey\n|-heal|p1a: Chansey|100/100 par\n|\n|upkeep\n|turn|13\n|inactive|Nails has 270 seconds left.\n|\n|t:|1784489488\n|switch|p1a: Exeggutor|Exeggutor|100/100\n|move|p2a: Chansey|Seismic Toss|p1a: Exeggutor\n|-damage|p1a: Exeggutor|75/100\n|\n|upkeep\n|turn|14\n|inactive|Nails has 270 seconds left.\n|\n|t:|1784489509\n|switch|p2a: Starmie|Starmie|11/100\n|move|p1a: Exeggutor|Sleep Powder|p2a: Starmie\n|-status|p2a: Starmie|slp|[from] move: Sleep Powder\n|\n|upkeep\n|turn|15\n|\n|t:|1784489520\n|switch|p2a: Chansey|Chansey|91/100\n|move|p1a: Exeggutor|Psychic|p2a: Chansey\n|-damage|p2a: Chansey|75/100\n|\n|upkeep\n|turn|16\n|\n|t:|1784489530\n|switch|p1a: Chansey|Chansey|100/100 par\n|move|p2a: Chansey|Thunder Wave|p1a: Chansey\n|-fail|p1a: Chansey|par\n|\n|upkeep\n|turn|17\n|inactive|Nails has 270 seconds left.\n|\n|t:|1784489544\n|move|p2a: Chansey|Seismic Toss|p1a: Chansey\n|-damage|p1a: Chansey|86/100 par\n|move|p1a: Chansey|Thunder Wave|p2a: Chansey\n|-status|p2a: Chansey|par\n|\n|upkeep\n|turn|18\n|inactive|Nails has 270 seconds left.\n|\n|t:|1784489552\n|cant|p1a: Chansey|par\n|move|p2a: Chansey|Seismic Toss|p1a: Chansey\n|-damage|p1a: Chansey|72/100 par\n|\n|upkeep\n|turn|19\n|\n|t:|1784489558\n|cant|p1a: Chansey|par\n|move|p2a: Chansey|Soft-Boiled|p2a: Chansey\n|-heal|p2a: Chansey|100/100 par\n|\n|upkeep\n|turn|20\n|\n|t:|1784489570\n|move|p1a: Chansey|Thunderbolt|p2a: Chansey\n|-damage|p2a: Chansey|90/100 par\n|move|p2a: Chansey|Sing|p1a: Chansey\n|-fail|p1a: Chansey\n|\n|upkeep\n|turn|21\n|\n|t:|1784489581\n|cant|p2a: Chansey|par\n|move|p1a: Chansey|Ice Beam|p2a: Chansey\n|-damage|p2a: Chansey|79/100 par\n|\n|upkeep\n|turn|22\n|\n|t:|1784489591\n|move|p2a: Chansey|Thunder Wave|p1a: Chansey\n|-fail|p1a: Chansey|par\n|move|p1a: Chansey|Thunderbolt|p2a: Chansey\n|-damage|p2a: Chansey|69/100 par\n|\n|upkeep\n|turn|23\n|\n|t:|1784489598\n|move|p2a: Chansey|Thunder Wave|p1a: Chansey\n|-fail|p1a: Chansey|par\n|cant|p1a: Chansey|par\n|\n|upkeep\n|turn|24\n|\n|t:|1784489602\n|switch|p1a: Snorlax|Snorlax|100/100\n|move|p2a: Chansey|Thunder Wave|p1a: Snorlax\n|-status|p1a: Snorlax|par\n|\n|upkeep\n|turn|25\n|\n|t:|1784489620\n|switch|p2a: Rhydon|Rhydon|100/100\n|move|p1a: Snorlax|Body Slam|p2a: Rhydon\n|-resisted|p2a: Rhydon\n|-damage|p2a: Rhydon|89/100\n|-status|p2a: Rhydon|par\n|\n|upkeep\n|turn|26\n|\n|t:|1784489644\n|switch|p1a: Exeggutor|Exeggutor|75/100\n|cant|p2a: Rhydon|par\n|\n|upkeep\n|turn|27\n|\n|t:|1784489651\n|switch|p1a: Snorlax|Snorlax|100/100 par\n|switch|p2a: Chansey|Chansey|69/100 par\n|\n|upkeep\n|turn|28\n|\n|t:|1784489660\n|switch|p2a: Rhydon|Rhydon|89/100 par\n|cant|p1a: Snorlax|par\n|\n|upkeep\n|turn|29\n|\n|t:|1784489666\n|move|p2a: Rhydon|Earthquake|p1a: Snorlax\n|-damage|p1a: Snorlax|66/100 par\n|move|p1a: Snorlax|Reflect|p1a: Snorlax\n|-start|p1a: Snorlax|Reflect\n|\n|upkeep\n|turn|30\n|\n|t:|1784489680\n|move|p2a: Rhydon|Earthquake|p1a: Snorlax\n|-damage|p1a: Snorlax|50/100 par\n|move|p1a: Snorlax|Body Slam|p2a: Rhydon\n|-resisted|p2a: Rhydon\n|-damage|p2a: Rhydon|77/100 par\n|\n|upkeep\n|turn|31\n|\n|t:|1784489689\n|switch|p2a: Cloyster|Cloyster|100/100\n|move|p1a: Snorlax|Rest|p1a: Snorlax\n|-status|p1a: Snorlax|slp|[from] move: Rest\n|-heal|p1a: Snorlax|100/100 slp|[silent]\n|\n|upkeep\n|turn|32\n|\n|t:|1784489712\n|move|p2a: Cloyster|Blizzard|p1a: Snorlax\n|-damage|p1a: Snorlax|71/100 slp\n|cant|p1a: Snorlax|slp\n|\n|upkeep\n|turn|33\n|\n|t:|1784489726\n|move|p2a: Cloyster|Blizzard|p1a: Snorlax\n|-damage|p1a: Snorlax|40/100 slp\n|-curestatus|p1a: Snorlax|slp|[msg]\n|\n|upkeep\n|turn|34\n|\n|t:|1784489740\n|switch|p1a: Starmie|Starmie|100/100 slp\n|move|p2a: Cloyster|Clamp|p1a: Starmie\n|-resisted|p1a: Starmie\n|-damage|p1a: Starmie|95/100 slp\n|\n|upkeep\n|turn|35\n|\n|t:|1784489769\n|switch|p1a: Alakazam|Alakazam|100/100\n|move|p2a: Cloyster|Clamp|p1a: Alakazam|[miss]\n|-miss|p2a: Cloyster\n|\n|upkeep\n|turn|36\n|inactive|Nails has 270 seconds left.\n|\n|t:|1784489804\n|switch|p2a: Chansey|Chansey|69/100 par\n|move|p1a: Alakazam|Psychic|p2a: Chansey\n|-crit|p2a: Chansey\n|-damage|p2a: Chansey|35/100 par\n|-unboost|p2a: Chansey|spa|1\n|-unboost|p2a: Chansey|spd|1\n|\n|upkeep\n|turn|37\n|\n|t:|1784489820\n|move|p1a: Alakazam|Psychic|p2a: Chansey\n|-damage|p2a: Chansey|7/100 par\n|move|p2a: Chansey|Soft-Boiled|p2a: Chansey\n|-heal|p2a: Chansey|57/100 par\n|\n|upkeep\n|turn|38\n|\n|t:|1784489834\n|move|p1a: Alakazam|Psychic|p2a: Chansey\n|-crit|p2a: Chansey\n|-damage|p2a: Chansey|24/100 par\n|move|p2a: Chansey|Soft-Boiled|p2a: Chansey\n|-heal|p2a: Chansey|74/100 par\n|\n|upkeep\n|turn|39\n|\n|t:|1784489844\n|switch|p1a: Snorlax|Snorlax|40/100\n|move|p2a: Chansey|Thunder Wave|p1a: Snorlax\n|-status|p1a: Snorlax|par\n|\n|upkeep\n|turn|40\n|inactive|Nails has 240 seconds left.\n|inactive|Nails has 210 seconds left.\n|\n|t:|1784489900\n|switch|p2a: Tauros|Tauros|100/100\n|move|p1a: Snorlax|Rest|p1a: Snorlax\n|-status|p1a: Snorlax|slp|[from] move: Rest\n|-heal|p1a: Snorlax|100/100 slp|[silent]\n|\n|upkeep\n|turn|41\n|\n|t:|1784489913\n|move|p2a: Tauros|Body Slam|p1a: Snorlax\n|-damage|p1a: Snorlax|75/100 slp\n|cant|p1a: Snorlax|slp\n|\n|upkeep\n|turn|42\n|inactive|Peasounay has 270 seconds left.\n|\n|t:|1784489963\n|move|p2a: Tauros|Body Slam|p1a: Snorlax\n|-damage|p1a: Snorlax|50/100 slp\n|-curestatus|p1a: Snorlax|slp|[msg]\n|\n|upkeep\n|turn|43\n|inactive|Nails has 210 seconds left.\n|inactive|Nails has 180 seconds left.\n|\n|t:|1784490017\n|switch|p2a: Rhydon|Rhydon|77/100 par\n|move|p1a: Snorlax|Body Slam|p2a: Rhydon\n|-resisted|p2a: Rhydon\n|-damage|p2a: Rhydon|66/100 par\n|\n|upkeep\n|turn|44\n|inactive|Nails has 180 seconds left.\n|\n|t:|1784490029\n|switch|p2a: Cloyster|Cloyster|100/100\n|move|p1a: Snorlax|Reflect|p1a: Snorlax\n|-start|p1a: Snorlax|Reflect\n|\n|upkeep\n|turn|45\n|\n|t:|1784490040\n|switch|p1a: Starmie|Starmie|95/100 slp\n|move|p2a: Cloyster|Clamp|p1a: Starmie\n|-resisted|p1a: Starmie\n|-damage|p1a: Starmie|90/100 slp\n|\n|upkeep\n|turn|46\n|inactive|Nails has 180 seconds left.\n|\n|t:|1784490056\n|switch|p1a: Alakazam|Alakazam|100/100\n|switch|p2a: Tauros|Tauros|100/100\n|\n|upkeep\n|turn|47\n|inactive|Nails has 180 seconds left.\n|\n|t:|1784490070\n|switch|p2a: Chansey|Chansey|74/100 par\n|move|p1a: Alakazam|Psychic|p2a: Chansey\n|-damage|p2a: Chansey|56/100 par\n|\n|upkeep\n|turn|48\n|inactive|Nails has 180 seconds left.\n|\n|t:|1784490085\n|switch|p1a: Snorlax|Snorlax|50/100\n|move|p2a: Chansey|Thunder Wave|p1a: Snorlax\n|-status|p1a: Snorlax|par\n|\n|upkeep\n|turn|49\n|inactive|Nails has 180 seconds left.\n|\n|t:|1784490109\n|switch|p2a: Rhydon|Rhydon|66/100 par\n|move|p1a: Snorlax|Body Slam|p2a: Rhydon\n|-resisted|p2a: Rhydon\n|-damage|p2a: Rhydon|55/100 par\n|\n|upkeep\n|turn|50\n|inactive|Nails has 180 seconds left.\n|\n|t:|1784490115\n|switch|p1a: Exeggutor|Exeggutor|75/100\n|cant|p2a: Rhydon|par\n|\n|upkeep\n|turn|51\n|inactive|Peasounay has 270 seconds left.\n|inactive|Nails has 180 seconds left.\n|\n|t:|1784490126\n|switch|p2a: Chansey|Chansey|56/100 par\n|move|p1a: Exeggutor|Psychic|p2a: Chansey\n|-damage|p2a: Chansey|37/100 par\n|\n|upkeep\n|turn|52\n|\n|t:|1784490136\n|move|p1a: Exeggutor|Psychic|p2a: Chansey\n|-damage|p2a: Chansey|19/100 par\n|move|p2a: Chansey|Soft-Boiled|p2a: Chansey\n|-heal|p2a: Chansey|69/100 par\n|\n|upkeep\n|turn|53\n|\n|t:|1784490148\n|switch|p1a: Snorlax|Snorlax|50/100 par\n|move|p2a: Chansey|Thunder Wave|p1a: Snorlax\n|-fail|p1a: Snorlax|par\n|\n|upkeep\n|turn|54\n|\n|t:|1784490163\n|switch|p2a: Rhydon|Rhydon|55/100 par\n|move|p1a: Snorlax|Rest|p1a: Snorlax\n|-status|p1a: Snorlax|slp|[from] move: Rest\n|-heal|p1a: Snorlax|100/100 slp|[silent]\n|\n|upkeep\n|turn|55\n|\n|t:|1784490169\n|cant|p2a: Rhydon|par\n|cant|p1a: Snorlax|slp\n|\n|upkeep\n|turn|56\n|\n|t:|1784490178\n|move|p2a: Rhydon|Earthquake|p1a: Snorlax\n|-damage|p1a: Snorlax|64/100 slp\n|-curestatus|p1a: Snorlax|slp|[msg]\n|\n|upkeep\n|turn|57\n|\n|t:|1784490195\n|switch|p1a: Exeggutor|Exeggutor|75/100\n|move|p2a: Rhydon|Earthquake|p1a: Exeggutor\n|-resisted|p1a: Exeggutor\n|-damage|p1a: Exeggutor|54/100\n|\n|upkeep\n|turn|58\n|\n|t:|1784490202\n|switch|p2a: Chansey|Chansey|69/100 par\n|move|p1a: Exeggutor|Psychic|p2a: Chansey\n|-damage|p2a: Chansey|52/100 par\n|\n|upkeep\n|turn|59\n|inactive|Nails has 210 seconds left.\n|\n|t:|1784490218\n|switch|p1a: Snorlax|Snorlax|64/100\n|switch|p2a: Snorlax|Snorlax|81/100 frz\n|\n|upkeep\n|turn|60\n|\n|t:|1784490225\n|switch|p2a: Cloyster|Cloyster|100/100\n|move|p1a: Snorlax|Body Slam|p2a: Cloyster\n|-damage|p2a: Cloyster|79/100\n|\n|upkeep\n|turn|61\n|inactive|Nails has 210 seconds left.\n|\n|t:|1784490239\n|switch|p2a: Tauros|Tauros|100/100\n|switch|p1a: Starmie|Starmie|90/100 slp\n|\n|upkeep\n|turn|62\n|\n|t:|1784490264\n|-curestatus|p1a: Starmie|slp|[msg]\n|move|p2a: Tauros|Body Slam|p1a: Starmie\n|-damage|p1a: Starmie|57/100\n|\n|upkeep\n|turn|63\n|c|☆Nails|fuck!\n|inactive|Nails has 210 seconds left.\n|\n|t:|1784490305\n|switch|p2a: Chansey|Chansey|52/100 par\n|move|p1a: Starmie|Recover|p1a: Starmie\n|-heal|p1a: Starmie|100/100\n|\n|upkeep\n|turn|64\n|inactive|Peasounay has 270 seconds left.\n|inactive|Peasounay has 240 seconds left.\n|\n|t:|1784490382\n|switch|p1a: Snorlax|Snorlax|64/100\n|move|p2a: Chansey|Soft-Boiled|p2a: Chansey\n|-heal|p2a: Chansey|100/100 par\n|\n|upkeep\n|turn|65\n|inactive|Nails has 180 seconds left.\n|\n|t:|1784490410\n|move|p1a: Snorlax|Body Slam|p2a: Chansey\n|-damage|p2a: Chansey|62/100 par\n|move|p2a: Chansey|Thunder Wave|p1a: Snorlax\n|-status|p1a: Snorlax|par\n|\n|upkeep\n|turn|66\n|inactive|Nails has 180 seconds left.\n|\n|t:|1784490421\n|switch|p2a: Rhydon|Rhydon|55/100 par\n|move|p1a: Snorlax|Body Slam|p2a: Rhydon\n|-resisted|p2a: Rhydon\n|-damage|p2a: Rhydon|45/100 par\n|\n|upkeep\n|turn|67\n|\n|t:|1784490427\n|switch|p1a: Exeggutor|Exeggutor|54/100\n|move|p2a: Rhydon|Rock Slide|p1a: Exeggutor\n|-damage|p1a: Exeggutor|25/100\n|\n|upkeep\n|turn|68\n|\n|t:|1784490437\n|switch|p2a: Chansey|Chansey|62/100 par\n|move|p1a: Exeggutor|Psychic|p2a: Chansey\n|-damage|p2a: Chansey|44/100 par\n|-unboost|p2a: Chansey|spa|1\n|-unboost|p2a: Chansey|spd|1\n|\n|upkeep\n|turn|69\n|inactive|Peasounay has 240 seconds left.\n|\n|t:|1784490453\n|switch|p2a: Snorlax|Snorlax|81/100 frz\n|move|p1a: Exeggutor|Psychic|p2a: Snorlax\n|-damage|p2a: Snorlax|51/100 frz\n|\n|upkeep\n|turn|70\n|c|+oakdeon|go mon peas\n|\n|t:|1784490460\n|move|p1a: Exeggutor|Psychic|p2a: Snorlax\n|-damage|p2a: Snorlax|18/100 frz\n|cant|p2a: Snorlax|frz\n|\n|upkeep\n|turn|71\n|inactive|Peasounay has 240 seconds left.\n|\n|t:|1784490474\n|switch|p1a: Tauros|Tauros|100/100\n|cant|p2a: Snorlax|frz\n|\n|upkeep\n|turn|72\n|\n|t:|1784490479\n|move|p1a: Tauros|Body Slam|p2a: Snorlax\n|-damage|p2a: Snorlax|0 fnt\n|faint|p2a: Snorlax\n|inactive|Nails has 210 seconds left.\n|\n|t:|1784490494\n|switch|p2a: Cloyster|Cloyster|79/100\n|turn|73\n|\n|t:|1784490498\n|switch|p1a: Chansey|Chansey|72/100 par\n|move|p2a: Cloyster|Blizzard|p1a: Chansey\n|-damage|p1a: Chansey|55/100 par\n|\n|upkeep\n|turn|74\n|inactive|Peasounay has 270 seconds left.\n|\n|t:|1784490510\n|move|p2a: Cloyster|Clamp|p1a: Chansey|[miss]\n|-miss|p2a: Cloyster\n|move|p1a: Chansey|Soft-Boiled|p1a: Chansey\n|-heal|p1a: Chansey|100/100 par\n|\n|upkeep\n|turn|75\n|\n|t:|1784490519\n|switch|p2a: Chansey|Chansey|44/100 par\n|move|p1a: Chansey|Thunderbolt|p2a: Chansey\n|-crit|p2a: Chansey\n|-damage|p2a: Chansey|23/100 par\n|\n|upkeep\n|turn|76\n|\n|t:|1784490531\n|switch|p1a: Snorlax|Snorlax|64/100 par\n|cant|p2a: Chansey|par\n|\n|upkeep\n|turn|77\n|\n|t:|1784490541\n|switch|p2a: Rhydon|Rhydon|45/100 par\n|cant|p1a: Snorlax|par\n|\n|upkeep\n|turn|78\n|inactive|Nails has 240 seconds left.\n|\n|t:|1784490555\n|switch|p1a: Starmie|Starmie|100/100\n|move|p2a: Rhydon|Earthquake|p1a: Starmie\n|-damage|p1a: Starmie|53/100\n|\n|upkeep\n|turn|79\n|inactive|Nails has 240 seconds left.\n|\n|t:|1784490567\n|move|p1a: Starmie|Blizzard|p2a: Rhydon\n|-supereffective|p2a: Rhydon\n|-damage|p2a: Rhydon|0 fnt\n|faint|p2a: Rhydon\n|\n|t:|1784490571\n|switch|p2a: Chansey|Chansey|23/100 par\n|turn|80\n|\n|t:|1784490583\n|switch|p1a: Exeggutor|Exeggutor|25/100\n|move|p2a: Chansey|Soft-Boiled|p2a: Chansey\n|-heal|p2a: Chansey|73/100 par\n|\n|upkeep\n|turn|81\n|inactive|Peasounay has 270 seconds left.\n|\n|t:|1784490631\n|switch|p2a: Starmie|Starmie|11/100 slp\n|move|p1a: Exeggutor|Explosion|p2a: Starmie\n|-damage|p2a: Starmie|0 fnt\n|faint|p2a: Starmie\n|faint|p1a: Exeggutor\n|\n|t:|1784490650\n|switch|p2a: Chansey|Chansey|73/100 par\n|switch|p1a: Alakazam|Alakazam|100/100\n|turn|82\n|inactive|Nails has 240 seconds left.\n|\n|t:|1784490676\n|switch|p1a: Snorlax|Snorlax|64/100 par\n|switch|p2a: Cloyster|Cloyster|79/100\n|\n|upkeep\n|turn|83\n|\n|t:|1784490685\n|move|p2a: Cloyster|Clamp|p1a: Snorlax|[miss]\n|-miss|p2a: Cloyster\n|move|p1a: Snorlax|Self-Destruct|p2a: Cloyster\n|-damage|p2a: Cloyster|12/100\n|faint|p1a: Snorlax\n|\n|t:|1784490690\n|switch|p1a: Tauros|Tauros|100/100\n|turn|84\n|inactive|Nails has 240 seconds left.\n|\n|t:|1784490727\n|move|p1a: Tauros|Body Slam|p2a: Cloyster\n|-damage|p2a: Cloyster|0 fnt\n|faint|p2a: Cloyster\n|\n|t:|1784490732\n|switch|p2a: Tauros|Tauros|100/100\n|turn|85\n|\n|t:|1784490742\n|move|p1a: Tauros|Body Slam|p2a: Tauros\n|-damage|p2a: Tauros|71/100\n|move|p2a: Tauros|Blizzard|p1a: Tauros\n|-damage|p1a: Tauros|73/100\n|\n|upkeep\n|turn|86\n|\n|t:|1784490750\n|move|p1a: Tauros|Body Slam|p2a: Tauros\n|-crit|p2a: Tauros\n|-damage|p2a: Tauros|12/100\n|move|p2a: Tauros|Blizzard|p1a: Tauros\n|-damage|p1a: Tauros|45/100\n|\n|upkeep\n|turn|87\n|\n|t:|1784490756\n|move|p1a: Tauros|Body Slam|p2a: Tauros\n|-damage|p2a: Tauros|0 fnt\n|faint|p2a: Tauros\n|-message|Nails forfeited.\n|\n|win|Peasounay\n|c|☆Nails|gg\n|c|☆Peasounay|gg\n|player|p2|\n|player|p1|\n","uploadtime":1784490758,"views":"89","formatid":"gen1ou","rating":null,"private":0,"password":null}