{"id":"smogtours-gen1ou-963411","format":"[Gen 1] OU","players":["violet river","Nails"],"log":"|inactive|Battle timer is ON: inactive players will automatically lose when time's up.\n|t:|1786673104\n|gametype|singles\n|player|p1|violet river|#advplvi|\n|player|p2|Nails|#scl2terrors|\n|gen|1\n|tier|[Gen 1] OU\n|rule|Desync Clause Mod: Desyncs resolve to link battle behavior from the acting player's perspective.\n|rule|HP Percentage Mod: HP is shown in percentages\n|rule|Endless Battle Clause: Forcing endless battles is banned\n|rule|Sleep Clause Mod: Limit one foe put to sleep\n|rule|Freeze Clause Mod: Limit one foe frozen\n|rule|Species Clause: Limit one of each Pokémon\n|rule|OHKO Clause: OHKO moves are banned\n|rule|Evasion Moves Clause: Evasion moves are banned\n|\n|t:|1786673104\n|teamsize|p1|6\n|teamsize|p2|6\n|start\n|switch|p1a: Starmie|Starmie|100/100\n|switch|p2a: Starmie|Starmie|100/100\n|turn|1\n|c|☆Nails|hf\n|c|☆violet river|==\n|inactive|Nails has 270 seconds left.\n|\n|t:|1786673137\n|switch|p2a: Exeggutor|Exeggutor|100/100\n|move|p1a: Starmie|Blizzard|p2a: Exeggutor\n|-supereffective|p2a: Exeggutor\n|-damage|p2a: Exeggutor|63/100\n|\n|upkeep\n|turn|2\n|\n|t:|1786673152\n|move|p1a: Starmie|Blizzard|p2a: Exeggutor\n|-supereffective|p2a: Exeggutor\n|-damage|p2a: Exeggutor|19/100\n|move|p2a: Exeggutor|Sleep Powder|p1a: Starmie\n|-status|p1a: Starmie|slp|[from] move: Sleep Powder\n|\n|upkeep\n|turn|3\n|inactive|Nails has 270 seconds left.\n|\n|t:|1786673185\n|cant|p1a: Starmie|slp\n|move|p2a: Exeggutor|Psychic|p1a: Starmie\n|-resisted|p1a: Starmie\n|-damage|p1a: Starmie|80/100 slp\n|\n|upkeep\n|turn|4\n|inactive|Nails has 270 seconds left.\n|\n|t:|1786673205\n|cant|p1a: Starmie|slp\n|move|p2a: Exeggutor|Explosion|p1a: Starmie\n|-damage|p1a: Starmie|0 fnt\n|faint|p1a: Starmie\n|faint|p2a: Exeggutor\n|\n|t:|1786673214\n|switch|p1a: Exeggutor|Exeggutor|100/100\n|switch|p2a: Starmie|Starmie|100/100\n|turn|5\n|\n|t:|1786673217\n|move|p2a: Starmie|Thunder Wave|p1a: Exeggutor\n|-status|p1a: Exeggutor|par\n|move|p1a: Exeggutor|Sleep Powder|p2a: Starmie\n|-status|p2a: Starmie|slp|[from] move: Sleep Powder\n|\n|upkeep\n|turn|6\n|\n|t:|1786673221\n|cant|p2a: Starmie|slp\n|move|p1a: Exeggutor|Stun Spore|p2a: Starmie|[miss]\n|-miss|p1a: Exeggutor\n|\n|upkeep\n|turn|7\n|\n|t:|1786673229\n|switch|p2a: Chansey|Chansey|100/100\n|switch|p1a: Chansey|Chansey|100/100\n|\n|upkeep\n|turn|8\n|\n|t:|1786673233\n|switch|p1a: Exeggutor|Exeggutor|100/100 par\n|move|p2a: Chansey|Ice Beam|p1a: Exeggutor\n|-supereffective|p1a: Exeggutor\n|-damage|p1a: Exeggutor|69/100 par\n|\n|upkeep\n|turn|9\n|\n|t:|1786673251\n|move|p2a: Chansey|Ice Beam|p1a: Exeggutor\n|-supereffective|p1a: Exeggutor\n|-damage|p1a: Exeggutor|36/100 par\n|move|p1a: Exeggutor|Stun Spore|p2a: Chansey|[miss]\n|-miss|p1a: Exeggutor\n|\n|upkeep\n|turn|10\n|\n|t:|1786673254\n|switch|p2a: Starmie|Starmie|100/100 slp\n|move|p1a: Exeggutor|Explosion|p2a: Starmie\n|-damage|p2a: Starmie|35/100 slp\n|faint|p1a: Exeggutor\n|\n|t:|1786673256\n|switch|p1a: Tauros|Tauros|100/100\n|turn|11\n|c|☆Nails|um\n|c|☆Nails|u forgot some points\n|c|☆violet river|um\n|c|☆violet river|oh\n|c|☆violet river|i see.\n|inactive|Nails has 270 seconds left.\n|c|☆violet river|LOL\n|c|☆Nails|now i have to decide if i want that to matter\n|c|☆violet river|u can wake rn and live slam \n|inactive|Nails has 240 seconds left.\n|c|☆violet river|assuming there is no go\n|c|☆violet river|d\n|\n|t:|1786673322\n|cant|p2a: Starmie|slp\n|move|p1a: Tauros|Body Slam|p2a: Starmie\n|-crit|p2a: Starmie\n|-damage|p2a: Starmie|0 fnt\n|faint|p2a: Starmie\n|c|☆violet river|praise be.\n|\n|t:|1786673334\n|switch|p2a: Chansey|Chansey|100/100\n|turn|12\n|\n|t:|1786673354\n|switch|p1a: Chansey|Chansey|100/100\n|move|p2a: Chansey|Thunder Wave|p1a: Chansey\n|-status|p1a: Chansey|par\n|\n|upkeep\n|turn|13\n|\n|t:|1786673363\n|switch|p2a: Snorlax|Snorlax|100/100\n|move|p1a: Chansey|Thunderbolt|p2a: Snorlax\n|-damage|p2a: Snorlax|82/100\n|\n|upkeep\n|turn|14\n|\n|t:|1786673370\n|move|p2a: Snorlax|Body Slam|p1a: Chansey\n|-damage|p1a: Chansey|62/100 par\n|move|p1a: Chansey|Counter|p2a: Snorlax\n|-damage|p2a: Snorlax|0 fnt\n|faint|p2a: Snorlax\n|c|+ThatOneApple|the fact that there isnt evidence of there not being god does not prove that one exists, watch as the horrors ensure...\n|c|☆Nails|drats\n|\n|t:|1786673378\n|switch|p2a: Tauros|Tauros|100/100\n|turn|15\n|c|☆violet river|6pek ct\n|c|+ThatOneApple|ensue. dammit \n|\n|t:|1786673389\n|switch|p1a: Snorlax|Snorlax|100/100\n|move|p2a: Tauros|Body Slam|p1a: Snorlax\n|-damage|p1a: Snorlax|75/100\n|\n|upkeep\n|turn|16\n|\n|t:|1786673393\n|move|p2a: Tauros|Body Slam|p1a: Snorlax\n|-damage|p1a: Snorlax|51/100\n|move|p1a: Snorlax|Body Slam|p2a: Tauros\n|-damage|p2a: Tauros|71/100\n|\n|upkeep\n|turn|17\n|\n|t:|1786673396\n|move|p2a: Tauros|Body Slam|p1a: Snorlax\n|-damage|p1a: Snorlax|26/100\n|move|p1a: Snorlax|Self-Destruct|p2a: Tauros\n|-damage|p2a: Tauros|0 fnt\n|faint|p2a: Tauros\n|faint|p1a: Snorlax\n|\n|t:|1786673403\n|switch|p2a: Alakazam|Alakazam|100/100\n|switch|p1a: Chansey|Chansey|62/100 par\n|turn|18\n|\n|t:|1786673407\n|move|p2a: Alakazam|Psychic|p1a: Chansey\n|-crit|p1a: Chansey\n|-damage|p1a: Chansey|28/100 par\n|cant|p1a: Chansey|par\n|\n|upkeep\n|turn|19\n|\n|t:|1786673409\n|move|p2a: Alakazam|Psychic|p1a: Chansey\n|-crit|p1a: Chansey\n|-damage|p1a: Chansey|0 fnt\n|faint|p1a: Chansey\n|c|☆violet river|drats\n|c|☆Nails|based\n|\n|t:|1786673416\n|switch|p1a: Tauros|Tauros|100/100\n|turn|20\n|\n|t:|1786673420\n|move|p2a: Alakazam|Thunder Wave|p1a: Tauros\n|-status|p1a: Tauros|par\n|move|p1a: Tauros|Body Slam|p2a: Alakazam\n|-damage|p2a: Alakazam|52/100\n|-status|p2a: Alakazam|par\n|\n|upkeep\n|turn|21\n|\n|t:|1786673428\n|switch|p2a: Chansey|Chansey|100/100\n|cant|p1a: Tauros|par\n|\n|upkeep\n|turn|22\n|\n|t:|1786673436\n|switch|p1a: Cloyster|Cloyster|100/100\n|move|p2a: Chansey|Thunderbolt|p1a: Cloyster\n|-supereffective|p1a: Cloyster\n|-damage|p1a: Cloyster|40/100\n|\n|upkeep\n|turn|23\n|\n|t:|1786673454\n|move|p1a: Cloyster|Explosion|p2a: Chansey\n|-damage|p2a: Chansey|5/100\n|faint|p1a: Cloyster\n|\n|t:|1786673455\n|switch|p1a: Tauros|Tauros|100/100 par\n|turn|24\n|\n|t:|1786673472\n|move|p2a: Chansey|Ice Beam|p1a: Tauros\n|-crit|p1a: Tauros\n|-damage|p1a: Tauros|50/100 par\n|move|p1a: Tauros|Hyper Beam|p2a: Chansey\n|-damage|p2a: Chansey|0 fnt\n|faint|p2a: Chansey\n|\n|t:|1786673474\n|switch|p2a: Alakazam|Alakazam|52/100 par\n|turn|25\n|\n|t:|1786673492\n|move|p2a: Alakazam|Recover|p2a: Alakazam\n|-heal|p2a: Alakazam|100/100 par\n|cant|p1a: Tauros|par\n|\n|upkeep\n|turn|26\n|\n|t:|1786673499\n|move|p2a: Alakazam|Psychic|p1a: Tauros\n|-damage|p1a: Tauros|0 fnt\n|faint|p1a: Tauros\n|\n|win|Nails\n|c|☆violet river|gg.\n|c|☆Nails|gg\n|player|p1|\n","uploadtime":1786673499,"views":"110","formatid":"gen1ou","rating":null,"private":0,"password":null}