{"id":"smogtours-gen1ou-962755","format":"[Gen 1] OU","players":["Serpi n_n","oligen1"],"log":"|inactive|Battle timer is ON: inactive players will automatically lose when time's up.\n|t:|1786305254\n|gametype|singles\n|player|p1|Serpi n_n|#rbywc2023|\n|player|p2|oligen1|blue-gen1rbtwo|\n|gen|1\n|tier|[Gen 1] OU\n|rule|Desync Clause Mod: Desyncs resolve to link battle behavior from the acting player's perspective.\n|rule|HP Percentage Mod: HP is shown in percentages\n|rule|Endless Battle Clause: Forcing endless battles is banned\n|rule|Sleep Clause Mod: Limit one foe put to sleep\n|rule|Freeze Clause Mod: Limit one foe frozen\n|rule|Species Clause: Limit one of each Pokémon\n|rule|OHKO Clause: OHKO moves are banned\n|rule|Evasion Moves Clause: Evasion moves are banned\n|\n|t:|1786305254\n|teamsize|p1|6\n|teamsize|p2|6\n|start\n|switch|p1a: Jynx|Jynx|100/100\n|switch|p2a: Alakazam|Alakazam|100/100\n|turn|1\n|inactive|oligen1 also wants the timer to be on.\n|c|☆Serpi n_n|hf\n|c|☆oligen1|Enjoy :-)\n|\n|t:|1786305265\n|move|p2a: Alakazam|Thunder Wave|p1a: Jynx\n|-status|p1a: Jynx|par\n|move|p1a: Jynx|Lovely Kiss|p2a: Alakazam\n|-status|p2a: Alakazam|slp|[from] move: Lovely Kiss\n|\n|upkeep\n|turn|2\n|\n|t:|1786305275\n|switch|p2a: Cloyster|Cloyster|100/100\n|move|p1a: Jynx|Blizzard|p2a: Cloyster\n|-resisted|p2a: Cloyster\n|-damage|p2a: Cloyster|89/100\n|\n|upkeep\n|turn|3\n|\n|t:|1786305290\n|move|p2a: Cloyster|Clamp|p1a: Jynx\n|-damage|p1a: Jynx|88/100 par\n|cant|p1a: Jynx|partiallytrapped\n|\n|upkeep\n|turn|4\n|\n|t:|1786305305\n|switch|p2a: Exeggutor|Exeggutor|100/100\n|switch|p1a: Alakazam|Alakazam|100/100\n|\n|upkeep\n|turn|5\n|\n|t:|1786305316\n|move|p1a: Alakazam|Thunder Wave|p2a: Exeggutor\n|-status|p2a: Exeggutor|par\n|cant|p2a: Exeggutor|par\n|\n|upkeep\n|turn|6\n|\n|t:|1786305323\n|switch|p1a: Jynx|Jynx|88/100 par\n|switch|p2a: Snorlax|Snorlax|100/100\n|\n|upkeep\n|turn|7\n|\n|t:|1786305344\n|switch|p1a: Snorlax|Snorlax|100/100\n|move|p2a: Snorlax|Body Slam|p1a: Snorlax\n|-damage|p1a: Snorlax|72/100\n|\n|upkeep\n|turn|8\n|\n|t:|1786305350\n|move|p1a: Snorlax|Body Slam|p2a: Snorlax\n|-damage|p2a: Snorlax|72/100\n|move|p2a: Snorlax|Body Slam|p1a: Snorlax\n|-damage|p1a: Snorlax|45/100\n|\n|upkeep\n|turn|9\n|\n|t:|1786305361\n|switch|p2a: Cloyster|Cloyster|89/100\n|move|p1a: Snorlax|Body Slam|p2a: Cloyster\n|-damage|p2a: Cloyster|66/100\n|\n|upkeep\n|turn|10\n|inactive|Serpi n_n has 270 seconds left.\n|\n|t:|1786305389\n|switch|p1a: Jynx|Jynx|88/100 par\n|move|p2a: Cloyster|Blizzard|p1a: Jynx\n|-crit|p1a: Jynx\n|-resisted|p1a: Jynx\n|-damage|p1a: Jynx|50/100 par\n|\n|upkeep\n|turn|11\n|\n|t:|1786305404\n|move|p2a: Cloyster|Clamp|p1a: Jynx\n|-damage|p1a: Jynx|39/100 par\n|cant|p1a: Jynx|partiallytrapped\n|\n|upkeep\n|turn|12\n|\n|t:|1786305424\n|switch|p2a: Exeggutor|Exeggutor|100/100 par\n|switch|p1a: Cloyster|Cloyster|100/100\n|\n|upkeep\n|turn|13\n|\n|t:|1786305431\n|switch|p2a: Cloyster|Cloyster|66/100\n|move|p1a: Cloyster|Blizzard|p2a: Cloyster\n|-resisted|p2a: Cloyster\n|-damage|p2a: Cloyster|54/100\n|\n|upkeep\n|turn|14\n|\n|t:|1786305437\n|move|p2a: Cloyster|Rest|p2a: Cloyster\n|-status|p2a: Cloyster|slp|[from] move: Rest\n|-heal|p2a: Cloyster|100/100 slp|[silent]\n|move|p1a: Cloyster|Clamp|p2a: Cloyster\n|-crit|p2a: Cloyster\n|-resisted|p2a: Cloyster\n|-damage|p2a: Cloyster|87/100 slp\n|\n|upkeep\n|turn|15\n|\n|t:|1786305448\n|switch|p1a: Alakazam|Alakazam|100/100\n|cant|p2a: Cloyster|slp\n|\n|upkeep\n|turn|16\n|\n|t:|1786305454\n|switch|p2a: Chansey|Chansey|100/100\n|move|p1a: Alakazam|Seismic Toss|p2a: Chansey\n|-damage|p2a: Chansey|86/100\n|\n|upkeep\n|turn|17\n|\n|t:|1786305471\n|move|p1a: Alakazam|Seismic Toss|p2a: Chansey\n|-damage|p2a: Chansey|72/100\n|move|p2a: Chansey|Thunder Wave|p1a: Alakazam\n|-status|p1a: Alakazam|par\n|\n|upkeep\n|turn|18\n|\n|t:|1786305480\n|move|p2a: Chansey|Soft-Boiled|p2a: Chansey\n|-heal|p2a: Chansey|100/100\n|move|p1a: Alakazam|Seismic Toss|p2a: Chansey\n|-damage|p2a: Chansey|86/100\n|\n|upkeep\n|turn|19\n|\n|t:|1786305494\n|move|p2a: Chansey|Ice Beam|p1a: Alakazam\n|-damage|p1a: Alakazam|79/100 par\n|move|p1a: Alakazam|Seismic Toss|p2a: Chansey\n|-damage|p2a: Chansey|72/100\n|\n|upkeep\n|turn|20\n|\n|t:|1786305505\n|move|p2a: Chansey|Soft-Boiled|p2a: Chansey\n|-heal|p2a: Chansey|100/100\n|move|p1a: Alakazam|Thunder Wave|p2a: Chansey\n|-status|p2a: Chansey|par\n|\n|upkeep\n|turn|21\n|\n|t:|1786305514\n|cant|p1a: Alakazam|par\n|move|p2a: Chansey|Ice Beam|p1a: Alakazam\n|-damage|p1a: Alakazam|58/100 par\n|\n|upkeep\n|turn|22\n|\n|t:|1786305520\n|cant|p1a: Alakazam|par\n|move|p2a: Chansey|Ice Beam|p1a: Alakazam\n|-damage|p1a: Alakazam|38/100 par\n|\n|upkeep\n|turn|23\n|\n|t:|1786305529\n|move|p1a: Alakazam|Recover|p1a: Alakazam\n|-heal|p1a: Alakazam|87/100 par\n|move|p2a: Chansey|Ice Beam|p1a: Alakazam\n|-damage|p1a: Alakazam|66/100 par\n|\n|upkeep\n|turn|24\n|\n|t:|1786305536\n|move|p1a: Alakazam|Psychic|p2a: Chansey\n|-damage|p2a: Chansey|84/100 par\n|move|p2a: Chansey|Ice Beam|p1a: Alakazam\n|-damage|p1a: Alakazam|47/100 par\n|\n|upkeep\n|turn|25\n|\n|t:|1786305542\n|switch|p2a: Snorlax|Snorlax|72/100\n|move|p1a: Alakazam|Recover|p1a: Alakazam\n|-heal|p1a: Alakazam|97/100 par\n|\n|upkeep\n|turn|26\n|\n|t:|1786305548\n|switch|p1a: Cloyster|Cloyster|100/100\n|move|p2a: Snorlax|Body Slam|p1a: Cloyster\n|-damage|p1a: Cloyster|76/100\n|-status|p1a: Cloyster|par\n|\n|upkeep\n|turn|27\n|\n|t:|1786305569\n|switch|p2a: Cloyster|Cloyster|87/100 slp\n|switch|p1a: Alakazam|Alakazam|97/100 par\n|\n|upkeep\n|turn|28\n|\n|t:|1786305586\n|switch|p2a: Exeggutor|Exeggutor|100/100 par\n|move|p1a: Alakazam|Psychic|p2a: Exeggutor\n|-resisted|p2a: Exeggutor\n|-damage|p2a: Exeggutor|87/100 par\n|\n|upkeep\n|turn|29\n|\n|t:|1786305592\n|switch|p2a: Snorlax|Snorlax|72/100\n|move|p1a: Alakazam|Seismic Toss|p2a: Snorlax\n|-damage|p2a: Snorlax|53/100\n|\n|upkeep\n|turn|30\n|\n|t:|1786305608\n|switch|p1a: Cloyster|Cloyster|76/100 par\n|move|p2a: Snorlax|Body Slam|p1a: Cloyster\n|-damage|p1a: Cloyster|55/100 par\n|\n|upkeep\n|turn|31\n|\n|t:|1786305626\n|move|p2a: Snorlax|Body Slam|p1a: Cloyster\n|-damage|p1a: Cloyster|33/100 par\n|move|p1a: Cloyster|Rest|p1a: Cloyster\n|-status|p1a: Cloyster|slp|[from] move: Rest\n|-heal|p1a: Cloyster|100/100 slp|[silent]\n|\n|upkeep\n|turn|32\n|\n|t:|1786305633\n|move|p2a: Snorlax|Body Slam|p1a: Cloyster\n|-damage|p1a: Cloyster|78/100 slp\n|cant|p1a: Cloyster|slp\n|\n|upkeep\n|turn|33\n|\n|t:|1786305638\n|move|p2a: Snorlax|Body Slam|p1a: Cloyster\n|-damage|p1a: Cloyster|54/100 slp\n|-curestatus|p1a: Cloyster|slp|[msg]\n|\n|upkeep\n|turn|34\n|inactive|Serpi n_n has 270 seconds left.\n|\n|t:|1786305697\n|move|p2a: Snorlax|Body Slam|p1a: Cloyster\n|-damage|p1a: Cloyster|31/100\n|-status|p1a: Cloyster|par\n|cant|p1a: Cloyster|par\n|\n|upkeep\n|turn|35\n|inactive|Serpi n_n has 240 seconds left.\n|\n|t:|1786305717\n|move|p2a: Snorlax|Body Slam|p1a: Cloyster\n|-crit|p1a: Cloyster\n|-damage|p1a: Cloyster|0 fnt\n|faint|p1a: Cloyster\n|inactive|Serpi n_n has 240 seconds left.\n|\n|t:|1786305734\n|switch|p1a: Exeggutor|Exeggutor|100/100\n|turn|36\n|\n|t:|1786305744\n|switch|p2a: Chansey|Chansey|84/100 par\n|move|p1a: Exeggutor|Psychic|p2a: Chansey\n|-crit|p2a: Chansey\n|-damage|p2a: Chansey|53/100 par\n|\n|upkeep\n|turn|37\n|\n|t:|1786305754\n|switch|p1a: Snorlax|Snorlax|45/100\n|move|p2a: Chansey|Soft-Boiled|p2a: Chansey\n|-heal|p2a: Chansey|100/100 par\n|\n|upkeep\n|turn|38\n|\n|t:|1786305760\n|switch|p2a: Cloyster|Cloyster|87/100 slp\n|move|p1a: Snorlax|Body Slam|p2a: Cloyster\n|-damage|p2a: Cloyster|65/100 slp\n|\n|upkeep\n|turn|39\n|\n|t:|1786305765\n|-curestatus|p2a: Cloyster|slp|[msg]\n|move|p1a: Snorlax|Body Slam|p2a: Cloyster\n|-damage|p2a: Cloyster|43/100\n|\n|upkeep\n|turn|40\n|inactive|Serpi n_n has 270 seconds left.\n|\n|t:|1786305774\n|switch|p1a: Alakazam|Alakazam|97/100 par\n|move|p2a: Cloyster|Blizzard|p1a: Alakazam\n|-damage|p1a: Alakazam|67/100 par\n|\n|upkeep\n|turn|41\n|inactive|Serpi n_n has 270 seconds left.\n|inactive|oligen1 has 270 seconds left.\n|\n|t:|1786305808\n|move|p2a: Cloyster|Explosion|p1a: Alakazam\n|-crit|p1a: Alakazam\n|-damage|p1a: Alakazam|0 fnt\n|faint|p1a: Alakazam\n|faint|p2a: Cloyster\n|inactive|Serpi n_n has 270 seconds left.\n|inactive|oligen1 has 270 seconds left.\n|inactive|Serpi n_n has 240 seconds left.\n|inactive|Serpi n_n has 210 seconds left.\n|\n|t:|1786305882\n|switch|p2a: Exeggutor|Exeggutor|87/100 par\n|switch|p1a: Jynx|Jynx|39/100 par\n|turn|42\n|inactive|Serpi n_n has 210 seconds left.\n|\n|t:|1786305891\n|switch|p1a: Snorlax|Snorlax|45/100\n|move|p2a: Exeggutor|Sleep Powder|p1a: Snorlax\n|-status|p1a: Snorlax|slp|[from] move: Sleep Powder\n|\n|upkeep\n|turn|43\n|inactive|Serpi n_n has 210 seconds left.\n|\n|t:|1786305905\n|switch|p1a: Jynx|Jynx|39/100 par\n|move|p2a: Exeggutor|Psychic|p1a: Jynx\n|-resisted|p1a: Jynx\n|-damage|p1a: Jynx|19/100 par\n|-unboost|p1a: Jynx|spa|1\n|-unboost|p1a: Jynx|spd|1\n|\n|upkeep\n|turn|44\n|inactive|oligen1 has 270 seconds left.\n|inactive|Serpi n_n has 210 seconds left.\n|\n|t:|1786305923\n|move|p2a: Exeggutor|Psychic|p1a: Jynx\n|-resisted|p1a: Jynx\n|-damage|p1a: Jynx|0 fnt\n|faint|p1a: Jynx\n|\n|t:|1786305932\n|switch|p1a: Exeggutor|Exeggutor|100/100\n|turn|45\n|\n|t:|1786305936\n|move|p1a: Exeggutor|Psychic|p2a: Exeggutor\n|-resisted|p2a: Exeggutor\n|-damage|p2a: Exeggutor|73/100 par\n|move|p2a: Exeggutor|Stun Spore|p1a: Exeggutor\n|-status|p1a: Exeggutor|par\n|\n|upkeep\n|turn|46\n|\n|t:|1786305951\n|switch|p2a: Chansey|Chansey|100/100 par\n|move|p1a: Exeggutor|Psychic|p2a: Chansey\n|-damage|p2a: Chansey|84/100 par\n|-unboost|p2a: Chansey|spa|1\n|-unboost|p2a: Chansey|spd|1\n|\n|upkeep\n|turn|47\n|\n|t:|1786305959\n|move|p1a: Exeggutor|Psychic|p2a: Chansey\n|-damage|p2a: Chansey|57/100 par\n|cant|p2a: Chansey|par\n|\n|upkeep\n|turn|48\n|\n|t:|1786305964\n|move|p1a: Exeggutor|Psychic|p2a: Chansey\n|-crit|p2a: Chansey\n|-damage|p2a: Chansey|22/100 par\n|-unboost|p2a: Chansey|spa|1\n|-unboost|p2a: Chansey|spd|1\n|move|p2a: Chansey|Soft-Boiled|p2a: Chansey\n|-heal|p2a: Chansey|72/100 par\n|\n|upkeep\n|turn|49\n|\n|t:|1786305972\n|switch|p1a: Tauros|Tauros|100/100\n|move|p2a: Chansey|Soft-Boiled|p2a: Chansey\n|-heal|p2a: Chansey|100/100 par\n|\n|upkeep\n|turn|50\n|inactive|Serpi n_n has 240 seconds left.\n|\n|t:|1786305977\n|switch|p1a: Exeggutor|Exeggutor|100/100 par\n|move|p2a: Chansey|Counter|p1a: Exeggutor\n|-fail|p2a: Chansey\n|\n|upkeep\n|turn|51\n|inactive|Serpi n_n has 240 seconds left.\n|\n|t:|1786305989\n|switch|p2a: Exeggutor|Exeggutor|73/100 par\n|move|p1a: Exeggutor|Psychic|p2a: Exeggutor\n|-resisted|p2a: Exeggutor\n|-damage|p2a: Exeggutor|59/100 par\n|\n|upkeep\n|turn|52\n|inactive|Serpi n_n has 240 seconds left.\n|\n|t:|1786306003\n|move|p2a: Exeggutor|Psychic|p1a: Exeggutor\n|-resisted|p1a: Exeggutor\n|-damage|p1a: Exeggutor|87/100 par\n|move|p1a: Exeggutor|Psychic|p2a: Exeggutor\n|-resisted|p2a: Exeggutor\n|-damage|p2a: Exeggutor|46/100 par\n|\n|upkeep\n|turn|53\n|inactive|Serpi n_n has 240 seconds left.\n|\n|t:|1786306016\n|move|p2a: Exeggutor|Psychic|p1a: Exeggutor\n|-resisted|p1a: Exeggutor\n|-damage|p1a: Exeggutor|74/100 par\n|-unboost|p1a: Exeggutor|spa|1\n|-unboost|p1a: Exeggutor|spd|1\n|cant|p1a: Exeggutor|par\n|\n|upkeep\n|turn|54\n|inactive|Serpi n_n has 240 seconds left.\n|\n|t:|1786306034\n|switch|p1a: Snorlax|Snorlax|45/100 slp\n|move|p2a: Exeggutor|Psychic|p1a: Snorlax\n|-crit|p1a: Snorlax\n|-damage|p1a: Snorlax|0 fnt\n|faint|p1a: Snorlax\n|\n|t:|1786306036\n|switch|p1a: Tauros|Tauros|100/100\n|turn|55\n|inactive|oligen1 has 270 seconds left.\n|\n|t:|1786306069\n|switch|p2a: Alakazam|Alakazam|100/100 slp\n|move|p1a: Tauros|Body Slam|p2a: Alakazam\n|-damage|p2a: Alakazam|52/100 slp\n|\n|upkeep\n|turn|56\n|\n|t:|1786306077\n|cant|p2a: Alakazam|slp\n|move|p1a: Tauros|Hyper Beam|p2a: Alakazam\n|-damage|p2a: Alakazam|0 fnt\n|faint|p2a: Alakazam\n|\n|t:|1786306083\n|switch|p2a: Chansey|Chansey|100/100 par\n|turn|57\n|\n|t:|1786306100\n|switch|p1a: Exeggutor|Exeggutor|74/100 par\n|cant|p2a: Chansey|par\n|\n|upkeep\n|turn|58\n|inactive|Serpi n_n has 240 seconds left.\n|\n|t:|1786306140\n|move|p1a: Exeggutor|Psychic|p2a: Chansey\n|-damage|p2a: Chansey|83/100 par\n|cant|p2a: Chansey|par\n|\n|upkeep\n|turn|59\n|inactive|Serpi n_n has 210 seconds left.\n|\n|t:|1786306162\n|move|p1a: Exeggutor|Explosion|p2a: Chansey\n|-damage|p2a: Chansey|0 fnt\n|faint|p2a: Chansey\n|faint|p1a: Exeggutor\n|\n|t:|1786306167\n|switch|p1a: Tauros|Tauros|100/100\n|switch|p2a: Snorlax|Snorlax|53/100\n|turn|60\n|inactive|Serpi n_n has 210 seconds left.\n|inactive|Serpi n_n has 180 seconds left.\n|\n|t:|1786306237\n|move|p1a: Tauros|Hyper Beam|p2a: Snorlax|[miss]\n|-miss|p1a: Tauros\n|move|p2a: Snorlax|Self-Destruct|p1a: Tauros\n|-damage|p1a: Tauros|3/100\n|faint|p2a: Snorlax\n|\n|t:|1786306243\n|switch|p2a: Tauros|Tauros|100/100\n|turn|61\n|\n|t:|1786306246\n|move|p1a: Tauros|Hyper Beam|p2a: Tauros\n|-damage|p2a: Tauros|53/100\n|-mustrecharge|p1a: Tauros\n|move|p2a: Tauros|Body Slam|p1a: Tauros\n|-damage|p1a: Tauros|0 fnt\n|faint|p1a: Tauros\n|\n|win|oligen1\n|c|☆Serpi n_n|ggs\n|c|☆oligen1|ggs wp sorry for the luck\n|player|p1|\n","uploadtime":1786306246,"views":"126","formatid":"gen1ou","rating":null,"private":0,"password":null}