{"id":"smogtours-gen1ou-961909","format":"[Gen 1] OU","players":["wooooo rby","Nails"],"log":"|inactive|Battle timer is ON: inactive players will automatically lose when time's up.\n|t:|1786040258\n|gametype|singles\n|player|p1|wooooo rby|lucas|\n|player|p2|Nails|#scl2terrors|\n|gen|1\n|tier|[Gen 1] OU\n|rule|Desync Clause Mod: Desyncs resolve to link battle behavior from the acting player's perspective.\n|rule|HP Percentage Mod: HP is shown in percentages\n|rule|Endless Battle Clause: Forcing endless battles is banned\n|rule|Sleep Clause Mod: Limit one foe put to sleep\n|rule|Freeze Clause Mod: Limit one foe frozen\n|rule|Species Clause: Limit one of each Pokémon\n|rule|OHKO Clause: OHKO moves are banned\n|rule|Evasion Moves Clause: Evasion moves are banned\n|\n|t:|1786040258\n|teamsize|p1|6\n|teamsize|p2|6\n|start\n|switch|p1a: Alakazam|Alakazam|100/100\n|switch|p2a: Jynx|Jynx|100/100\n|turn|1\n|c|☆Nails|hf\n|c|☆wooooo rby|hf\n|\n|t:|1786040274\n|move|p1a: Alakazam|Thunder Wave|p2a: Jynx\n|-status|p2a: Jynx|par\n|cant|p2a: Jynx|par\n|\n|upkeep\n|turn|2\n|\n|t:|1786040279\n|move|p1a: Alakazam|Seismic Toss|p2a: Jynx\n|-damage|p2a: Jynx|70/100 par\n|move|p2a: Jynx|Lovely Kiss|p1a: Alakazam\n|-status|p1a: Alakazam|slp|[from] move: Lovely Kiss\n|\n|upkeep\n|turn|3\n|\n|t:|1786040287\n|switch|p1a: Starmie|Starmie|100/100\n|move|p2a: Jynx|Blizzard|p1a: Starmie\n|-crit|p1a: Starmie\n|-resisted|p1a: Starmie\n|-damage|p1a: Starmie|57/100\n|\n|upkeep\n|turn|4\n|\n|t:|1786040303\n|switch|p2a: Chansey|Chansey|100/100\n|move|p1a: Starmie|Recover|p1a: Starmie\n|-heal|p1a: Starmie|100/100\n|\n|upkeep\n|turn|5\n|\n|t:|1786040319\n|switch|p1a: Alakazam|Alakazam|100/100 slp\n|move|p2a: Chansey|Thunder Wave|p1a: Alakazam\n|-fail|p1a: Alakazam\n|\n|upkeep\n|turn|6\n|\n|t:|1786040330\n|cant|p1a: Alakazam|slp\n|move|p2a: Chansey|Ice Beam|p1a: Alakazam\n|-damage|p1a: Alakazam|82/100 slp\n|\n|upkeep\n|turn|7\n|\n|t:|1786040333\n|switch|p2a: Tauros|Tauros|100/100\n|cant|p1a: Alakazam|slp\n|\n|upkeep\n|turn|8\n|\n|t:|1786040336\n|switch|p1a: Gengar|Gengar|100/100\n|move|p2a: Tauros|Body Slam|p1a: Gengar\n|-immune|p1a: Gengar\n|\n|upkeep\n|turn|9\n|\n|t:|1786040361\n|switch|p1a: Snorlax|Snorlax|100/100\n|switch|p2a: Jynx|Jynx|70/100 par\n|\n|upkeep\n|turn|10\n|\n|t:|1786040375\n|switch|p2a: Snorlax|Snorlax|100/100\n|move|p1a: Snorlax|Body Slam|p2a: Snorlax\n|-damage|p2a: Snorlax|72/100\n|\n|upkeep\n|turn|11\n|inactive|Nails has 270 seconds left.\n|\n|t:|1786040402\n|move|p1a: Snorlax|Body Slam|p2a: Snorlax\n|-damage|p2a: Snorlax|46/100\n|move|p2a: Snorlax|Reflect|p2a: Snorlax\n|-start|p2a: Snorlax|Reflect\n|\n|upkeep\n|turn|12\n|inactive|Nails has 270 seconds left.\n|\n|t:|1786040419\n|switch|p1a: Gengar|Gengar|100/100\n|move|p2a: Snorlax|Body Slam|p1a: Gengar\n|-immune|p1a: Gengar\n|\n|upkeep\n|turn|13\n|inactive|Nails has 270 seconds left.\n|\n|t:|1786040436\n|move|p1a: Gengar|Psychic|p2a: Snorlax\n|-damage|p2a: Snorlax|25/100\n|move|p2a: Snorlax|Earthquake|p1a: Gengar\n|-supereffective|p1a: Gengar\n|-damage|p1a: Gengar|31/100\n|\n|upkeep\n|turn|14\n|inactive|Nails has 240 seconds left.\n|\n|t:|1786040487\n|switch|p1a: Exeggutor|Exeggutor|100/100\n|move|p2a: Snorlax|Rest|p2a: Snorlax\n|-status|p2a: Snorlax|slp|[from] move: Rest\n|-heal|p2a: Snorlax|100/100 slp|[silent]\n|\n|upkeep\n|turn|15\n|\n|t:|1786040494\n|move|p1a: Exeggutor|Psychic|p2a: Snorlax\n|-damage|p2a: Snorlax|68/100 slp\n|cant|p2a: Snorlax|slp\n|\n|upkeep\n|turn|16\n|\n|t:|1786040504\n|switch|p2a: Jynx|Jynx|70/100 par\n|move|p1a: Exeggutor|Psychic|p2a: Jynx\n|-resisted|p2a: Jynx\n|-damage|p2a: Jynx|53/100 par\n|\n|upkeep\n|turn|17\n|\n|t:|1786040513\n|switch|p1a: Starmie|Starmie|100/100\n|move|p2a: Jynx|Blizzard|p1a: Starmie|[miss]\n|-miss|p2a: Jynx\n|\n|upkeep\n|turn|18\n|inactive|Nails has 240 seconds left.\n|\n|t:|1786040525\n|switch|p1a: Gengar|Gengar|31/100\n|switch|p2a: Chansey|Chansey|100/100\n|\n|upkeep\n|turn|19\n|inactive|Nails has 240 seconds left.\n|\n|t:|1786040536\n|switch|p2a: Jynx|Jynx|53/100 par\n|move|p1a: Gengar|Hypnosis|p2a: Jynx\n|-fail|p2a: Jynx\n|\n|upkeep\n|turn|20\n|inactive|Nails has 240 seconds left.\n|inactive|Nails has 210 seconds left.\n|\n|t:|1786040587\n|switch|p1a: Starmie|Starmie|100/100\n|move|p2a: Jynx|Blizzard|p1a: Starmie\n|-resisted|p1a: Starmie\n|-damage|p1a: Starmie|79/100\n|\n|upkeep\n|turn|21\n|\n|t:|1786040601\n|switch|p2a: Chansey|Chansey|100/100\n|move|p1a: Starmie|Surf|p2a: Chansey\n|-damage|p2a: Chansey|85/100\n|\n|upkeep\n|turn|22\n|inactive|Nails has 180 seconds left.\n|\n|t:|1786040655\n|switch|p1a: Alakazam|Alakazam|82/100 slp\n|switch|p2a: Snorlax|Snorlax|68/100 slp\n|\n|upkeep\n|turn|23\n|\n|t:|1786040665\n|switch|p1a: Exeggutor|Exeggutor|100/100\n|-curestatus|p2a: Snorlax|slp|[msg]\n|\n|upkeep\n|turn|24\n|\n|t:|1786040684\n|switch|p2a: Starmie|Starmie|100/100\n|move|p1a: Exeggutor|Psychic|p2a: Starmie\n|-resisted|p2a: Starmie\n|-damage|p2a: Starmie|83/100\n|\n|upkeep\n|turn|25\n|\n|t:|1786040693\n|switch|p2a: Jynx|Jynx|53/100 par\n|move|p1a: Exeggutor|Sleep Powder|p2a: Jynx\n|-fail|p2a: Jynx\n|\n|upkeep\n|turn|26\n|\n|t:|1786040700\n|switch|p1a: Starmie|Starmie|79/100\n|move|p2a: Jynx|Blizzard|p1a: Starmie\n|-resisted|p1a: Starmie\n|-damage|p1a: Starmie|56/100\n|\n|upkeep\n|turn|27\n|inactive|Nails has 180 seconds left.\n|\n|t:|1786040710\n|switch|p1a: Gengar|Gengar|31/100\n|switch|p2a: Chansey|Chansey|85/100\n|\n|upkeep\n|turn|28\n|inactive|Nails has 180 seconds left.\n|\n|t:|1786040737\n|switch|p2a: Jynx|Jynx|53/100 par\n|move|p1a: Gengar|Hypnosis|p2a: Jynx|[miss]\n|-miss|p1a: Gengar\n|\n|upkeep\n|turn|29\n|\n|t:|1786040751\n|switch|p1a: Starmie|Starmie|56/100\n|move|p2a: Jynx|Blizzard|p1a: Starmie\n|-resisted|p1a: Starmie\n|-damage|p1a: Starmie|36/100\n|\n|upkeep\n|turn|30\n|\n|t:|1786040757\n|switch|p2a: Chansey|Chansey|85/100\n|move|p1a: Starmie|Recover|p1a: Starmie\n|-heal|p1a: Starmie|86/100\n|\n|upkeep\n|turn|31\n|\n|t:|1786040768\n|switch|p1a: Alakazam|Alakazam|82/100 slp\n|move|p2a: Chansey|Thunder Wave|p1a: Alakazam\n|-fail|p1a: Alakazam\n|\n|upkeep\n|turn|32\n|\n|t:|1786040792\n|cant|p1a: Alakazam|slp\n|move|p2a: Chansey|Ice Beam|p1a: Alakazam\n|-damage|p1a: Alakazam|62/100 slp\n|\n|upkeep\n|turn|33\n|\n|t:|1786040797\n|switch|p1a: Exeggutor|Exeggutor|100/100\n|switch|p2a: Tauros|Tauros|100/100\n|\n|upkeep\n|turn|34\n|\n|t:|1786040819\n|switch|p2a: Starmie|Starmie|83/100\n|move|p1a: Exeggutor|Psychic|p2a: Starmie\n|-resisted|p2a: Starmie\n|-damage|p2a: Starmie|62/100\n|\n|upkeep\n|turn|35\n|inactive|Nails has 150 seconds left.\n|inactive|Nails has 120 seconds left.\n|\n|t:|1786040873\n|move|p2a: Starmie|Thunder Wave|p1a: Exeggutor\n|-status|p1a: Exeggutor|par\n|move|p1a: Exeggutor|Sleep Powder|p2a: Starmie|[miss]\n|-miss|p1a: Exeggutor\n|\n|upkeep\n|turn|36\n|\n|t:|1786040882\n|switch|p2a: Jynx|Jynx|53/100 par\n|move|p1a: Exeggutor|Psychic|p2a: Jynx\n|-resisted|p2a: Jynx\n|-damage|p2a: Jynx|35/100 par\n|-unboost|p2a: Jynx|spa|1\n|-unboost|p2a: Jynx|spd|1\n|\n|upkeep\n|turn|37\n|inactive|Nails has 120 seconds left.\n|\n|t:|1786040903\n|switch|p1a: Tauros|Tauros|100/100\n|move|p2a: Jynx|Blizzard|p1a: Tauros|[miss]\n|-miss|p2a: Jynx\n|\n|upkeep\n|turn|38\n|inactive|Nails has 120 seconds left.\n|\n|t:|1786040927\n|switch|p2a: Snorlax|Snorlax|68/100\n|move|p1a: Tauros|Body Slam|p2a: Snorlax\n|-crit|p2a: Snorlax\n|-damage|p2a: Snorlax|21/100\n|\n|upkeep\n|turn|39\n|\n|t:|1786040944\n|move|p1a: Tauros|Body Slam|p2a: Snorlax\n|-damage|p2a: Snorlax|0 fnt\n|faint|p2a: Snorlax\n|inactive|Nails has 90 seconds left.\n|inactive|Nails has 60 seconds left.\n|\n|t:|1786040991\n|switch|p2a: Zapdos|Zapdos|100/100\n|turn|40\n|\n|t:|1786041000\n|move|p1a: Tauros|Body Slam|p2a: Zapdos\n|-crit|p2a: Zapdos\n|-damage|p2a: Zapdos|47/100\n|move|p2a: Zapdos|Thunder Wave|p1a: Tauros\n|-status|p1a: Tauros|par\n|\n|upkeep\n|turn|41\n|inactive|Nails has 60 seconds left.\n|\n|t:|1786041039\n|switch|p2a: Chansey|Chansey|85/100\n|cant|p1a: Tauros|par\n|\n|upkeep\n|turn|42\n|\n|t:|1786041062\n|switch|p1a: Gengar|Gengar|31/100\n|move|p2a: Chansey|Ice Beam|p1a: Gengar\n|-damage|p1a: Gengar|12/100\n|\n|upkeep\n|turn|43\n|\n|t:|1786041081\n|switch|p2a: Jynx|Jynx|35/100 par\n|move|p1a: Gengar|Hypnosis|p2a: Jynx\n|-fail|p2a: Jynx\n|\n|upkeep\n|turn|44\n|inactive|Nails has 30 seconds left.\n|\n|t:|1786041111\n|switch|p1a: Starmie|Starmie|86/100\n|move|p2a: Jynx|Blizzard|p1a: Starmie\n|-resisted|p1a: Starmie\n|-damage|p1a: Starmie|65/100\n|\n|upkeep\n|turn|45\n|\n|t:|1786041115\n|switch|p1a: Gengar|Gengar|12/100\n|switch|p2a: Chansey|Chansey|85/100\n|\n|upkeep\n|turn|46\n|\n|t:|1786041124\n|switch|p2a: Jynx|Jynx|35/100 par\n|move|p1a: Gengar|Hypnosis|p2a: Jynx\n|-fail|p2a: Jynx\n|\n|upkeep\n|turn|47\n|inactive|Nails has 30 seconds left.\n|\n|t:|1786041146\n|switch|p1a: Starmie|Starmie|65/100\n|move|p2a: Jynx|Psychic|p1a: Starmie\n|-resisted|p1a: Starmie\n|-damage|p1a: Starmie|48/100\n|-unboost|p1a: Starmie|spa|1\n|-unboost|p1a: Starmie|spd|1\n|\n|upkeep\n|turn|48\n|inactive|Nails has 30 seconds left.\n|\n|t:|1786041164\n|switch|p2a: Zapdos|Zapdos|47/100\n|move|p1a: Starmie|Recover|p1a: Starmie\n|-heal|p1a: Starmie|98/100\n|\n|upkeep\n|turn|49\n|inactive|Nails has 30 seconds left.\n|\n|t:|1786041176\n|switch|p1a: Tauros|Tauros|100/100 par\n|move|p2a: Zapdos|Drill Peck|p1a: Tauros\n|-damage|p1a: Tauros|73/100 par\n|\n|upkeep\n|turn|50\n|inactive|Nails has 30 seconds left.\n|\n|t:|1786041184\n|switch|p2a: Chansey|Chansey|85/100\n|cant|p1a: Tauros|par\n|\n|upkeep\n|turn|51\n|\n|t:|1786041192\n|move|p2a: Chansey|Ice Beam|p1a: Tauros\n|-damage|p1a: Tauros|44/100 par\n|move|p1a: Tauros|Body Slam|p2a: Chansey\n|-damage|p2a: Chansey|45/100\n|\n|upkeep\n|turn|52\n|\n|t:|1786041197\n|switch|p1a: Alakazam|Alakazam|62/100 slp\n|move|p2a: Chansey|Soft-Boiled|p2a: Chansey\n|-heal|p2a: Chansey|95/100\n|\n|upkeep\n|turn|53\n|\n|t:|1786041205\n|switch|p2a: Zapdos|Zapdos|47/100\n|-curestatus|p1a: Alakazam|slp|[msg]\n|\n|upkeep\n|turn|54\n|inactive|Nails has 30 seconds left.\n|\n|t:|1786041238\n|switch|p2a: Chansey|Chansey|95/100\n|move|p1a: Alakazam|Psychic|p2a: Chansey\n|-damage|p2a: Chansey|76/100\n|\n|upkeep\n|turn|55\n|inactive|Nails has 30 seconds left.\n|\n|t:|1786041252\n|move|p1a: Alakazam|Thunder Wave|p2a: Chansey\n|-status|p2a: Chansey|par\n|move|p2a: Chansey|Ice Beam|p1a: Alakazam\n|-crit|p1a: Alakazam\n|-damage|p1a: Alakazam|25/100\n|\n|upkeep\n|turn|56\n|\n|t:|1786041260\n|move|p1a: Alakazam|Recover|p1a: Alakazam\n|-heal|p1a: Alakazam|75/100\n|move|p2a: Chansey|Ice Beam|p1a: Alakazam\n|-damage|p1a: Alakazam|54/100\n|-status|p1a: Alakazam|frz\n|\n|upkeep\n|turn|57\n|\n|t:|1786041279\n|switch|p1a: Snorlax|Snorlax|100/100\n|move|p2a: Chansey|Thunder Wave|p1a: Snorlax\n|-status|p1a: Snorlax|par\n|\n|upkeep\n|turn|58\n|inactive|Nails has 30 seconds left.\n|\n|t:|1786041304\n|switch|p2a: Starmie|Starmie|62/100\n|move|p1a: Snorlax|Body Slam|p2a: Starmie\n|-damage|p2a: Starmie|24/100\n|\n|upkeep\n|turn|59\n|\n|t:|1786041309\n|move|p2a: Starmie|Recover|p2a: Starmie\n|-heal|p2a: Starmie|74/100\n|move|p1a: Snorlax|Body Slam|p2a: Starmie\n|-damage|p2a: Starmie|34/100\n|\n|upkeep\n|turn|60\n|\n|t:|1786041314\n|move|p2a: Starmie|Recover|p2a: Starmie\n|-heal|p2a: Starmie|84/100\n|cant|p1a: Snorlax|par\n|\n|upkeep\n|turn|61\n|\n|t:|1786041318\n|switch|p1a: Exeggutor|Exeggutor|100/100 par\n|move|p2a: Starmie|Psychic|p1a: Exeggutor\n|-resisted|p1a: Exeggutor\n|-damage|p1a: Exeggutor|89/100 par\n|-unboost|p1a: Exeggutor|spa|1\n|-unboost|p1a: Exeggutor|spd|1\n|\n|upkeep\n|turn|62\n|inactive|Nails has 60 seconds left.\n|\n|t:|1786041349\n|switch|p1a: Snorlax|Snorlax|100/100 par\n|move|p2a: Starmie|Blizzard|p1a: Snorlax\n|-crit|p1a: Snorlax\n|-damage|p1a: Snorlax|57/100 par\n|\n|upkeep\n|turn|63\n|inactive|Nails has 30 seconds left.\n|inactive|Nails has 20 seconds left.\n|\n|t:|1786041380\n|move|p2a: Starmie|Psychic|p1a: Snorlax\n|-damage|p1a: Snorlax|30/100 par\n|-unboost|p1a: Snorlax|spa|1\n|-unboost|p1a: Snorlax|spd|1\n|move|p1a: Snorlax|Self-Destruct|p2a: Starmie\n|-damage|p2a: Starmie|0 fnt\n|faint|p2a: Starmie\n|faint|p1a: Snorlax\n|inactive|Nails has 25 seconds left this turn.\n|inactive|Nails has 20 seconds left.\n|inactive|Nails has 15 seconds left.\n|\n|t:|1786041393\n|switch|p2a: Chansey|Chansey|76/100 par\n|switch|p1a: Starmie|Starmie|98/100\n|turn|64\n|inactive|Nails has 25 seconds left this turn.\n|inactive|Nails has 20 seconds left.\n|inactive|Nails has 15 seconds left.\n|\n|t:|1786041403\n|switch|p1a: Tauros|Tauros|44/100 par\n|move|p2a: Chansey|Ice Beam|p1a: Tauros\n|-damage|p1a: Tauros|16/100 par\n|\n|upkeep\n|turn|65\n|inactive|Nails has 25 seconds left this turn.\n|inactive|Nails has 20 seconds left.\n|\n|t:|1786041409\n|move|p1a: Tauros|Hyper Beam|p2a: Chansey|[miss]\n|-miss|p1a: Tauros\n|cant|p2a: Chansey|par\n|\n|upkeep\n|turn|66\n|inactive|Nails has 30 seconds left this turn.\n|\n|t:|1786041416\n|move|p1a: Tauros|Hyper Beam|p2a: Chansey\n|-damage|p2a: Chansey|3/100 par\n|-mustrecharge|p1a: Tauros\n|cant|p2a: Chansey|par\n|\n|upkeep\n|turn|67\n|\n|t:|1786041420\n|cant|p1a: Tauros|recharge\n|cant|p2a: Chansey|par\n|\n|upkeep\n|turn|68\n|c|☆Nails|mannn\n|inactive|Nails has 30 seconds left.\n|inactive|Nails has 20 seconds left.\n|\n|t:|1786041446\n|move|p1a: Tauros|Hyper Beam|p2a: Chansey\n|-damage|p2a: Chansey|0 fnt\n|faint|p2a: Chansey\n|inactive|Nails has 25 seconds left this turn.\n|inactive|Nails has 20 seconds left.\n|\n|t:|1786041454\n|switch|p2a: Tauros|Tauros|100/100\n|turn|69\n|inactive|Nails has 30 seconds left this turn.\n|inactive|Nails has 20 seconds left.\n|inactive|Nails has 15 seconds left.\n|\n|t:|1786041469\n|switch|p1a: Alakazam|Alakazam|54/100 frz\n|move|p2a: Tauros|Earthquake|p1a: Alakazam\n|-crit|p1a: Alakazam\n|-damage|p1a: Alakazam|0 fnt\n|faint|p1a: Alakazam\n|\n|t:|1786041483\n|switch|p1a: Starmie|Starmie|98/100\n|turn|70\n|inactive|Nails has 30 seconds left this turn.\n|inactive|Nails has 20 seconds left.\n|inactive|Nails has 15 seconds left.\n|\n|t:|1786041503\n|switch|p2a: Jynx|Jynx|35/100 par\n|move|p1a: Starmie|Surf|p2a: Jynx\n|-crit|p2a: Jynx\n|-damage|p2a: Jynx|0 fnt\n|faint|p2a: Jynx\n|inactive|Nails has 20 seconds left this turn.\n|inactive|Nails has 15 seconds left.\n|\n|t:|1786041509\n|switch|p2a: Zapdos|Zapdos|47/100\n|turn|71\n|inactive|Nails has 25 seconds left this turn.\n|inactive|Nails has 20 seconds left.\n|inactive|Nails has 15 seconds left.\n|\n|t:|1786041538\n|switch|p1a: Tauros|Tauros|16/100 par\n|move|p2a: Zapdos|Thunder Wave|p1a: Tauros\n|-fail|p1a: Tauros|par\n|\n|upkeep\n|turn|72\n|inactive|Nails has 25 seconds left this turn.\n|inactive|Nails has 20 seconds left.\n|inactive|Nails has 15 seconds left.\n|\n|t:|1786041552\n|move|p2a: Zapdos|Agility|p2a: Zapdos\n|-boost|p2a: Zapdos|spe|2\n|move|p1a: Tauros|Hyper Beam|p2a: Zapdos\n|-damage|p2a: Zapdos|0 fnt\n|faint|p2a: Zapdos\n|inactive|Nails has 20 seconds left this turn.\n|\n|t:|1786041553\n|switch|p2a: Tauros|Tauros|100/100\n|turn|73\n|inactive|Nails has 30 seconds left this turn.\n|\n|t:|1786041555\n|move|p2a: Tauros|Body Slam|p1a: Tauros\n|-damage|p1a: Tauros|0 fnt\n|faint|p1a: Tauros\n|\n|t:|1786041557\n|switch|p1a: Starmie|Starmie|98/100\n|turn|74\n|\n|t:|1786041559\n|move|p1a: Starmie|Thunder Wave|p2a: Tauros\n|-status|p2a: Tauros|par\n|cant|p2a: Tauros|par\n|\n|upkeep\n|turn|75\n|\n|t:|1786041565\n|move|p1a: Starmie|Surf|p2a: Tauros\n|-crit|p2a: Tauros\n|-damage|p2a: Tauros|22/100 par\n|move|p2a: Tauros|Hyper Beam|p1a: Starmie\n|-damage|p1a: Starmie|37/100\n|-mustrecharge|p2a: Tauros\n|\n|upkeep\n|turn|76\n|c|☆Nails|ggs\n|c|☆wooooo rby|ggs\n|\n|t:|1786041569\n|move|p1a: Starmie|Surf|p2a: Tauros\n|-damage|p2a: Tauros|0 fnt\n|faint|p2a: Tauros\n|\n|win|wooooo rby\n","uploadtime":1786041569,"views":"105","formatid":"gen1ou","rating":null,"private":0,"password":null}