{"id":"smogtours-gen1ou-899505","format":"[Gen 1] OU","players":["Laroxyl","LNumbers"],"log":"|inactive|Battle timer is ON: inactive players will automatically lose when time's up.\n|t:|1768504480\n|gametype|singles\n|player|p1|Laroxyl|#splxviitigers2|\n|player|p2|LNumbers|#splxviityrants2|\n|gen|1\n|tier|[Gen 1] OU\n|rule|Desync Clause Mod: Desyncs changed to move failure.\n|rule|Sleep Clause Mod: Limit one foe put to sleep\n|rule|Freeze Clause Mod: Limit one foe frozen\n|rule|Species Clause: Limit one of each Pokémon\n|rule|OHKO Clause: OHKO moves are banned\n|rule|Evasion Moves Clause: Evasion moves are banned\n|rule|Endless Battle Clause: Forcing endless battles is banned\n|rule|HP Percentage Mod: HP is shown in percentages\n|\n|t:|1768504480\n|teamsize|p1|6\n|teamsize|p2|6\n|start\n|switch|p1a: Alakazam|Alakazam|100/100\n|switch|p2a: Gengar|Gengar|100/100\n|turn|1\n|c|☆LNumbers|hf\n|rated|Smogon Premier League\n|c|☆Laroxyl|hf\n|inactive|Laroxyl has 270 seconds left.\n|inactive|LNumbers has 270 seconds left.\n|inactive|Laroxyl has 240 seconds left.\n|inactive|LNumbers has 240 seconds left.\n|\n|t:|1768504563\n|switch|p2a: Exeggutor|Exeggutor|100/100\n|move|p1a: Alakazam|Psychic|p2a: Exeggutor\n|-crit|p2a: Exeggutor\n|-resisted|p2a: Exeggutor\n|-damage|p2a: Exeggutor|73/100\n|\n|upkeep\n|turn|2\n|\n|t:|1768504585\n|switch|p2a: Chansey|Chansey|100/100\n|move|p1a: Alakazam|Thunder Wave|p2a: Chansey\n|-status|p2a: Chansey|par\n|\n|upkeep\n|turn|3\n|\n|t:|1768504591\n|move|p1a: Alakazam|Psychic|p2a: Chansey\n|-damage|p2a: Chansey|83/100 par\n|move|p2a: Chansey|Sing|p1a: Alakazam|[miss]\n|-miss|p2a: Chansey\n|\n|upkeep\n|turn|4\n|\n|t:|1768504600\n|move|p1a: Alakazam|Psychic|p2a: Chansey\n|-crit|p2a: Chansey\n|-damage|p2a: Chansey|47/100 par\n|-unboost|p2a: Chansey|spa|1\n|-unboost|p2a: Chansey|spd|1\n|cant|p2a: Chansey|par\n|\n|upkeep\n|turn|5\n|\n|t:|1768504618\n|switch|p2a: Exeggutor|Exeggutor|73/100\n|move|p1a: Alakazam|Psychic|p2a: Exeggutor\n|-crit|p2a: Exeggutor\n|-resisted|p2a: Exeggutor\n|-damage|p2a: Exeggutor|43/100\n|\n|upkeep\n|turn|6\n|inactive|LNumbers has 270 seconds left.\n|inactive|Laroxyl has 270 seconds left.\n|inactive|LNumbers has 240 seconds left.\n|inactive|Laroxyl has 240 seconds left.\n|inactive|LNumbers has 210 seconds left.\n|inactive|Laroxyl has 210 seconds left.\n|\n|t:|1768504710\n|move|p1a: Alakazam|Thunder Wave|p2a: Exeggutor\n|-status|p2a: Exeggutor|par\n|cant|p2a: Exeggutor|par\n|\n|upkeep\n|turn|7\n|inactive|Laroxyl has 210 seconds left.\n|inactive|LNumbers has 210 seconds left.\n|\n|t:|1768504730\n|move|p1a: Alakazam|Seismic Toss|p2a: Exeggutor\n|-damage|p2a: Exeggutor|18/100 par\n|cant|p2a: Exeggutor|par\n|\n|upkeep\n|turn|8\n|inactive|LNumbers has 210 seconds left.\n|\n|t:|1768504760\n|switch|p2a: Starmie|Starmie|100/100\n|move|p1a: Alakazam|Seismic Toss|p2a: Starmie\n|-damage|p2a: Starmie|70/100\n|\n|upkeep\n|turn|9\n|inactive|Laroxyl has 180 seconds left.\n|\n|t:|1768504797\n|switch|p2a: Chansey|Chansey|47/100 par\n|move|p1a: Alakazam|Thunder Wave|p2a: Chansey\n|-fail|p2a: Chansey|par\n|\n|upkeep\n|turn|10\n|\n|t:|1768504803\n|move|p1a: Alakazam|Psychic|p2a: Chansey\n|-damage|p2a: Chansey|28/100 par\n|cant|p2a: Chansey|par\n|\n|upkeep\n|turn|11\n|\n|t:|1768504821\n|move|p1a: Alakazam|Psychic|p2a: Chansey\n|-damage|p2a: Chansey|10/100 par\n|move|p2a: Chansey|Soft-Boiled|p2a: Chansey\n|-heal|p2a: Chansey|60/100 par\n|\n|upkeep\n|turn|12\n|\n|t:|1768504835\n|move|p1a: Alakazam|Psychic|p2a: Chansey\n|-damage|p2a: Chansey|42/100 par\n|-unboost|p2a: Chansey|spa|1\n|-unboost|p2a: Chansey|spd|1\n|move|p2a: Chansey|Soft-Boiled|p2a: Chansey\n|-heal|p2a: Chansey|92/100 par\n|\n|upkeep\n|turn|13\n|inactive|Laroxyl has 210 seconds left.\n|\n|t:|1768504841\n|move|p1a: Alakazam|Psychic|p2a: Chansey\n|-damage|p2a: Chansey|64/100 par\n|-unboost|p2a: Chansey|spa|1\n|-unboost|p2a: Chansey|spd|1\n|cant|p2a: Chansey|par\n|\n|upkeep\n|turn|14\n|\n|t:|1768504852\n|switch|p2a: Starmie|Starmie|70/100\n|move|p1a: Alakazam|Psychic|p2a: Starmie\n|-resisted|p2a: Starmie\n|-damage|p2a: Starmie|50/100\n|-unboost|p2a: Starmie|spa|1\n|-unboost|p2a: Starmie|spd|1\n|\n|upkeep\n|turn|15\n|\n|t:|1768504867\n|switch|p2a: Chansey|Chansey|64/100 par\n|move|p1a: Alakazam|Psychic|p2a: Chansey\n|-crit|p2a: Chansey\n|-damage|p2a: Chansey|28/100 par\n|-unboost|p2a: Chansey|spa|1\n|-unboost|p2a: Chansey|spd|1\n|\n|upkeep\n|turn|16\n|inactive|LNumbers has 180 seconds left.\n|inactive|LNumbers has 150 seconds left.\n|\n|t:|1768504952\n|move|p1a: Alakazam|Psychic|p2a: Chansey\n|-damage|p2a: Chansey|0 fnt\n|faint|p2a: Chansey\n|\n|t:|1768504953\n|switch|p2a: Starmie|Starmie|50/100\n|turn|17\n|\n|t:|1768504968\n|move|p1a: Alakazam|Thunder Wave|p2a: Starmie\n|-status|p2a: Starmie|par\n|move|p2a: Starmie|Thunder Wave|p1a: Alakazam\n|-status|p1a: Alakazam|par\n|\n|upkeep\n|turn|18\n|\n|t:|1768504978\n|move|p1a: Alakazam|Seismic Toss|p2a: Starmie\n|-damage|p2a: Starmie|19/100 par\n|cant|p2a: Starmie|par\n|\n|upkeep\n|turn|19\n|\n|t:|1768505005\n|switch|p2a: Snorlax|Snorlax|100/100\n|move|p1a: Alakazam|Seismic Toss|p2a: Snorlax\n|-damage|p2a: Snorlax|81/100\n|\n|upkeep\n|turn|20\n|inactive|Laroxyl has 210 seconds left.\n|\n|t:|1768505030\n|switch|p1a: Snorlax|Snorlax|100/100\n|move|p2a: Snorlax|Body Slam|p1a: Snorlax\n|-damage|p1a: Snorlax|74/100\n|\n|upkeep\n|turn|21\n|\n|t:|1768505047\n|move|p1a: Snorlax|Reflect|p1a: Snorlax\n|-start|p1a: Snorlax|Reflect\n|move|p2a: Snorlax|Body Slam|p1a: Snorlax\n|-damage|p1a: Snorlax|61/100\n|\n|upkeep\n|turn|22\n|\n|t:|1768505055\n|move|p1a: Snorlax|Earthquake|p2a: Snorlax\n|-damage|p2a: Snorlax|62/100\n|move|p2a: Snorlax|Body Slam|p1a: Snorlax\n|-damage|p1a: Snorlax|47/100\n|\n|upkeep\n|turn|23\n|inactive|Laroxyl has 210 seconds left.\n|inactive|LNumbers has 120 seconds left.\n|\n|t:|1768505096\n|move|p1a: Snorlax|Earthquake|p2a: Snorlax\n|-crit|p2a: Snorlax\n|-damage|p2a: Snorlax|24/100\n|move|p2a: Snorlax|Body Slam|p1a: Snorlax\n|-damage|p1a: Snorlax|34/100\n|\n|upkeep\n|turn|24\n|inactive|Laroxyl has 210 seconds left.\n|inactive|LNumbers has 90 seconds left.\n|inactive|LNumbers has 60 seconds left.\n|\n|t:|1768505169\n|switch|p2a: Exeggutor|Exeggutor|18/100 par\n|move|p1a: Snorlax|Earthquake|p2a: Exeggutor\n|-resisted|p2a: Exeggutor\n|-damage|p2a: Exeggutor|6/100 par\n|\n|upkeep\n|turn|25\n|\n|t:|1768505176\n|move|p1a: Snorlax|Earthquake|p2a: Exeggutor\n|-resisted|p2a: Exeggutor\n|-damage|p2a: Exeggutor|0 fnt\n|faint|p2a: Exeggutor\n|inactive|LNumbers has 60 seconds left.\n|\n|t:|1768505183\n|switch|p2a: Gengar|Gengar|100/100\n|turn|26\n|inactive|Laroxyl has 210 seconds left.\n|inactive|LNumbers has 60 seconds left.\n|\n|t:|1768505216\n|move|p2a: Gengar|Hypnosis|p1a: Snorlax\n|-status|p1a: Snorlax|slp|[from] move: Hypnosis\n|cant|p1a: Snorlax|slp\n|\n|upkeep\n|turn|27\n|inactive|LNumbers has 30 seconds left.\n|inactive|Laroxyl has 180 seconds left.\n|\n|t:|1768505246\n|switch|p1a: Chansey|Chansey|100/100\n|move|p2a: Gengar|Night Shade|p1a: Chansey\n|-damage|p1a: Chansey|86/100\n|\n|upkeep\n|turn|28\n|inactive|Laroxyl has 180 seconds left.\n|inactive|LNumbers has 30 seconds left.\n|inactive|LNumbers has 20 seconds left.\n|inactive|LNumbers has 15 seconds left.\n|inactive|LNumbers has 10 seconds left.\n|\n|t:|1768505276\n|switch|p2a: Starmie|Starmie|19/100 par\n|move|p1a: Chansey|Ice Beam|p2a: Starmie\n|-resisted|p2a: Starmie\n|-damage|p2a: Starmie|8/100 par\n|\n|upkeep\n|turn|29\n|inactive|LNumbers has 20 seconds left this turn.\n|inactive|LNumbers has 15 seconds left.\n|\n|t:|1768505282\n|move|p1a: Chansey|Ice Beam|p2a: Starmie\n|-resisted|p2a: Starmie\n|-damage|p2a: Starmie|0 fnt\n|faint|p2a: Starmie\n|inactive|LNumbers has 20 seconds left this turn.\n|\n|t:|1768505286\n|switch|p2a: Snorlax|Snorlax|24/100\n|turn|30\n|inactive|LNumbers has 30 seconds left this turn.\n|inactive|Laroxyl has 180 seconds left.\n|inactive|LNumbers has 20 seconds left.\n|inactive|LNumbers has 15 seconds left.\n|inactive|LNumbers has 10 seconds left.\n|inactive|LNumbers has 5 seconds left.\n|inactive|Laroxyl has 150 seconds left.\n|inactive|Laroxyl has 120 seconds left.\n|\n|t:|1768505352\n|move|p1a: Chansey|Ice Beam|p2a: Snorlax\n|-damage|p2a: Snorlax|6/100\n|-status|p2a: Snorlax|frz\n|cant|p2a: Snorlax|frz\n|\n|upkeep\n|turn|31\n|inactive|LNumbers has 15 seconds left this turn.\n|inactive|LNumbers has 10 seconds left.\n|c|☆LNumbers|cherry on top\n|inactive|Laroxyl has 120 seconds left.\n|inactive|LNumbers has 5 seconds left.\n|\n|t:|1768505362\n|move|p1a: Chansey|Soft-Boiled|p1a: Chansey\n|-heal|p1a: Chansey|100/100\n|cant|p2a: Snorlax|frz\n|\n|upkeep\n|turn|32\n|inactive|LNumbers has 15 seconds left this turn.\n|inactive|Laroxyl has 120 seconds left.\n|\n|t:|1768505382\n|move|p1a: Chansey|Thunderbolt|p2a: Snorlax\n|-damage|p2a: Snorlax|0 fnt\n|faint|p2a: Snorlax\n|inactive|LNumbers has 20 seconds left this turn.\n|inactive|LNumbers has 15 seconds left.\n|\n|t:|1768505389\n|switch|p2a: Tauros|Tauros|100/100\n|turn|33\n|inactive|LNumbers has 25 seconds left this turn.\n|\n|t:|1768505395\n|move|p2a: Tauros|Hyper Beam|p1a: Chansey\n|-damage|p1a: Chansey|27/100\n|-mustrecharge|p2a: Tauros\n|move|p1a: Chansey|Thunder Wave|p2a: Tauros\n|-status|p2a: Tauros|par\n|\n|upkeep\n|turn|34\n|\n|t:|1768505404\n|move|p1a: Chansey|Soft-Boiled|p1a: Chansey\n|-heal|p1a: Chansey|76/100\n|cant|p2a: Tauros|recharge\n|\n|upkeep\n|turn|35\n|inactive|LNumbers has 30 seconds left.\n|\n|t:|1768505423\n|switch|p1a: Alakazam|Alakazam|100/100 par\n|move|p2a: Tauros|Body Slam|p1a: Alakazam\n|-damage|p1a: Alakazam|51/100 par\n|\n|upkeep\n|turn|36\n|\n|t:|1768505430\n|move|p1a: Alakazam|Psychic|p2a: Tauros\n|-crit|p2a: Tauros\n|-damage|p2a: Tauros|6/100 par\n|-unboost|p2a: Tauros|spa|1\n|-unboost|p2a: Tauros|spd|1\n|move|p2a: Tauros|Hyper Beam|p1a: Alakazam\n|-damage|p1a: Alakazam|0 fnt\n|faint|p1a: Alakazam\n|\n|t:|1768505444\n|switch|p1a: Chansey|Chansey|76/100\n|turn|37\n|\n|t:|1768505457\n|move|p1a: Chansey|Thunderbolt|p2a: Tauros\n|-damage|p2a: Tauros|0 fnt\n|faint|p2a: Tauros\n|\n|t:|1768505459\n|switch|p2a: Gengar|Gengar|100/100\n|turn|38\n|c|☆LNumbers|gg\n|-message|LNumbers forfeited.\n|\n|win|Laroxyl\n|player|p2|\n|c|☆Laroxyl|Mb gg\n|player|p1|\n","uploadtime":1768505470,"views":"2005","formatid":"gen1ou","rating":null,"private":0,"password":null}