{"id":"smogtours-gen1ou-815863","format":"[Gen 1] OU","players":["chuva de perereca","Prinz"],"log":"|inactive|Battle timer is ON: inactive players will automatically lose when time's up.\n|t:|1737819004\n|gametype|singles\n|player|p1|chuva de perereca|lyra|\n|player|p2|Prinz|baker|\n|teamsize|p1|6\n|teamsize|p2|6\n|gen|1\n|tier|[Gen 1] OU\n|rule|Desync Clause Mod: Desyncs changed to move failure.\n|rule|Sleep Clause Mod: Limit one foe put to sleep\n|rule|Freeze Clause Mod: Limit one foe frozen\n|rule|Species Clause: Limit one of each Pokémon\n|rule|OHKO Clause: OHKO moves are banned\n|rule|Evasion Moves Clause: Evasion moves are banned\n|rule|Endless Battle Clause: Forcing endless battles is banned\n|rule|HP Percentage Mod: HP is shown in percentages\n|\n|t:|1737819004\n|start\n|switch|p1a: Starmie|Starmie|100/100\n|switch|p2a: Chansey|Chansey|100/100\n|turn|1\n|rated|Smogon Premier League\n|c|☆chuva de perereca|hf\n|c|☆Prinz|u2\n|\n|t:|1737819014\n|switch|p1a: Chansey|Chansey|100/100\n|move|p2a: Chansey|Sing|p1a: Chansey\n|-status|p1a: Chansey|slp|[from] move: Sing\n|\n|upkeep\n|turn|2\n|\n|t:|1737819022\n|cant|p1a: Chansey|slp\n|move|p2a: Chansey|Ice Beam|p1a: Chansey\n|-damage|p1a: Chansey|91/100 slp\n|\n|upkeep\n|turn|3\n|\n|t:|1737819026\n|switch|p2a: Tauros|Tauros|100/100\n|cant|p1a: Chansey|slp\n|\n|upkeep\n|turn|4\n|\n|t:|1737819029\n|switch|p1a: Snorlax|Snorlax|100/100\n|move|p2a: Tauros|Body Slam|p1a: Snorlax\n|-damage|p1a: Snorlax|76/100\n|\n|upkeep\n|turn|5\n|\n|t:|1737819044\n|move|p2a: Tauros|Body Slam|p1a: Snorlax\n|-damage|p1a: Snorlax|50/100\n|move|p1a: Snorlax|Body Slam|p2a: Tauros\n|-damage|p2a: Tauros|68/100\n|\n|upkeep\n|turn|6\n|\n|t:|1737819048\n|move|p2a: Tauros|Body Slam|p1a: Snorlax\n|-crit|p1a: Snorlax\n|-damage|p1a: Snorlax|5/100\n|move|p1a: Snorlax|Self-Destruct|p2a: Tauros\n|-damage|p2a: Tauros|0 fnt\n|faint|p2a: Tauros\n|faint|p1a: Snorlax\n|\n|t:|1737819064\n|switch|p2a: Exeggutor|Exeggutor|100/100\n|switch|p1a: Exeggutor|Exeggutor|100/100\n|turn|7\n|\n|t:|1737819083\n|switch|p2a: Rhydon|Rhydon|100/100\n|move|p1a: Exeggutor|Sleep Powder|p2a: Rhydon\n|-status|p2a: Rhydon|slp|[from] move: Sleep Powder\n|\n|upkeep\n|turn|8\n|\n|t:|1737819091\n|switch|p2a: Chansey|Chansey|100/100\n|move|p1a: Exeggutor|Stun Spore|p2a: Chansey\n|-status|p2a: Chansey|par\n|\n|upkeep\n|turn|9\n|\n|t:|1737819097\n|switch|p1a: Chansey|Chansey|91/100 slp\n|move|p2a: Chansey|Thunder Wave|p1a: Chansey\n|-fail|p1a: Chansey\n|\n|upkeep\n|turn|10\n|\n|t:|1737819102\n|switch|p2a: Snorlax|Snorlax|100/100\n|cant|p1a: Chansey|slp\n|\n|upkeep\n|turn|11\n|\n|t:|1737819107\n|switch|p1a: Rhydon|Rhydon|100/100\n|move|p2a: Snorlax|Body Slam|p1a: Rhydon\n|-resisted|p1a: Rhydon\n|-damage|p1a: Rhydon|90/100\n|\n|upkeep\n|turn|12\n|\n|t:|1737819115\n|switch|p2a: Exeggutor|Exeggutor|100/100\n|move|p1a: Rhydon|Earthquake|p2a: Exeggutor\n|-resisted|p2a: Exeggutor\n|-damage|p2a: Exeggutor|82/100\n|\n|upkeep\n|turn|13\n|\n|t:|1737819120\n|switch|p1a: Exeggutor|Exeggutor|100/100\n|move|p2a: Exeggutor|Stun Spore|p1a: Exeggutor\n|-status|p1a: Exeggutor|par\n|\n|upkeep\n|turn|14\n|\n|t:|1737819125\n|switch|p2a: Chansey|Chansey|100/100 par\n|move|p1a: Exeggutor|Psychic|p2a: Chansey\n|-damage|p2a: Chansey|85/100 par\n|-unboost|p2a: Chansey|spa|1\n|-unboost|p2a: Chansey|spd|1\n|\n|upkeep\n|turn|15\n|\n|t:|1737819134\n|switch|p1a: Chansey|Chansey|91/100 slp\n|cant|p2a: Chansey|par\n|\n|upkeep\n|turn|16\n|\n|t:|1737819139\n|switch|p1a: Tauros|Tauros|100/100\n|switch|p2a: Snorlax|Snorlax|100/100\n|\n|upkeep\n|turn|17\n|\n|t:|1737819142\n|move|p1a: Tauros|Body Slam|p2a: Snorlax\n|-damage|p2a: Snorlax|75/100\n|move|p2a: Snorlax|Body Slam|p1a: Tauros\n|-damage|p1a: Tauros|71/100\n|\n|upkeep\n|turn|18\n|\n|t:|1737819146\n|move|p1a: Tauros|Body Slam|p2a: Snorlax\n|-damage|p2a: Snorlax|53/100\n|move|p2a: Snorlax|Body Slam|p1a: Tauros\n|-damage|p1a: Tauros|41/100\n|\n|upkeep\n|turn|19\n|\n|t:|1737819152\n|switch|p1a: Rhydon|Rhydon|90/100\n|move|p2a: Snorlax|Body Slam|p1a: Rhydon\n|-resisted|p1a: Rhydon\n|-damage|p1a: Rhydon|78/100\n|\n|upkeep\n|turn|20\n|\n|t:|1737819165\n|switch|p2a: Exeggutor|Exeggutor|82/100\n|move|p1a: Rhydon|Body Slam|p2a: Exeggutor\n|-damage|p2a: Exeggutor|60/100\n|-status|p2a: Exeggutor|par\n|\n|upkeep\n|turn|21\n|\n|t:|1737819172\n|switch|p1a: Exeggutor|Exeggutor|100/100 par\n|move|p2a: Exeggutor|Psychic|p1a: Exeggutor\n|-resisted|p1a: Exeggutor\n|-damage|p1a: Exeggutor|88/100 par\n|\n|upkeep\n|turn|22\n|\n|t:|1737819176\n|move|p2a: Exeggutor|Psychic|p1a: Exeggutor\n|-resisted|p1a: Exeggutor\n|-damage|p1a: Exeggutor|75/100 par\n|move|p1a: Exeggutor|Psychic|p2a: Exeggutor\n|-resisted|p2a: Exeggutor\n|-damage|p2a: Exeggutor|46/100 par\n|-unboost|p2a: Exeggutor|spa|1\n|-unboost|p2a: Exeggutor|spd|1\n|\n|upkeep\n|turn|23\n|\n|t:|1737819181\n|switch|p2a: Chansey|Chansey|85/100 par\n|move|p1a: Exeggutor|Psychic|p2a: Chansey\n|-damage|p2a: Chansey|69/100 par\n|-unboost|p2a: Chansey|spa|1\n|-unboost|p2a: Chansey|spd|1\n|\n|upkeep\n|turn|24\n|\n|t:|1737819188\n|switch|p1a: Tauros|Tauros|41/100\n|move|p2a: Chansey|Soft-Boiled|p2a: Chansey\n|-heal|p2a: Chansey|100/100 par\n|\n|upkeep\n|turn|25\n|\n|t:|1737819192\n|move|p1a: Tauros|Body Slam|p2a: Chansey\n|-crit|p2a: Chansey\n|-damage|p2a: Chansey|28/100 par\n|move|p2a: Chansey|Thunder Wave|p1a: Tauros\n|-status|p1a: Tauros|par\n|\n|upkeep\n|turn|26\n|\n|t:|1737819203\n|switch|p2a: Snorlax|Snorlax|53/100\n|move|p1a: Tauros|Body Slam|p2a: Snorlax\n|-damage|p2a: Snorlax|28/100\n|\n|upkeep\n|turn|27\n|\n|t:|1737819209\n|switch|p1a: Starmie|Starmie|100/100\n|move|p2a: Snorlax|Reflect|p2a: Snorlax\n|-start|p2a: Snorlax|Reflect\n|\n|upkeep\n|turn|28\n|\n|t:|1737819219\n|switch|p2a: Exeggutor|Exeggutor|46/100 par\n|move|p1a: Starmie|Surf|p2a: Exeggutor\n|-resisted|p2a: Exeggutor\n|-damage|p2a: Exeggutor|33/100 par\n|\n|upkeep\n|turn|29\n|\n|t:|1737819227\n|switch|p1a: Exeggutor|Exeggutor|75/100 par\n|move|p2a: Exeggutor|Psychic|p1a: Exeggutor\n|-resisted|p1a: Exeggutor\n|-damage|p1a: Exeggutor|62/100 par\n|-unboost|p1a: Exeggutor|spa|1\n|-unboost|p1a: Exeggutor|spd|1\n|\n|upkeep\n|turn|30\n|\n|t:|1737819233\n|move|p2a: Exeggutor|Psychic|p1a: Exeggutor\n|-resisted|p1a: Exeggutor\n|-damage|p1a: Exeggutor|40/100 par\n|move|p1a: Exeggutor|Psychic|p2a: Exeggutor\n|-resisted|p2a: Exeggutor\n|-damage|p2a: Exeggutor|25/100 par\n|\n|upkeep\n|turn|31\n|\n|t:|1737819238\n|move|p2a: Exeggutor|Psychic|p1a: Exeggutor\n|-resisted|p1a: Exeggutor\n|-damage|p1a: Exeggutor|21/100 par\n|move|p1a: Exeggutor|Rest|p1a: Exeggutor\n|-status|p1a: Exeggutor|slp|[from] move: Rest\n|-heal|p1a: Exeggutor|100/100 slp|[silent]\n|\n|upkeep\n|turn|32\n|\n|t:|1737819242\n|cant|p2a: Exeggutor|par\n|cant|p1a: Exeggutor|slp\n|\n|upkeep\n|turn|33\n|\n|t:|1737819244\n|move|p2a: Exeggutor|Psychic|p1a: Exeggutor\n|-resisted|p1a: Exeggutor\n|-damage|p1a: Exeggutor|81/100 slp\n|-curestatus|p1a: Exeggutor|slp|[msg]\n|\n|upkeep\n|turn|34\n|\n|t:|1737819248\n|move|p2a: Exeggutor|Psychic|p1a: Exeggutor\n|-resisted|p1a: Exeggutor\n|-damage|p1a: Exeggutor|62/100\n|-unboost|p1a: Exeggutor|spa|1\n|-unboost|p1a: Exeggutor|spd|1\n|move|p1a: Exeggutor|Psychic|p2a: Exeggutor\n|-resisted|p2a: Exeggutor\n|-damage|p2a: Exeggutor|18/100 par\n|\n|upkeep\n|turn|35\n|\n|t:|1737819258\n|switch|p1a: Starmie|Starmie|100/100\n|cant|p2a: Exeggutor|par\n|\n|upkeep\n|turn|36\n|\n|t:|1737819264\n|move|p1a: Starmie|Surf|p2a: Exeggutor\n|-crit|p2a: Exeggutor\n|-resisted|p2a: Exeggutor\n|-damage|p2a: Exeggutor|0 fnt\n|faint|p2a: Exeggutor\n|\n|t:|1737819271\n|switch|p2a: Starmie|Starmie|100/100\n|turn|37\n|\n|t:|1737819278\n|move|p2a: Starmie|Thunder Wave|p1a: Starmie\n|-status|p1a: Starmie|par\n|cant|p1a: Starmie|par\n|\n|upkeep\n|turn|38\n|\n|t:|1737819288\n|switch|p2a: Chansey|Chansey|28/100 par\n|move|p1a: Starmie|Thunder Wave|p2a: Chansey\n|-fail|p2a: Chansey|par\n|\n|upkeep\n|turn|39\n|\n|t:|1737819293\n|move|p1a: Starmie|Surf|p2a: Chansey\n|-damage|p2a: Chansey|12/100 par\n|cant|p2a: Chansey|par\n|\n|upkeep\n|turn|40\n|\n|t:|1737819297\n|move|p1a: Starmie|Surf|p2a: Chansey\n|-damage|p2a: Chansey|0 fnt\n|faint|p2a: Chansey\n|\n|t:|1737819300\n|switch|p2a: Snorlax|Snorlax|28/100\n|turn|41\n|\n|t:|1737819303\n|switch|p1a: Rhydon|Rhydon|78/100\n|move|p2a: Snorlax|Body Slam|p1a: Rhydon\n|-resisted|p1a: Rhydon\n|-damage|p1a: Rhydon|66/100\n|\n|upkeep\n|turn|42\n|\n|t:|1737819309\n|switch|p2a: Starmie|Starmie|100/100\n|move|p1a: Rhydon|Body Slam|p2a: Starmie\n|-damage|p2a: Starmie|73/100\n|\n|upkeep\n|turn|43\n|\n|t:|1737819321\n|switch|p1a: Chansey|Chansey|91/100 slp\n|move|p2a: Starmie|Surf|p1a: Chansey\n|-crit|p1a: Chansey\n|-damage|p1a: Chansey|62/100 slp\n|\n|upkeep\n|turn|44\n|\n|t:|1737819327\n|switch|p2a: Snorlax|Snorlax|28/100\n|switch|p1a: Exeggutor|Exeggutor|62/100\n|\n|upkeep\n|turn|45\n|\n|t:|1737819332\n|switch|p2a: Starmie|Starmie|73/100\n|move|p1a: Exeggutor|Psychic|p2a: Starmie\n|-resisted|p2a: Starmie\n|-damage|p2a: Starmie|54/100\n|-unboost|p2a: Starmie|spa|1\n|-unboost|p2a: Starmie|spd|1\n|\n|upkeep\n|turn|46\n|\n|t:|1737819337\n|move|p2a: Starmie|Thunder Wave|p1a: Exeggutor\n|-status|p1a: Exeggutor|par\n|move|p1a: Exeggutor|Stun Spore|p2a: Starmie\n|-status|p2a: Starmie|par\n|\n|upkeep\n|turn|47\n|\n|t:|1737819343\n|move|p2a: Starmie|Recover|p2a: Starmie\n|-heal|p2a: Starmie|100/100 par\n|move|p1a: Exeggutor|Psychic|p2a: Starmie\n|-resisted|p2a: Starmie\n|-damage|p2a: Starmie|70/100 par\n|\n|upkeep\n|turn|48\n|c|☆Prinz|Ggs you did better\n|\n|t:|1737819357\n|switch|p2a: Snorlax|Snorlax|28/100\n|move|p1a: Exeggutor|Psychic|p2a: Snorlax\n|-damage|p2a: Snorlax|0 fnt\n|faint|p2a: Snorlax\n|c|☆chuva de perereca|ggs\n|-message|Prinz forfeited.\n|\n|win|chuva de perereca\n","uploadtime":1737819366,"views":"2572","formatid":"gen1ou","rating":null,"private":0,"password":null}