{"id":"smogtours-gen1ou-956821","format":"[Gen 1] OU","players":["Amaranth","oakdeon"],"log":"|inactive|Battle timer is ON: inactive players will automatically lose when time's up.\n|t:|1784369972\n|gametype|singles\n|player|p1|Amaranth|#amaranth|\n|player|p2|oakdeon|#adpl|\n|gen|1\n|tier|[Gen 1] OU\n|rule|Desync Clause Mod: Desyncs resolve to link battle behavior from the acting player's perspective.\n|rule|HP Percentage Mod: HP is shown in percentages\n|rule|Endless Battle Clause: Forcing endless battles is banned\n|rule|Sleep Clause Mod: Limit one foe put to sleep\n|rule|Freeze Clause Mod: Limit one foe frozen\n|rule|Species Clause: Limit one of each Pokémon\n|rule|OHKO Clause: OHKO moves are banned\n|rule|Evasion Moves Clause: Evasion moves are banned\n|\n|t:|1784369972\n|teamsize|p1|6\n|teamsize|p2|6\n|start\n|switch|p1a: Jynx|Jynx|100/100\n|switch|p2a: Jynx|Jynx|100/100\n|turn|1\n|c|☆oakdeon|hf\n|c|☆Amaranth|glhf\n|\n|t:|1784369998\n|move|p2a: Jynx|Lovely Kiss|p1a: Jynx\n|-status|p1a: Jynx|slp|[from] move: Lovely Kiss\n|-curestatus|p1a: Jynx|slp|[msg]\n|\n|upkeep\n|turn|2\n|\n|t:|1784370001\n|move|p2a: Jynx|Lovely Kiss|p1a: Jynx\n|-status|p1a: Jynx|slp|[from] move: Lovely Kiss\n|cant|p1a: Jynx|slp\n|\n|upkeep\n|turn|3\n|\n|t:|1784370003\n|switch|p2a: Tauros|Tauros|100/100\n|cant|p1a: Jynx|slp\n|\n|upkeep\n|turn|4\n|\n|t:|1784370010\n|switch|p1a: Snorlax|Snorlax|100/100\n|move|p2a: Tauros|Body Slam|p1a: Snorlax\n|-damage|p1a: Snorlax|77/100\n|\n|upkeep\n|turn|5\n|inactive|oakdeon has 270 seconds left.\n|\n|t:|1784370053\n|switch|p2a: Snorlax|Snorlax|100/100\n|move|p1a: Snorlax|Body Slam|p2a: Snorlax\n|-damage|p2a: Snorlax|73/100\n|\n|upkeep\n|turn|6\n|\n|t:|1784370059\n|move|p1a: Snorlax|Reflect|p1a: Snorlax\n|-start|p1a: Snorlax|Reflect\n|move|p2a: Snorlax|Body Slam|p1a: Snorlax\n|-damage|p1a: Snorlax|64/100\n|\n|upkeep\n|turn|7\n|\n|t:|1784370061\n|move|p2a: Snorlax|Reflect|p2a: Snorlax\n|-start|p2a: Snorlax|Reflect\n|move|p1a: Snorlax|Body Slam|p2a: Snorlax\n|-damage|p2a: Snorlax|61/100\n|\n|upkeep\n|turn|8\n|\n|t:|1784370069\n|move|p2a: Snorlax|Rest|p2a: Snorlax\n|-status|p2a: Snorlax|slp|[from] move: Rest\n|-heal|p2a: Snorlax|100/100 slp|[silent]\n|move|p1a: Snorlax|Body Slam|p2a: Snorlax\n|-damage|p2a: Snorlax|87/100 slp\n|\n|upkeep\n|turn|9\n|\n|t:|1784370071\n|move|p1a: Snorlax|Body Slam|p2a: Snorlax\n|-damage|p2a: Snorlax|73/100 slp\n|cant|p2a: Snorlax|slp\n|\n|upkeep\n|turn|10\n|\n|t:|1784370073\n|move|p1a: Snorlax|Body Slam|p2a: Snorlax\n|-damage|p2a: Snorlax|60/100 slp\n|-curestatus|p2a: Snorlax|slp|[msg]\n|\n|upkeep\n|turn|11\n|\n|t:|1784370078\n|move|p1a: Snorlax|Body Slam|p2a: Snorlax\n|-damage|p2a: Snorlax|46/100\n|move|p2a: Snorlax|Rest|p2a: Snorlax\n|-status|p2a: Snorlax|slp|[from] move: Rest\n|-heal|p2a: Snorlax|100/100 slp|[silent]\n|\n|upkeep\n|turn|12\n|\n|t:|1784370080\n|cant|p2a: Snorlax|slp\n|move|p1a: Snorlax|Body Slam|p2a: Snorlax\n|-crit|p2a: Snorlax\n|-damage|p2a: Snorlax|45/100 slp\n|\n|upkeep\n|turn|13\n|inactive|Amaranth has 270 seconds left.\n|\n|t:|1784370116\n|switch|p1a: Chansey|Chansey|100/100\n|-curestatus|p2a: Snorlax|slp|[msg]\n|\n|upkeep\n|turn|14\n|\n|t:|1784370132\n|move|p1a: Chansey|Sing|p2a: Snorlax\n|-status|p2a: Snorlax|slp|[from] move: Sing\n|cant|p2a: Snorlax|slp\n|\n|upkeep\n|turn|15\n|inactive|oakdeon has 270 seconds left.\n|\n|t:|1784370172\n|switch|p2a: Exeggutor|Exeggutor|100/100\n|move|p1a: Chansey|Ice Beam|p2a: Exeggutor\n|-supereffective|p2a: Exeggutor\n|-damage|p2a: Exeggutor|69/100\n|\n|upkeep\n|turn|16\n|\n|t:|1784370180\n|move|p2a: Exeggutor|Explosion|p1a: Chansey\n|-damage|p1a: Chansey|0 fnt\n|faint|p1a: Chansey\n|faint|p2a: Exeggutor\n|\n|t:|1784370197\n|switch|p2a: Starmie|Starmie|100/100\n|switch|p1a: Starmie|Starmie|100/100\n|turn|17\n|\n|t:|1784370201\n|move|p1a: Starmie|Thunder Wave|p2a: Starmie\n|-status|p2a: Starmie|par\n|move|p2a: Starmie|Thunder Wave|p1a: Starmie\n|-status|p1a: Starmie|par\n|\n|upkeep\n|turn|18\n|\n|t:|1784370213\n|move|p2a: Starmie|Thunderbolt|p1a: Starmie\n|-supereffective|p1a: Starmie\n|-damage|p1a: Starmie|57/100 par\n|cant|p1a: Starmie|par\n|\n|upkeep\n|turn|19\n|\n|t:|1784370225\n|switch|p1a: Snorlax|Snorlax|64/100\n|move|p2a: Starmie|Thunderbolt|p1a: Snorlax\n|-damage|p1a: Snorlax|45/100\n|-status|p1a: Snorlax|par\n|\n|upkeep\n|turn|20\n|inactive|oakdeon has 270 seconds left.\n|\n|t:|1784370263\n|switch|p2a: Snorlax|Snorlax|45/100 slp\n|cant|p1a: Snorlax|par\n|\n|upkeep\n|turn|21\n|\n|t:|1784370267\n|-curestatus|p2a: Snorlax|slp|[msg]\n|move|p1a: Snorlax|Body Slam|p2a: Snorlax\n|-damage|p2a: Snorlax|17/100\n|\n|upkeep\n|turn|22\n|\n|t:|1784370276\n|switch|p1a: Rhydon|Rhydon|100/100\n|move|p2a: Snorlax|Body Slam|p1a: Rhydon\n|-resisted|p1a: Rhydon\n|-damage|p1a: Rhydon|89/100\n|\n|upkeep\n|turn|23\n|\n|t:|1784370291\n|switch|p2a: Tauros|Tauros|100/100\n|move|p1a: Rhydon|Earthquake|p2a: Tauros\n|-damage|p2a: Tauros|62/100\n|\n|upkeep\n|turn|24\n|inactive|Amaranth has 270 seconds left.\n|\n|t:|1784370329\n|switch|p1a: Jynx|Jynx|100/100 slp\n|move|p2a: Tauros|Blizzard|p1a: Jynx\n|-resisted|p1a: Jynx\n|-damage|p1a: Jynx|90/100 slp\n|\n|upkeep\n|turn|25\n|\n|t:|1784370349\n|move|p2a: Tauros|Body Slam|p1a: Jynx\n|-crit|p1a: Jynx\n|-damage|p1a: Jynx|0 fnt\n|faint|p1a: Jynx\n|\n|t:|1784370352\n|switch|p1a: Tauros|Tauros|100/100\n|turn|26\n|\n|t:|1784370362\n|move|p1a: Tauros|Body Slam|p2a: Tauros\n|-damage|p2a: Tauros|33/100\n|move|p2a: Tauros|Body Slam|p1a: Tauros\n|-crit|p1a: Tauros\n|-damage|p1a: Tauros|48/100\n|\n|upkeep\n|turn|27\n|inactive|Amaranth has 270 seconds left.\n|inactive|oakdeon has 240 seconds left.\n|\n|t:|1784370423\n|switch|p2a: Zapdos|Zapdos|100/100\n|switch|p1a: Rhydon|Rhydon|89/100\n|\n|upkeep\n|turn|28\n|inactive|oakdeon has 210 seconds left.\n|\n|t:|1784370454\n|switch|p2a: Starmie|Starmie|100/100 par\n|move|p1a: Rhydon|Earthquake|p2a: Starmie\n|-crit|p2a: Starmie\n|-damage|p2a: Starmie|8/100 par\n|\n|upkeep\n|turn|29\n|\n|t:|1784370463\n|move|p1a: Rhydon|Earthquake|p2a: Starmie\n|-damage|p2a: Starmie|0 fnt\n|faint|p2a: Starmie\n|\n|t:|1784370471\n|switch|p2a: Jynx|Jynx|100/100\n|turn|30\n|\n|t:|1784370478\n|switch|p2a: Tauros|Tauros|33/100\n|switch|p1a: Starmie|Starmie|57/100 par\n|\n|upkeep\n|turn|31\n|inactive|Amaranth has 270 seconds left.\n|inactive|oakdeon has 210 seconds left.\n|inactive|Amaranth has 240 seconds left.\n|inactive|oakdeon has 180 seconds left.\n|inactive|Amaranth has 210 seconds left.\n|inactive|oakdeon has 150 seconds left.\n|inactive|Amaranth has 180 seconds left.\n|inactive|oakdeon has 120 seconds left.\n|inactive|Amaranth has 150 seconds left.\n|inactive|oakdeon has 90 seconds left.\n|\n|t:|1784370639\n|move|p2a: Tauros|Body Slam|p1a: Starmie\n|-damage|p1a: Starmie|24/100 par\n|move|p1a: Starmie|Psychic|p2a: Tauros\n|-damage|p2a: Tauros|0 fnt\n|faint|p2a: Tauros\n|\n|t:|1784370645\n|switch|p2a: Snorlax|Snorlax|17/100\n|turn|32\n|inactive|Amaranth has 150 seconds left.\n|\n|t:|1784370665\n|switch|p1a: Rhydon|Rhydon|89/100\n|move|p2a: Snorlax|Earthquake|p1a: Rhydon\n|-supereffective|p1a: Rhydon\n|-damage|p1a: Rhydon|54/100\n|\n|upkeep\n|turn|33\n|\n|t:|1784370674\n|move|p1a: Rhydon|Rock Slide|p2a: Snorlax\n|-damage|p2a: Snorlax|0 fnt\n|faint|p2a: Snorlax\n|\n|t:|1784370676\n|switch|p2a: Jynx|Jynx|100/100\n|turn|34\n|inactive|Amaranth has 150 seconds left.\n|inactive|Amaranth has 120 seconds left.\n|inactive|Amaranth has 90 seconds left.\n|c|☆oakdeon|jusqu'au bout !\n|inactive|Amaranth has 60 seconds left.\n|\n|t:|1784370801\n|switch|p1a: Tauros|Tauros|48/100\n|move|p2a: Jynx|Blizzard|p1a: Tauros\n|-damage|p1a: Tauros|1/100\n|\n|upkeep\n|turn|35\n|inactive|oakdeon has 90 seconds left.\n|inactive|oakdeon has 60 seconds left.\n|inactive|oakdeon has 30 seconds left.\n|\n|t:|1784370870\n|move|p1a: Tauros|Body Slam|p2a: Jynx\n|-damage|p2a: Jynx|50/100\n|move|p2a: Jynx|Body Slam|p1a: Tauros\n|-damage|p1a: Tauros|0 fnt\n|faint|p1a: Tauros\n|inactive|Amaranth has 30 seconds left.\n|inactive|Amaranth has 20 seconds left.\n|inactive|Amaranth has 15 seconds left.\n|inactive|Amaranth has 10 seconds left.\n|\n|t:|1784370914\n|switch|p1a: Starmie|Starmie|24/100 par\n|turn|36\n|inactive|Amaranth has 20 seconds left this turn.\n|inactive|oakdeon has 30 seconds left.\n|inactive|Amaranth has 15 seconds left.\n|inactive|Amaranth has 10 seconds left.\n|inactive|oakdeon has 20 seconds left.\n|inactive|oakdeon has 15 seconds left.\n|\n|t:|1784370948\n|move|p2a: Jynx|Body Slam|p1a: Starmie\n|-damage|p1a: Starmie|8/100 par\n|cant|p1a: Starmie|par\n|\n|upkeep\n|turn|37\n|inactive|Amaranth has 20 seconds left this turn.\n|inactive|oakdeon has 25 seconds left this turn.\n|\n|t:|1784370952\n|move|p2a: Jynx|Body Slam|p1a: Starmie\n|-damage|p1a: Starmie|0 fnt\n|faint|p1a: Starmie\n|inactive|Amaranth has 25 seconds left this turn.\n|\n|t:|1784370954\n|switch|p1a: Snorlax|Snorlax|45/100 par\n|turn|38\n|\n|t:|1784370957\n|switch|p2a: Zapdos|Zapdos|100/100\n|switch|p1a: Rhydon|Rhydon|54/100\n|\n|upkeep\n|turn|39\n|inactive|Amaranth has 30 seconds left.\n|\n|t:|1784370977\n|move|p2a: Zapdos|Drill Peck|p1a: Rhydon\n|-crit|p1a: Rhydon\n|-resisted|p1a: Rhydon\n|-damage|p1a: Rhydon|35/100\n|move|p1a: Rhydon|Rock Slide|p2a: Zapdos\n|-crit|p2a: Zapdos\n|-supereffective|p2a: Zapdos\n|-damage|p2a: Zapdos|0 fnt\n|faint|p2a: Zapdos\n|\n|t:|1784370987\n|switch|p2a: Jynx|Jynx|50/100\n|turn|40\n|\n|t:|1784370993\n|move|p2a: Jynx|Blizzard|p1a: Rhydon\n|-crit|p1a: Rhydon\n|-supereffective|p1a: Rhydon\n|-damage|p1a: Rhydon|0 fnt\n|faint|p1a: Rhydon\n|\n|t:|1784370994\n|switch|p1a: Snorlax|Snorlax|45/100 par\n|turn|41\n|c|☆Amaranth|gg\n|\n|t:|1784371006\n|move|p2a: Jynx|Blizzard|p1a: Snorlax\n|-damage|p1a: Snorlax|11/100 par\n|cant|p1a: Snorlax|par\n|\n|upkeep\n|turn|42\n|c|☆oakdeon|gg\n|\n|t:|1784371029\n|move|p2a: Jynx|Blizzard|p1a: Snorlax\n|-damage|p1a: Snorlax|0 fnt\n|faint|p1a: Snorlax\n|\n|win|oakdeon\n|c|☆Amaranth|LOL\n|player|p1|\n","uploadtime":1784371029,"views":"90","formatid":"gen1ou","rating":null,"private":0,"password":null}