{"id":"smogtours-gen1ou-915260","format":"[Gen 1] OU","players":["nicole7735","BeeOrSomething"],"log":"|inactive|Battle timer is ON: inactive players will automatically lose when time's up.\n|t:|1772941385\n|gametype|singles\n|player|p1|nicole7735|#splxviiscooters|\n|player|p2|BeeOrSomething|#beeorsomething|\n|gen|1\n|tier|[Gen 1] OU\n|rule|Desync Clause Mod: Desyncs changed to move failure.\n|rule|Sleep Clause Mod: Limit one foe put to sleep\n|rule|Freeze Clause Mod: Limit one foe frozen\n|rule|Species Clause: Limit one of each Pokémon\n|rule|OHKO Clause: OHKO moves are banned\n|rule|Evasion Moves Clause: Evasion moves are banned\n|rule|Endless Battle Clause: Forcing endless battles is banned\n|rule|HP Percentage Mod: HP is shown in percentages\n|\n|t:|1772941385\n|teamsize|p1|6\n|teamsize|p2|6\n|start\n|switch|p1a: Starmie|Starmie|100/100\n|switch|p2a: Down Bad|Starmie|100/100\n|turn|1\n|c|☆BeeOrSomething|glhf\n|c|☆nicole7735|hf\n|\n|t:|1772941400\n|switch|p1a: Chansey|Chansey|100/100\n|move|p2a: Down Bad|Blizzard|p1a: Chansey\n|-damage|p1a: Chansey|88/100\n|\n|upkeep\n|turn|2\n|rated|Smogon Premier League\n|inactive|BeeOrSomething has 270 seconds left.\n|inactive|BeeOrSomething has 240 seconds left.\n|\n|t:|1772941472\n|switch|p2a: Casting|Exeggutor|100/100\n|move|p1a: Chansey|Sing|p2a: Casting\n|-status|p2a: Casting|slp|[from] move: Sing\n|\n|upkeep\n|turn|3\n|\n|t:|1772941498\n|cant|p2a: Casting|slp\n|move|p1a: Chansey|Seismic Toss|p2a: Casting\n|-damage|p2a: Casting|75/100 slp\n|\n|upkeep\n|turn|4\n|\n|t:|1772941509\n|switch|p2a: Plan|Chansey|100/100\n|move|p1a: Chansey|Seismic Toss|p2a: Plan\n|-damage|p2a: Plan|86/100\n|\n|upkeep\n|turn|5\n|\n|t:|1772941514\n|move|p1a: Chansey|Thunder Wave|p2a: Plan\n|-status|p2a: Plan|par\n|cant|p2a: Plan|par\n|\n|upkeep\n|turn|6\n|\n|t:|1772941517\n|move|p1a: Chansey|Seismic Toss|p2a: Plan\n|-damage|p2a: Plan|72/100 par\n|move|p2a: Plan|Sing|p1a: Chansey|[miss]\n|-miss|p2a: Plan\n|\n|upkeep\n|turn|7\n|\n|t:|1772941521\n|move|p1a: Chansey|Seismic Toss|p2a: Plan\n|-damage|p2a: Plan|58/100 par\n|move|p2a: Plan|Sing|p1a: Chansey|[miss]\n|-miss|p2a: Plan\n|\n|upkeep\n|turn|8\n|\n|t:|1772941526\n|move|p1a: Chansey|Seismic Toss|p2a: Plan\n|-damage|p2a: Plan|44/100 par\n|cant|p2a: Plan|par\n|\n|upkeep\n|turn|9\n|\n|t:|1772941529\n|switch|p1a: Snorlax|Snorlax|100/100\n|cant|p2a: Plan|par\n|\n|upkeep\n|turn|10\n|\n|t:|1772941535\n|switch|p2a: Blind|Snorlax|100/100\n|move|p1a: Snorlax|Body Slam|p2a: Blind\n|-damage|p2a: Blind|75/100\n|\n|upkeep\n|turn|11\n|\n|t:|1772941539\n|move|p2a: Blind|Reflect|p2a: Blind\n|-start|p2a: Blind|Reflect\n|move|p1a: Snorlax|Body Slam|p2a: Blind\n|-damage|p2a: Blind|61/100\n|\n|upkeep\n|turn|12\n|\n|t:|1772941541\n|move|p1a: Snorlax|Reflect|p1a: Snorlax\n|-start|p1a: Snorlax|Reflect\n|move|p2a: Blind|Body Slam|p1a: Snorlax\n|-damage|p1a: Snorlax|86/100\n|\n|upkeep\n|turn|13\n|\n|t:|1772941544\n|move|p1a: Snorlax|Body Slam|p2a: Blind\n|-damage|p2a: Blind|48/100\n|move|p2a: Blind|Rest|p2a: Blind\n|-status|p2a: Blind|slp|[from] move: Rest\n|-heal|p2a: Blind|100/100 slp|[silent]\n|\n|upkeep\n|turn|14\n|\n|t:|1772941551\n|switch|p1a: Exeggutor|Exeggutor|100/100\n|cant|p2a: Blind|slp\n|\n|upkeep\n|turn|15\n|\n|t:|1772941555\n|switch|p2a: Down Bad|Starmie|100/100\n|move|p1a: Exeggutor|Psychic|p2a: Down Bad\n|-resisted|p2a: Down Bad\n|-damage|p2a: Down Bad|83/100\n|-unboost|p2a: Down Bad|spa|1\n|-unboost|p2a: Down Bad|spd|1\n|\n|upkeep\n|turn|16\n|\n|t:|1772941566\n|move|p2a: Down Bad|Blizzard|p1a: Exeggutor\n|-supereffective|p1a: Exeggutor\n|-damage|p1a: Exeggutor|73/100\n|move|p1a: Exeggutor|Psychic|p2a: Down Bad\n|-resisted|p2a: Down Bad\n|-damage|p2a: Down Bad|53/100\n|\n|upkeep\n|turn|17\n|\n|t:|1772941572\n|switch|p2a: Plan|Chansey|44/100 par\n|switch|p1a: Chansey|Chansey|88/100\n|\n|upkeep\n|turn|18\n|\n|t:|1772941580\n|move|p1a: Chansey|Seismic Toss|p2a: Plan\n|-damage|p2a: Plan|29/100 par\n|move|p2a: Plan|Sing|p1a: Chansey\n|-status|p1a: Chansey|slp|[from] move: Sing\n|\n|upkeep\n|turn|19\n|\n|t:|1772941604\n|switch|p1a: Snorlax|Snorlax|86/100\n|move|p2a: Plan|Soft-Boiled|p2a: Plan\n|-heal|p2a: Plan|79/100 par\n|\n|upkeep\n|turn|20\n|\n|t:|1772941609\n|move|p1a: Snorlax|Body Slam|p2a: Plan\n|-damage|p2a: Plan|36/100 par\n|cant|p2a: Plan|par\n|\n|upkeep\n|turn|21\n|\n|t:|1772941621\n|switch|p2a: Calculation|Rhydon|100/100\n|move|p1a: Snorlax|Body Slam|p2a: Calculation\n|-resisted|p2a: Calculation\n|-damage|p2a: Calculation|89/100\n|-status|p2a: Calculation|par\n|\n|upkeep\n|turn|22\n|inactive|nicole7735 has 270 seconds left.\n|\n|t:|1772941655\n|move|p1a: Snorlax|Reflect|p1a: Snorlax\n|-start|p1a: Snorlax|Reflect\n|cant|p2a: Calculation|par\n|\n|upkeep\n|turn|23\n|\n|t:|1772941657\n|move|p1a: Snorlax|Body Slam|p2a: Calculation\n|-resisted|p2a: Calculation\n|-damage|p2a: Calculation|78/100 par\n|move|p2a: Calculation|Earthquake|p1a: Snorlax\n|-damage|p1a: Snorlax|69/100\n|\n|upkeep\n|turn|24\n|\n|t:|1772941663\n|move|p1a: Snorlax|Body Slam|p2a: Calculation\n|-resisted|p2a: Calculation\n|-damage|p2a: Calculation|67/100 par\n|move|p2a: Calculation|Earthquake|p1a: Snorlax\n|-damage|p1a: Snorlax|53/100\n|\n|upkeep\n|turn|25\n|\n|t:|1772941676\n|move|p1a: Snorlax|Rest|p1a: Snorlax\n|-status|p1a: Snorlax|slp|[from] move: Rest\n|-heal|p1a: Snorlax|100/100 slp|[silent]\n|move|p2a: Calculation|Earthquake|p1a: Snorlax\n|-damage|p1a: Snorlax|83/100 slp\n|\n|upkeep\n|turn|26\n|\n|t:|1772941678\n|switch|p2a: Down Bad|Starmie|53/100\n|cant|p1a: Snorlax|slp\n|\n|upkeep\n|turn|27\n|\n|t:|1772941683\n|switch|p1a: Starmie|Starmie|100/100\n|move|p2a: Down Bad|Psychic|p1a: Starmie\n|-crit|p1a: Starmie\n|-resisted|p1a: Starmie\n|-damage|p1a: Starmie|71/100\n|-unboost|p1a: Starmie|spa|1\n|-unboost|p1a: Starmie|spd|1\n|\n|upkeep\n|turn|28\n|\n|t:|1772941688\n|move|p2a: Down Bad|Thunder Wave|p1a: Starmie\n|-status|p1a: Starmie|par\n|move|p1a: Starmie|Thunder Wave|p2a: Down Bad\n|-status|p2a: Down Bad|par\n|\n|upkeep\n|turn|29\n|\n|t:|1772941713\n|move|p1a: Starmie|Recover|p1a: Starmie\n|-heal|p1a: Starmie|100/100 par\n|move|p2a: Down Bad|Recover|p2a: Down Bad\n|-heal|p2a: Down Bad|100/100 par\n|\n|upkeep\n|turn|30\n|\n|t:|1772941716\n|move|p2a: Down Bad|Psychic|p1a: Starmie\n|-resisted|p1a: Starmie\n|-damage|p1a: Starmie|74/100 par\n|move|p1a: Starmie|Psychic|p2a: Down Bad\n|-resisted|p2a: Down Bad\n|-damage|p2a: Down Bad|89/100 par\n|\n|upkeep\n|turn|31\n|\n|t:|1772941734\n|switch|p2a: Blind|Snorlax|100/100 slp\n|cant|p1a: Starmie|par\n|\n|upkeep\n|turn|32\n|\n|t:|1772941739\n|-curestatus|p2a: Blind|slp|[msg]\n|move|p1a: Starmie|Thunder Wave|p2a: Blind\n|-status|p2a: Blind|par\n|\n|upkeep\n|turn|33\n|\n|t:|1772941745\n|switch|p1a: Snorlax|Snorlax|83/100 slp\n|cant|p2a: Blind|par\n|\n|upkeep\n|turn|34\n|\n|t:|1772941756\n|-curestatus|p1a: Snorlax|slp|[msg]\n|move|p2a: Blind|Body Slam|p1a: Snorlax\n|-damage|p1a: Snorlax|57/100\n|\n|upkeep\n|turn|35\n|\n|t:|1772941762\n|switch|p2a: Calculation|Rhydon|67/100 par\n|move|p1a: Snorlax|Reflect|p1a: Snorlax\n|-start|p1a: Snorlax|Reflect\n|\n|upkeep\n|turn|36\n|inactive|nicole7735 has 270 seconds left.\n|\n|t:|1772941815\n|switch|p1a: Exeggutor|Exeggutor|73/100\n|move|p2a: Calculation|Earthquake|p1a: Exeggutor\n|-resisted|p1a: Exeggutor\n|-damage|p1a: Exeggutor|52/100\n|\n|upkeep\n|turn|37\n|\n|t:|1772941821\n|switch|p2a: Down Bad|Starmie|89/100 par\n|move|p1a: Exeggutor|Psychic|p2a: Down Bad\n|-resisted|p2a: Down Bad\n|-damage|p2a: Down Bad|71/100 par\n|\n|upkeep\n|turn|38\n|\n|t:|1772941829\n|switch|p1a: Starmie|Starmie|74/100 par\n|cant|p2a: Down Bad|par\n|\n|upkeep\n|turn|39\n|\n|t:|1772941832\n|move|p2a: Down Bad|Recover|p2a: Down Bad\n|-heal|p2a: Down Bad|100/100 par\n|move|p1a: Starmie|Psychic|p2a: Down Bad\n|-resisted|p2a: Down Bad\n|-damage|p2a: Down Bad|83/100 par\n|-unboost|p2a: Down Bad|spa|1\n|-unboost|p2a: Down Bad|spd|1\n|\n|upkeep\n|turn|40\n|\n|t:|1772941838\n|move|p1a: Starmie|Psychic|p2a: Down Bad\n|-resisted|p2a: Down Bad\n|-damage|p2a: Down Bad|59/100 par\n|move|p2a: Down Bad|Recover|p2a: Down Bad\n|-heal|p2a: Down Bad|100/100 par\n|\n|upkeep\n|turn|41\n|\n|t:|1772941844\n|switch|p2a: Casting|Exeggutor|75/100 slp\n|cant|p1a: Starmie|par\n|\n|upkeep\n|turn|42\n|\n|t:|1772941850\n|switch|p2a: Down Bad|Starmie|100/100 par\n|cant|p1a: Starmie|par\n|\n|upkeep\n|turn|43\n|\n|t:|1772941854\n|move|p2a: Down Bad|Psychic|p1a: Starmie\n|-resisted|p1a: Starmie\n|-damage|p1a: Starmie|58/100 par\n|-unboost|p1a: Starmie|spa|1\n|-unboost|p1a: Starmie|spd|1\n|cant|p1a: Starmie|par\n|\n|upkeep\n|turn|44\n|\n|t:|1772941876\n|switch|p2a: Plan|Chansey|36/100 par\n|cant|p1a: Starmie|par\n|\n|upkeep\n|turn|45\n|inactive|BeeOrSomething has 270 seconds left.\n|inactive|nicole7735 has 270 seconds left.\n|\n|t:|1772941926\n|switch|p2a: Rupture|Tauros|100/100\n|move|p1a: Starmie|Recover|p1a: Starmie\n|-heal|p1a: Starmie|100/100 par\n|\n|upkeep\n|turn|46\n|inactive|nicole7735 has 270 seconds left.\n|\n|t:|1772941950\n|switch|p2a: Blind|Snorlax|100/100 par\n|move|p1a: Starmie|Thunder Wave|p2a: Blind\n|-fail|p2a: Blind|par\n|\n|upkeep\n|turn|47\n|\n|t:|1772941967\n|switch|p1a: Snorlax|Snorlax|57/100\n|move|p2a: Blind|Body Slam|p1a: Snorlax\n|-damage|p1a: Snorlax|33/100\n|\n|upkeep\n|turn|48\n|\n|t:|1772941974\n|switch|p2a: Calculation|Rhydon|67/100 par\n|move|p1a: Snorlax|Reflect|p1a: Snorlax\n|-start|p1a: Snorlax|Reflect\n|\n|upkeep\n|turn|49\n|\n|t:|1772941980\n|move|p1a: Snorlax|Rest|p1a: Snorlax\n|-status|p1a: Snorlax|slp|[from] move: Rest\n|-heal|p1a: Snorlax|100/100 slp|[silent]\n|move|p2a: Calculation|Earthquake|p1a: Snorlax\n|-damage|p1a: Snorlax|83/100 slp\n|\n|upkeep\n|turn|50\n|\n|t:|1772941985\n|cant|p1a: Snorlax|slp\n|move|p2a: Calculation|Earthquake|p1a: Snorlax\n|-damage|p1a: Snorlax|65/100 slp\n|\n|upkeep\n|turn|51\n|\n|t:|1772941989\n|-curestatus|p1a: Snorlax|slp|[msg]\n|move|p2a: Calculation|Earthquake|p1a: Snorlax\n|-damage|p1a: Snorlax|46/100\n|\n|upkeep\n|turn|52\n|\n|t:|1772941998\n|switch|p1a: Exeggutor|Exeggutor|52/100\n|cant|p2a: Calculation|par\n|\n|upkeep\n|turn|53\n|\n|t:|1772942016\n|switch|p2a: Down Bad|Starmie|100/100 par\n|move|p1a: Exeggutor|Psychic|p2a: Down Bad\n|-resisted|p2a: Down Bad\n|-damage|p2a: Down Bad|81/100 par\n|-unboost|p2a: Down Bad|spa|1\n|-unboost|p2a: Down Bad|spd|1\n|\n|upkeep\n|turn|54\n|\n|t:|1772942037\n|move|p1a: Exeggutor|Psychic|p2a: Down Bad\n|-resisted|p2a: Down Bad\n|-damage|p2a: Down Bad|52/100 par\n|move|p2a: Down Bad|Thunder Wave|p1a: Exeggutor\n|-status|p1a: Exeggutor|par\n|\n|upkeep\n|turn|55\n|\n|t:|1772942050\n|switch|p2a: Plan|Chansey|36/100 par\n|move|p1a: Exeggutor|Psychic|p2a: Plan\n|-damage|p2a: Plan|18/100 par\n|-unboost|p2a: Plan|spa|1\n|-unboost|p2a: Plan|spd|1\n|\n|upkeep\n|turn|56\n|\n|t:|1772942057\n|switch|p2a: Down Bad|Starmie|52/100 par\n|move|p1a: Exeggutor|Psychic|p2a: Down Bad\n|-resisted|p2a: Down Bad\n|-damage|p2a: Down Bad|34/100 par\n|-unboost|p2a: Down Bad|spa|1\n|-unboost|p2a: Down Bad|spd|1\n|\n|upkeep\n|turn|57\n|\n|t:|1772942072\n|switch|p2a: Casting|Exeggutor|75/100 slp\n|move|p1a: Exeggutor|Psychic|p2a: Casting\n|-resisted|p2a: Casting\n|-damage|p2a: Casting|62/100 slp\n|\n|upkeep\n|turn|58\n|\n|t:|1772942079\n|switch|p1a: Tauros|Tauros|100/100\n|cant|p2a: Casting|slp\n|\n|upkeep\n|turn|59\n|\n|t:|1772942084\n|switch|p2a: Plan|Chansey|18/100 par\n|move|p1a: Tauros|Body Slam|p2a: Plan\n|-damage|p2a: Plan|0 fnt\n|faint|p2a: Plan\n|\n|t:|1772942088\n|switch|p2a: Blind|Snorlax|100/100 par\n|turn|60\n|\n|t:|1772942116\n|switch|p1a: Snorlax|Snorlax|46/100\n|move|p2a: Blind|Body Slam|p1a: Snorlax\n|-damage|p1a: Snorlax|19/100\n|\n|upkeep\n|turn|61\n|\n|t:|1772942128\n|switch|p2a: Down Bad|Starmie|34/100 par\n|move|p1a: Snorlax|Self-Destruct|p2a: Down Bad\n|-damage|p2a: Down Bad|0 fnt\n|faint|p2a: Down Bad\n|faint|p1a: Snorlax\n|inactive|nicole7735 has 270 seconds left.\n|\n|t:|1772942164\n|switch|p1a: Exeggutor|Exeggutor|52/100 par\n|switch|p2a: Blind|Snorlax|100/100 par\n|turn|62\n|\n|t:|1772942168\n|move|p1a: Exeggutor|Psychic|p2a: Blind\n|-damage|p2a: Blind|69/100 par\n|move|p2a: Blind|Hyper Beam|p1a: Exeggutor\n|-damage|p1a: Exeggutor|0 fnt\n|faint|p1a: Exeggutor\n|\n|t:|1772942179\n|switch|p1a: Rhydon|Rhydon|100/100\n|turn|63\n|\n|t:|1772942184\n|move|p1a: Rhydon|Earthquake|p2a: Blind\n|-damage|p2a: Blind|35/100 par\n|move|p2a: Blind|Reflect|p2a: Blind\n|-start|p2a: Blind|Reflect\n|\n|upkeep\n|turn|64\n|\n|t:|1772942214\n|switch|p1a: Starmie|Starmie|100/100 par\n|move|p2a: Blind|Rest|p2a: Blind\n|-status|p2a: Blind|slp|[from] move: Rest\n|-heal|p2a: Blind|100/100 slp|[silent]\n|\n|upkeep\n|turn|65\n|\n|t:|1772942220\n|move|p1a: Starmie|Psychic|p2a: Blind\n|-crit|p2a: Blind\n|-damage|p2a: Blind|46/100 slp\n|cant|p2a: Blind|slp\n|\n|upkeep\n|turn|66\n|\n|t:|1772942225\n|cant|p1a: Starmie|par\n|-curestatus|p2a: Blind|slp|[msg]\n|\n|upkeep\n|turn|67\n|inactive|nicole7735 has 270 seconds left.\n|inactive|BeeOrSomething has 270 seconds left.\n|\n|t:|1772942263\n|cant|p1a: Starmie|par\n|move|p2a: Blind|Body Slam|p1a: Starmie\n|-damage|p1a: Starmie|64/100 par\n|\n|upkeep\n|turn|68\n|\n|t:|1772942283\n|move|p1a: Starmie|Thunder Wave|p2a: Blind\n|-status|p2a: Blind|par\n|move|p2a: Blind|Hyper Beam|p1a: Starmie\n|-damage|p1a: Starmie|5/100 par\n|-mustrecharge|p2a: Blind\n|\n|upkeep\n|turn|69\n|inactive|nicole7735 has 240 seconds left.\n|\n|t:|1772942323\n|move|p1a: Starmie|Psychic|p2a: Blind\n|-damage|p2a: Blind|21/100 par\n|cant|p2a: Blind|recharge\n|\n|upkeep\n|turn|70\n|\n|t:|1772942333\n|move|p1a: Starmie|Psychic|p2a: Blind\n|-crit|p2a: Blind\n|-damage|p2a: Blind|0 fnt\n|faint|p2a: Blind\n|\n|t:|1772942335\n|switch|p2a: Rupture|Tauros|100/100\n|turn|71\n|\n|t:|1772942342\n|move|p2a: Rupture|Earthquake|p1a: Starmie\n|-crit|p1a: Starmie\n|-damage|p1a: Starmie|0 fnt\n|faint|p1a: Starmie\n|\n|t:|1772942343\n|switch|p1a: Tauros|Tauros|100/100\n|turn|72\n|\n|t:|1772942351\n|move|p2a: Rupture|Body Slam|p1a: Tauros\n|-damage|p1a: Tauros|70/100\n|move|p1a: Tauros|Body Slam|p2a: Rupture\n|-damage|p2a: Rupture|70/100\n|\n|upkeep\n|turn|73\n|\n|t:|1772942356\n|move|p2a: Rupture|Body Slam|p1a: Tauros\n|-damage|p1a: Tauros|42/100\n|move|p1a: Tauros|Body Slam|p2a: Rupture\n|-damage|p2a: Rupture|43/100\n|\n|upkeep\n|turn|74\n|inactive|nicole7735 has 240 seconds left.\n|inactive|BeeOrSomething has 270 seconds left.\n|inactive|nicole7735 has 210 seconds left.\n|\n|t:|1772942434\n|switch|p2a: Casting|Exeggutor|62/100 slp\n|move|p1a: Tauros|Hyper Beam|p2a: Casting\n|-crit|p2a: Casting\n|-damage|p2a: Casting|0 fnt\n|faint|p2a: Casting\n|\n|t:|1772942441\n|switch|p2a: Calculation|Rhydon|67/100 par\n|turn|75\n|inactive|nicole7735 has 180 seconds left.\n|inactive|nicole7735 has 150 seconds left.\n|\n|t:|1772942521\n|switch|p1a: Chansey|Chansey|88/100 slp\n|move|p2a: Calculation|Earthquake|p1a: Chansey\n|-damage|p1a: Chansey|29/100 slp\n|\n|upkeep\n|turn|76\n|\n|t:|1772942526\n|cant|p1a: Chansey|slp\n|move|p2a: Calculation|Substitute|p2a: Calculation\n|-start|p2a: Calculation|Substitute\n|-damage|p2a: Calculation|42/100 par\n|\n|upkeep\n|turn|77\n|\n|t:|1772942530\n|cant|p1a: Chansey|slp\n|move|p2a: Calculation|Earthquake|p1a: Chansey\n|-damage|p1a: Chansey|0 fnt\n|faint|p1a: Chansey\n|\n|t:|1772942533\n|switch|p1a: Rhydon|Rhydon|100/100\n|turn|78\n|\n|t:|1772942535\n|move|p1a: Rhydon|Substitute|p1a: Rhydon\n|-start|p1a: Rhydon|Substitute\n|-damage|p1a: Rhydon|76/100\n|move|p2a: Calculation|Earthquake|p1a: Rhydon\n|-supereffective|p1a: Rhydon\n|-end|p1a: Rhydon|Substitute\n|\n|upkeep\n|turn|79\n|\n|t:|1772942538\n|move|p1a: Rhydon|Substitute|p1a: Rhydon\n|-start|p1a: Rhydon|Substitute\n|-damage|p1a: Rhydon|51/100\n|move|p2a: Calculation|Earthquake|p1a: Rhydon\n|-supereffective|p1a: Rhydon\n|-end|p1a: Rhydon|Substitute\n|\n|upkeep\n|turn|80\n|\n|t:|1772942540\n|move|p1a: Rhydon|Substitute|p1a: Rhydon\n|-start|p1a: Rhydon|Substitute\n|-damage|p1a: Rhydon|26/100\n|move|p2a: Calculation|Earthquake|p1a: Rhydon\n|-supereffective|p1a: Rhydon\n|-end|p1a: Rhydon|Substitute\n|\n|upkeep\n|turn|81\n|\n|t:|1772942542\n|move|p1a: Rhydon|Substitute|p1a: Rhydon\n|-start|p1a: Rhydon|Substitute\n|-damage|p1a: Rhydon|1/100\n|move|p2a: Calculation|Earthquake|p1a: Rhydon\n|-supereffective|p1a: Rhydon\n|-end|p1a: Rhydon|Substitute\n|\n|upkeep\n|turn|82\n|\n|t:|1772942546\n|move|p1a: Rhydon|Earthquake|p2a: Calculation\n|-supereffective|p2a: Calculation\n|-end|p2a: Calculation|Substitute\n|move|p2a: Calculation|Earthquake|p1a: Rhydon\n|-supereffective|p1a: Rhydon\n|-damage|p1a: Rhydon|0 fnt\n|faint|p1a: Rhydon\n|\n|t:|1772942547\n|switch|p1a: Tauros|Tauros|42/100\n|turn|83\n|\n|t:|1772942549\n|move|p1a: Tauros|Blizzard|p2a: Calculation\n|-supereffective|p2a: Calculation\n|-damage|p2a: Calculation|0 fnt\n|faint|p2a: Calculation\n|\n|t:|1772942550\n|switch|p2a: Rupture|Tauros|43/100\n|turn|84\n|\n|t:|1772942552\n|move|p2a: Rupture|Hyper Beam|p1a: Tauros\n|-crit|p1a: Tauros\n|-damage|p1a: Tauros|0 fnt\n|faint|p1a: Tauros\n|\n|win|BeeOrSomething\n|c|☆nicole7735|ggs\n|c|☆BeeOrSomething|gg\n","uploadtime":1772942552,"views":"888","formatid":"gen1ou","rating":null,"private":0,"password":null}