{"id":"smogtours-gen1ou-958610","format":"[Gen 1] OU","players":["oakdeon","1000papercranes"],"log":"|inactive|Battle timer is ON: inactive players will automatically lose when time's up.\n|t:|1784927864\n|gametype|singles\n|player|p1|oakdeon|#adpl|\n|player|p2|1000papercranes|psychic-gen1rb|\n|gen|1\n|tier|[Gen 1] OU\n|rule|Desync Clause Mod: Desyncs resolve to link battle behavior from the acting player's perspective.\n|rule|HP Percentage Mod: HP is shown in percentages\n|rule|Endless Battle Clause: Forcing endless battles is banned\n|rule|Sleep Clause Mod: Limit one foe put to sleep\n|rule|Freeze Clause Mod: Limit one foe frozen\n|rule|Species Clause: Limit one of each Pokémon\n|rule|OHKO Clause: OHKO moves are banned\n|rule|Evasion Moves Clause: Evasion moves are banned\n|\n|t:|1784927864\n|teamsize|p1|6\n|teamsize|p2|6\n|start\n|switch|p1a: Alakazam|Alakazam|100/100\n|switch|p2a: Gengar|Gengar|100/100\n|turn|1\n|c|☆oakdeon|hf bro\n|c|☆1000papercranes|GL HF.\n|\n|t:|1784927885\n|switch|p1a: Jynx|Jynx|100/100\n|switch|p2a: Chansey|Chansey|100/100\n|\n|upkeep\n|turn|2\n|c|☆oakdeon|2\n|\n|t:|1784927893\n|switch|p2a: Gengar|Gengar|100/100\n|move|p1a: Jynx|Lovely Kiss|p2a: Gengar\n|-status|p2a: Gengar|slp|[from] move: Lovely Kiss\n|\n|upkeep\n|turn|3\n|\n|t:|1784927898\n|switch|p2a: Starmie|Starmie|100/100\n|move|p1a: Jynx|Blizzard|p2a: Starmie\n|-resisted|p2a: Starmie\n|-damage|p2a: Starmie|79/100\n|\n|upkeep\n|turn|4\n|\n|t:|1784927909\n|switch|p1a: Chansey|Chansey|100/100\n|move|p2a: Starmie|Thunderbolt|p1a: Chansey\n|-crit|p1a: Chansey\n|-damage|p1a: Chansey|79/100\n|\n|upkeep\n|turn|5\n|\n|t:|1784927915\n|switch|p2a: Gengar|Gengar|100/100 slp\n|move|p1a: Chansey|Thunder Wave|p2a: Gengar\n|-fail|p2a: Gengar\n|\n|upkeep\n|turn|6\n|\n|t:|1784927924\n|switch|p2a: Chansey|Chansey|100/100\n|move|p1a: Chansey|Ice Beam|p2a: Chansey\n|-damage|p2a: Chansey|91/100\n|\n|upkeep\n|turn|7\n|\n|t:|1784927929\n|switch|p1a: Jynx|Jynx|100/100\n|move|p2a: Chansey|Sing|p1a: Jynx\n|-status|p1a: Jynx|slp|[from] move: Sing\n|\n|upkeep\n|turn|8\n|\n|t:|1784927934\n|switch|p1a: Chansey|Chansey|79/100\n|switch|p2a: Tauros|Tauros|100/100\n|\n|upkeep\n|turn|9\n|\n|t:|1784927949\n|switch|p2a: Chansey|Chansey|91/100\n|move|p1a: Chansey|Thunder Wave|p2a: Chansey\n|-status|p2a: Chansey|par\n|\n|upkeep\n|turn|10\n|\n|t:|1784927955\n|move|p1a: Chansey|Thunder Wave|p2a: Chansey\n|-fail|p2a: Chansey|par\n|move|p2a: Chansey|Thunder Wave|p1a: Chansey\n|-status|p1a: Chansey|par\n|\n|upkeep\n|turn|11\n|\n|t:|1784927960\n|move|p2a: Chansey|Ice Beam|p1a: Chansey\n|-damage|p1a: Chansey|68/100 par\n|cant|p1a: Chansey|par\n|\n|upkeep\n|turn|12\n|\n|t:|1784927964\n|cant|p1a: Chansey|par\n|move|p2a: Chansey|Ice Beam|p1a: Chansey\n|-damage|p1a: Chansey|58/100 par\n|\n|upkeep\n|turn|13\n|\n|t:|1784927969\n|cant|p1a: Chansey|par\n|move|p2a: Chansey|Ice Beam|p1a: Chansey\n|-damage|p1a: Chansey|47/100 par\n|\n|upkeep\n|turn|14\n|\n|t:|1784927971\n|switch|p2a: Tauros|Tauros|100/100\n|move|p1a: Chansey|Thunder Wave|p2a: Tauros\n|-status|p2a: Tauros|par\n|\n|upkeep\n|turn|15\n|\n|t:|1784927989\n|switch|p1a: Cloyster|Cloyster|100/100\n|move|p2a: Tauros|Body Slam|p1a: Cloyster\n|-damage|p1a: Cloyster|79/100\n|\n|upkeep\n|turn|16\n|\n|t:|1784927993\n|switch|p2a: Chansey|Chansey|91/100 par\n|move|p1a: Cloyster|Blizzard|p2a: Chansey\n|-damage|p2a: Chansey|75/100 par\n|\n|upkeep\n|turn|17\n|\n|t:|1784927997\n|switch|p2a: Starmie|Starmie|79/100\n|move|p1a: Cloyster|Clamp|p2a: Starmie|[miss]\n|-miss|p1a: Cloyster\n|\n|upkeep\n|turn|18\n|\n|t:|1784928010\n|switch|p1a: Chansey|Chansey|47/100 par\n|move|p2a: Starmie|Recover|p2a: Starmie\n|-heal|p2a: Starmie|100/100\n|\n|upkeep\n|turn|19\n|\n|t:|1784928012\n|switch|p2a: Tauros|Tauros|100/100 par\n|move|p1a: Chansey|Soft-Boiled|p1a: Chansey\n|-heal|p1a: Chansey|97/100 par\n|\n|upkeep\n|turn|20\n|\n|t:|1784928042\n|switch|p1a: Snorlax|Snorlax|100/100\n|move|p2a: Tauros|Body Slam|p1a: Snorlax\n|-damage|p1a: Snorlax|74/100\n|\n|upkeep\n|turn|21\n|\n|t:|1784928049\n|switch|p2a: Gengar|Gengar|100/100 slp\n|move|p1a: Snorlax|Counter|p2a: Gengar\n|-damage|p2a: Gengar|15/100 slp\n|\n|upkeep\n|turn|22\n|\n|t:|1784928056\n|switch|p2a: Exeggutor|Exeggutor|100/100\n|move|p1a: Snorlax|Body Slam|p2a: Exeggutor\n|-damage|p2a: Exeggutor|68/100\n|-status|p2a: Exeggutor|par\n|\n|upkeep\n|turn|23\n|\n|t:|1784928067\n|switch|p1a: Chansey|Chansey|97/100 par\n|move|p2a: Exeggutor|Stun Spore|p1a: Chansey|[miss]\n|-miss|p2a: Exeggutor\n|\n|upkeep\n|turn|24\n|\n|t:|1784928074\n|switch|p2a: Tauros|Tauros|100/100 par\n|move|p1a: Chansey|Ice Beam|p2a: Tauros\n|-damage|p2a: Tauros|71/100 par\n|\n|upkeep\n|turn|25\n|\n|t:|1784928078\n|switch|p1a: Cloyster|Cloyster|79/100\n|move|p2a: Tauros|Body Slam|p1a: Cloyster\n|-crit|p1a: Cloyster\n|-damage|p1a: Cloyster|40/100\n|-status|p1a: Cloyster|par\n|\n|upkeep\n|turn|26\n|\n|t:|1784928091\n|switch|p2a: Starmie|Starmie|100/100\n|move|p1a: Cloyster|Rest|p1a: Cloyster\n|-status|p1a: Cloyster|slp|[from] move: Rest\n|-heal|p1a: Cloyster|100/100 slp|[silent]\n|\n|upkeep\n|turn|27\n|\n|t:|1784928096\n|switch|p2a: Tauros|Tauros|71/100 par\n|switch|p1a: Chansey|Chansey|97/100 par\n|\n|upkeep\n|turn|28\n|\n|t:|1784928102\n|switch|p2a: Rhydon|Rhydon|100/100\n|switch|p1a: Cloyster|Cloyster|100/100 slp\n|\n|upkeep\n|turn|29\n|\n|t:|1784928110\n|cant|p1a: Cloyster|slp\n|move|p2a: Rhydon|Rock Slide|p1a: Cloyster\n|-supereffective|p1a: Cloyster\n|-damage|p1a: Cloyster|52/100 slp\n|\n|upkeep\n|turn|30\n|\n|t:|1784928120\n|switch|p1a: Alakazam|Alakazam|100/100\n|move|p2a: Rhydon|Earthquake|p1a: Alakazam\n|-damage|p1a: Alakazam|25/100\n|\n|upkeep\n|turn|31\n|\n|t:|1784928126\n|move|p1a: Alakazam|Psychic|p2a: Rhydon\n|-crit|p2a: Rhydon\n|-damage|p2a: Rhydon|7/100\n|-unboost|p2a: Rhydon|spa|1\n|-unboost|p2a: Rhydon|spd|1\n|move|p2a: Rhydon|Earthquake|p1a: Alakazam\n|-damage|p1a: Alakazam|0 fnt\n|faint|p1a: Alakazam\n|\n|t:|1784928132\n|switch|p1a: Tauros|Tauros|100/100\n|turn|32\n|\n|t:|1784928138\n|switch|p2a: Gengar|Gengar|15/100 slp\n|move|p1a: Tauros|Body Slam|p2a: Gengar\n|-immune|p2a: Gengar\n|\n|upkeep\n|turn|33\n|\n|t:|1784928141\n|move|p1a: Tauros|Blizzard|p2a: Gengar\n|-damage|p2a: Gengar|0 fnt\n|faint|p2a: Gengar\n|\n|t:|1784928143\n|switch|p2a: Starmie|Starmie|100/100\n|turn|34\n|\n|t:|1784928163\n|switch|p2a: Tauros|Tauros|71/100 par\n|switch|p1a: Chansey|Chansey|97/100 par\n|\n|upkeep\n|turn|35\n|\n|t:|1784928175\n|switch|p1a: Cloyster|Cloyster|52/100 slp\n|move|p2a: Tauros|Body Slam|p1a: Cloyster\n|-damage|p1a: Cloyster|31/100 slp\n|\n|upkeep\n|turn|36\n|\n|t:|1784928185\n|-curestatus|p1a: Cloyster|slp|[msg]\n|move|p2a: Tauros|Hyper Beam|p1a: Cloyster\n|-damage|p1a: Cloyster|0 fnt\n|faint|p1a: Cloyster\n|\n|t:|1784928187\n|switch|p1a: Snorlax|Snorlax|74/100\n|turn|37\n|\n|t:|1784928208\n|move|p1a: Snorlax|Body Slam|p2a: Tauros\n|-damage|p2a: Tauros|38/100 par\n|move|p2a: Tauros|Earthquake|p1a: Snorlax\n|-damage|p1a: Snorlax|55/100\n|\n|upkeep\n|turn|38\n|\n|t:|1784928213\n|move|p1a: Snorlax|Body Slam|p2a: Tauros\n|-damage|p2a: Tauros|9/100 par\n|move|p2a: Tauros|Rest|p2a: Tauros\n|-status|p2a: Tauros|slp|[from] move: Rest\n|-heal|p2a: Tauros|100/100 slp|[silent]\n|\n|upkeep\n|turn|39\n|\n|t:|1784928225\n|move|p1a: Snorlax|Body Slam|p2a: Tauros\n|-damage|p2a: Tauros|67/100 slp\n|cant|p2a: Tauros|slp\n|\n|upkeep\n|turn|40\n|\n|t:|1784928227\n|move|p1a: Snorlax|Body Slam|p2a: Tauros\n|-damage|p2a: Tauros|35/100 slp\n|-curestatus|p2a: Tauros|slp|[msg]\n|\n|upkeep\n|turn|41\n|\n|t:|1784928230\n|switch|p2a: Exeggutor|Exeggutor|68/100 par\n|move|p1a: Snorlax|Body Slam|p2a: Exeggutor\n|-damage|p2a: Exeggutor|40/100 par\n|\n|upkeep\n|turn|42\n|\n|t:|1784928245\n|switch|p1a: Jynx|Jynx|100/100 slp\n|move|p2a: Exeggutor|Explosion|p1a: Jynx\n|-damage|p1a: Jynx|0 fnt\n|faint|p1a: Jynx\n|faint|p2a: Exeggutor\n|\n|t:|1784928267\n|switch|p1a: Chansey|Chansey|97/100 par\n|switch|p2a: Starmie|Starmie|100/100\n|turn|43\n|inactive|oakdeon has 270 seconds left.\n|\n|t:|1784928300\n|switch|p2a: Chansey|Chansey|75/100 par\n|switch|p1a: Snorlax|Snorlax|55/100\n|\n|upkeep\n|turn|44\n|\n|t:|1784928322\n|move|p1a: Snorlax|Body Slam|p2a: Chansey\n|-damage|p2a: Chansey|34/100 par\n|move|p2a: Chansey|Ice Beam|p1a: Snorlax\n|-damage|p1a: Snorlax|35/100\n|-status|p1a: Snorlax|frz\n|\n|upkeep\n|turn|45\n|\n|t:|1784928329\n|switch|p1a: Tauros|Tauros|100/100\n|move|p2a: Chansey|Soft-Boiled|p2a: Chansey\n|-heal|p2a: Chansey|84/100 par\n|\n|upkeep\n|turn|46\n|\n|t:|1784928333\n|move|p1a: Tauros|Body Slam|p2a: Chansey\n|-damage|p2a: Chansey|45/100 par\n|move|p2a: Chansey|Thunder Wave|p1a: Tauros\n|-status|p1a: Tauros|par\n|\n|upkeep\n|turn|47\n|\n|t:|1784928343\n|move|p1a: Tauros|Body Slam|p2a: Chansey\n|-damage|p2a: Chansey|7/100 par\n|move|p2a: Chansey|Ice Beam|p1a: Tauros\n|-damage|p1a: Tauros|70/100 par\n|\n|upkeep\n|turn|48\n|\n|t:|1784928348\n|cant|p1a: Tauros|par\n|move|p2a: Chansey|Ice Beam|p1a: Tauros\n|-damage|p1a: Tauros|43/100 par\n|\n|upkeep\n|turn|49\n|\n|t:|1784928351\n|move|p1a: Tauros|Body Slam|p2a: Chansey\n|-damage|p2a: Chansey|0 fnt\n|faint|p2a: Chansey\n|\n|t:|1784928359\n|switch|p2a: Rhydon|Rhydon|7/100\n|turn|50\n|\n|t:|1784928362\n|switch|p1a: Snorlax|Snorlax|35/100 frz\n|move|p2a: Rhydon|Earthquake|p1a: Snorlax\n|-damage|p1a: Snorlax|3/100 frz\n|\n|upkeep\n|turn|51\n|\n|t:|1784928364\n|switch|p1a: Chansey|Chansey|97/100 par\n|move|p2a: Rhydon|Earthquake|p1a: Chansey\n|-damage|p1a: Chansey|40/100 par\n|\n|upkeep\n|turn|52\n|\n|t:|1784928366\n|move|p2a: Rhydon|Earthquake|p1a: Chansey\n|-damage|p1a: Chansey|0 fnt\n|faint|p1a: Chansey\n|c|☆oakdeon|gg\n|-message|oakdeon forfeited.\n|\n|win|1000papercranes\n|c|☆1000papercranes|gg\n|player|p1|\n|player|p2|\n","uploadtime":1784928375,"views":"72","formatid":"gen1ou","rating":null,"private":0,"password":null}