{"id":"smogtours-gen1ou-826984","format":"[Gen 1] OU","players":["spies rby","Kaz"],"log":"|inactive|Battle timer is ON: inactive players will automatically lose when time's up.\n|t:|1742763334\n|gametype|singles\n|player|p1|spies rby|psychic-gen1rb|\n|player|p2|Kaz|#splxviclassiest2|\n|teamsize|p1|6\n|teamsize|p2|6\n|gen|1\n|tier|[Gen 1] OU\n|rule|Desync Clause Mod: Desyncs changed to move failure.\n|rule|Sleep Clause Mod: Limit one foe put to sleep\n|rule|Freeze Clause Mod: Limit one foe frozen\n|rule|Species Clause: Limit one of each Pokémon\n|rule|OHKO Clause: OHKO moves are banned\n|rule|Evasion Moves Clause: Evasion moves are banned\n|rule|Endless Battle Clause: Forcing endless battles is banned\n|rule|HP Percentage Mod: HP is shown in percentages\n|\n|t:|1742763334\n|start\n|switch|p1a: Jynx|Jynx|100/100\n|switch|p2a: Gengar|Gengar|100/100\n|turn|1\n|c|☆spies rby|gl hf.\n|rated|Smogon Premier League\n|c|☆Kaz|you too\n|\n|t:|1742763356\n|move|p2a: Gengar|Hypnosis|p1a: Jynx\n|-status|p1a: Jynx|slp|[from] move: Hypnosis\n|cant|p1a: Jynx|slp\n|\n|upkeep\n|turn|2\n|\n|t:|1742763368\n|move|p2a: Gengar|Night Shade|p1a: Jynx\n|-damage|p1a: Jynx|70/100 slp\n|cant|p1a: Jynx|slp\n|\n|upkeep\n|turn|3\n|\n|t:|1742763389\n|switch|p1a: Exeggutor|Exeggutor|100/100\n|move|p2a: Gengar|Night Shade|p1a: Exeggutor\n|-damage|p1a: Exeggutor|75/100\n|\n|upkeep\n|turn|4\n|inactive|Kaz has 270 seconds left.\n|inactive|spies rby has 270 seconds left.\n|\n|t:|1742763427\n|move|p2a: Gengar|Night Shade|p1a: Exeggutor\n|-damage|p1a: Exeggutor|50/100\n|move|p1a: Exeggutor|Sleep Powder|p2a: Gengar\n|-status|p2a: Gengar|slp|[from] move: Sleep Powder\n|\n|upkeep\n|turn|5\n|inactive|Kaz has 270 seconds left.\n|inactive|spies rby has 270 seconds left.\n|\n|t:|1742763448\n|cant|p2a: Gengar|slp\n|move|p1a: Exeggutor|Psychic|p2a: Gengar\n|-supereffective|p2a: Gengar\n|-damage|p2a: Gengar|36/100 slp\n|\n|upkeep\n|turn|6\n|\n|t:|1742763455\n|switch|p2a: Exeggutor|Exeggutor|100/100\n|move|p1a: Exeggutor|Stun Spore|p2a: Exeggutor|[miss]\n|-miss|p1a: Exeggutor\n|\n|upkeep\n|turn|7\n|inactive|Kaz has 270 seconds left.\n|inactive|spies rby has 270 seconds left.\n|\n|t:|1742763480\n|switch|p1a: Starmie|Starmie|100/100\n|move|p2a: Exeggutor|Psychic|p1a: Starmie\n|-resisted|p1a: Starmie\n|-damage|p1a: Starmie|80/100\n|\n|upkeep\n|turn|8\n|inactive|spies rby has 270 seconds left.\n|inactive|Kaz has 240 seconds left.\n|\n|t:|1742763525\n|switch|p2a: Gengar|Gengar|36/100 slp\n|move|p1a: Starmie|Thunder Wave|p2a: Gengar\n|-fail|p2a: Gengar\n|\n|upkeep\n|turn|9\n|\n|t:|1742763538\n|switch|p2a: Alakazam|Alakazam|100/100\n|move|p1a: Starmie|Thunder Wave|p2a: Alakazam\n|-status|p2a: Alakazam|par\n|\n|upkeep\n|turn|10\n|inactive|Kaz has 240 seconds left.\n|inactive|Kaz has 210 seconds left.\n|inactive|spies rby has 240 seconds left.\n|\n|t:|1742763581\n|switch|p1a: Jynx|Jynx|70/100 slp\n|cant|p2a: Alakazam|par\n|\n|upkeep\n|turn|11\n|inactive|spies rby has 240 seconds left.\n|inactive|Kaz has 210 seconds left.\n|inactive|Kaz has 180 seconds left.\n|\n|t:|1742763628\n|switch|p1a: Exeggutor|Exeggutor|50/100\n|switch|p2a: Snorlax|Snorlax|100/100\n|\n|upkeep\n|turn|12\n|inactive|Kaz has 180 seconds left.\n|inactive|spies rby has 210 seconds left.\n|\n|t:|1742763660\n|switch|p2a: Exeggutor|Exeggutor|100/100\n|move|p1a: Exeggutor|Psychic|p2a: Exeggutor\n|-resisted|p2a: Exeggutor\n|-damage|p2a: Exeggutor|87/100\n|-unboost|p2a: Exeggutor|spa|1\n|-unboost|p2a: Exeggutor|spd|1\n|\n|upkeep\n|turn|13\n|inactive|spies rby has 210 seconds left.\n|\n|t:|1742763671\n|switch|p1a: Starmie|Starmie|80/100\n|switch|p2a: Alakazam|Alakazam|100/100 par\n|\n|upkeep\n|turn|14\n|inactive|spies rby has 210 seconds left.\n|\n|t:|1742763695\n|switch|p1a: Jynx|Jynx|70/100 slp\n|move|p2a: Alakazam|Seismic Toss|p1a: Jynx\n|-damage|p1a: Jynx|40/100 slp\n|\n|upkeep\n|turn|15\n|\n|t:|1742763729\n|switch|p1a: Exeggutor|Exeggutor|50/100\n|move|p2a: Alakazam|Psychic|p1a: Exeggutor\n|-resisted|p1a: Exeggutor\n|-damage|p1a: Exeggutor|36/100\n|\n|upkeep\n|turn|16\n|inactive|Kaz has 150 seconds left.\n|inactive|spies rby has 180 seconds left.\n|inactive|Kaz has 120 seconds left.\n|inactive|Kaz has 90 seconds left.\n|\n|t:|1742763833\n|move|p1a: Exeggutor|Explosion|p2a: Alakazam\n|-damage|p2a: Alakazam|0 fnt\n|faint|p2a: Alakazam\n|faint|p1a: Exeggutor\n|inactive|Kaz has 60 seconds left.\n|inactive|spies rby has 150 seconds left.\n|\n|t:|1742763855\n|switch|p1a: Starmie|Starmie|80/100\n|switch|p2a: Snorlax|Snorlax|100/100\n|turn|17\n|inactive|spies rby has 150 seconds left.\n|\n|t:|1742763865\n|move|p1a: Starmie|Thunder Wave|p2a: Snorlax\n|-status|p2a: Snorlax|par\n|move|p2a: Snorlax|Body Slam|p1a: Starmie\n|-damage|p1a: Starmie|42/100\n|-status|p1a: Starmie|par\n|\n|upkeep\n|turn|18\n|\n|t:|1742763874\n|move|p1a: Starmie|Recover|p1a: Starmie\n|-heal|p1a: Starmie|92/100 par\n|move|p2a: Snorlax|Body Slam|p1a: Starmie\n|-damage|p1a: Starmie|53/100 par\n|\n|upkeep\n|turn|19\n|\n|t:|1742763884\n|move|p1a: Starmie|Recover|p1a: Starmie\n|-heal|p1a: Starmie|100/100 par\n|cant|p2a: Snorlax|par\n|\n|upkeep\n|turn|20\n|\n|t:|1742763893\n|move|p1a: Starmie|Psychic|p2a: Snorlax\n|-damage|p2a: Snorlax|73/100 par\n|-unboost|p2a: Snorlax|spa|1\n|-unboost|p2a: Snorlax|spd|1\n|move|p2a: Snorlax|Body Slam|p1a: Starmie\n|-crit|p1a: Starmie\n|-damage|p1a: Starmie|32/100 par\n|\n|upkeep\n|turn|21\n|\n|t:|1742763904\n|switch|p2a: Zapdos|Zapdos|100/100\n|move|p1a: Starmie|Recover|p1a: Starmie\n|-heal|p1a: Starmie|82/100 par\n|\n|upkeep\n|turn|22\n|\n|t:|1742763924\n|move|p2a: Zapdos|Thunderbolt|p1a: Starmie\n|-supereffective|p1a: Starmie\n|-damage|p1a: Starmie|0 fnt\n|faint|p1a: Starmie\n|\n|t:|1742763936\n|switch|p1a: Snorlax|Snorlax|100/100\n|turn|23\n|inactive|Kaz has 90 seconds left.\n|\n|t:|1742763970\n|switch|p2a: Gengar|Gengar|36/100 slp\n|move|p1a: Snorlax|Body Slam|p2a: Gengar\n|-immune|p2a: Gengar\n|\n|upkeep\n|turn|24\n|\n|t:|1742763984\n|switch|p1a: Zapdos|Zapdos|100/100\n|cant|p2a: Gengar|slp\n|\n|upkeep\n|turn|25\n|inactive|spies rby has 150 seconds left.\n|inactive|Kaz has 60 seconds left.\n|\n|t:|1742764033\n|cant|p2a: Gengar|slp\n|move|p1a: Zapdos|Thunderbolt|p2a: Gengar\n|-damage|p2a: Gengar|3/100 slp\n|\n|upkeep\n|turn|26\n|inactive|spies rby has 150 seconds left.\n|\n|t:|1742764043\n|switch|p2a: Zapdos|Zapdos|100/100\n|move|p1a: Zapdos|Drill Peck|p2a: Zapdos\n|-resisted|p2a: Zapdos\n|-damage|p2a: Zapdos|87/100\n|\n|upkeep\n|turn|27\n|inactive|spies rby has 150 seconds left.\n|\n|t:|1742764063\n|move|p2a: Zapdos|Thunder Wave|p1a: Zapdos\n|-status|p1a: Zapdos|par\n|move|p1a: Zapdos|Thunder Wave|p2a: Zapdos\n|-status|p2a: Zapdos|par\n|\n|upkeep\n|turn|28\n|\n|t:|1742764074\n|move|p2a: Zapdos|Thunderbolt|p1a: Zapdos\n|-damage|p1a: Zapdos|72/100 par\n|move|p1a: Zapdos|Thunderbolt|p2a: Zapdos\n|-damage|p2a: Zapdos|60/100 par\n|\n|upkeep\n|turn|29\n|\n|t:|1742764081\n|cant|p2a: Zapdos|par\n|move|p1a: Zapdos|Thunderbolt|p2a: Zapdos\n|-damage|p2a: Zapdos|31/100 par\n|\n|upkeep\n|turn|30\n|inactive|spies rby has 150 seconds left.\n|inactive|spies rby has 120 seconds left.\n|\n|t:|1742764123\n|switch|p1a: Snorlax|Snorlax|100/100\n|cant|p2a: Zapdos|par\n|\n|upkeep\n|turn|31\n|inactive|spies rby has 120 seconds left.\n|\n|t:|1742764135\n|switch|p2a: Gengar|Gengar|3/100 slp\n|move|p1a: Snorlax|Body Slam|p2a: Gengar\n|-immune|p2a: Gengar\n|\n|upkeep\n|turn|32\n|inactive|spies rby has 120 seconds left.\n|inactive|Kaz has 60 seconds left.\n|\n|t:|1742764167\n|switch|p2a: Exeggutor|Exeggutor|87/100\n|move|p1a: Snorlax|Earthquake|p2a: Exeggutor\n|-resisted|p2a: Exeggutor\n|-damage|p2a: Exeggutor|76/100\n|\n|upkeep\n|turn|33\n|inactive|Kaz has 60 seconds left.\n|\n|t:|1742764179\n|move|p2a: Exeggutor|Psychic|p1a: Snorlax\n|-damage|p1a: Snorlax|69/100\n|move|p1a: Snorlax|Body Slam|p2a: Exeggutor\n|-damage|p2a: Exeggutor|45/100\n|\n|upkeep\n|turn|34\n|\n|t:|1742764190\n|switch|p1a: Zapdos|Zapdos|72/100 par\n|move|p2a: Exeggutor|Psychic|p1a: Zapdos\n|-damage|p1a: Zapdos|43/100 par\n|\n|upkeep\n|turn|35\n|inactive|Kaz has 60 seconds left.\n|inactive|spies rby has 90 seconds left.\n|inactive|Kaz has 30 seconds left.\n|inactive|spies rby has 60 seconds left.\n|\n|t:|1742764257\n|move|p2a: Exeggutor|Psychic|p1a: Zapdos\n|-damage|p1a: Zapdos|13/100 par\n|move|p1a: Zapdos|Drill Peck|p2a: Exeggutor\n|-supereffective|p2a: Exeggutor\n|-damage|p2a: Exeggutor|0 fnt\n|faint|p2a: Exeggutor\n|inactive|Kaz has 30 seconds left.\n|\n|t:|1742764268\n|switch|p2a: Zapdos|Zapdos|31/100 par\n|turn|36\n|inactive|spies rby has 60 seconds left.\n|\n|t:|1742764284\n|move|p1a: Zapdos|Thunderbolt|p2a: Zapdos\n|-damage|p2a: Zapdos|2/100 par\n|move|p2a: Zapdos|Agility|p2a: Zapdos\n|-boost|p2a: Zapdos|spe|2\n|\n|upkeep\n|turn|37\n|inactive|spies rby has 60 seconds left.\n|\n|t:|1742764291\n|cant|p2a: Zapdos|par\n|move|p1a: Zapdos|Thunderbolt|p2a: Zapdos\n|-crit|p2a: Zapdos\n|-damage|p2a: Zapdos|0 fnt\n|faint|p2a: Zapdos\n|\n|t:|1742764294\n|switch|p2a: Tauros|Tauros|100/100\n|turn|38\n|\n|t:|1742764307\n|switch|p1a: Jynx|Jynx|40/100 slp\n|move|p2a: Tauros|Body Slam|p1a: Jynx\n|-damage|p1a: Jynx|0 fnt\n|faint|p1a: Jynx\n|\n|t:|1742764313\n|switch|p1a: Tauros|Tauros|100/100\n|turn|39\n|inactive|Kaz has 60 seconds left.\n|\n|t:|1742764333\n|move|p1a: Tauros|Blizzard|p2a: Tauros\n|-crit|p2a: Tauros\n|-damage|p2a: Tauros|50/100\n|-status|p2a: Tauros|frz\n|cant|p2a: Tauros|frz\n|\n|upkeep\n|turn|40\n|\n|t:|1742764341\n|switch|p1a: Zapdos|Zapdos|13/100 par\n|cant|p2a: Tauros|frz\n|\n|upkeep\n|turn|41\n|\n|t:|1742764351\n|cant|p2a: Tauros|frz\n|cant|p1a: Zapdos|par\n|\n|upkeep\n|turn|42\n|\n|t:|1742764360\n|cant|p2a: Tauros|frz\n|move|p1a: Zapdos|Thunderbolt|p2a: Tauros\n|-damage|p2a: Tauros|6/100 frz\n|\n|upkeep\n|turn|43\n|\n|t:|1742764368\n|cant|p2a: Tauros|frz\n|move|p1a: Zapdos|Thunderbolt|p2a: Tauros\n|-damage|p2a: Tauros|0 fnt\n|faint|p2a: Tauros\n|\n|t:|1742764374\n|switch|p2a: Gengar|Gengar|3/100 slp\n|turn|44\n|\n|t:|1742764378\n|cant|p2a: Gengar|slp\n|move|p1a: Zapdos|Thunderbolt|p2a: Gengar\n|-damage|p2a: Gengar|0 fnt\n|faint|p2a: Gengar\n|\n|t:|1742764381\n|switch|p2a: Snorlax|Snorlax|73/100 par\n|turn|45\n|\n|t:|1742764385\n|move|p1a: Zapdos|Thunderbolt|p2a: Snorlax\n|-damage|p2a: Snorlax|38/100 par\n|cant|p2a: Snorlax|par\n|\n|upkeep\n|turn|46\n|inactive|spies rby has 120 seconds left.\n|\n|t:|1742764393\n|switch|p1a: Tauros|Tauros|100/100\n|move|p2a: Snorlax|Body Slam|p1a: Tauros\n|-damage|p1a: Tauros|69/100\n|\n|upkeep\n|turn|47\n|inactive|Kaz has 120 seconds left.\n|\n|t:|1742764409\n|move|p1a: Tauros|Hyper Beam|p2a: Snorlax\n|-damage|p2a: Snorlax|0 fnt\n|faint|p2a: Snorlax\n|\n|win|spies rby\n|c|☆Kaz|gg\n|c|☆spies rby|gg\n|player|p2|\n|player|p1|\n","uploadtime":1742764409,"views":"1750","formatid":"gen1ou","rating":null,"private":0,"password":null}