{"id":"smogtours-gen1ou-956185","format":"[Gen 1] OU","players":["TheStupe","stunner047"],"log":"|inactive|Battle timer is ON: inactive players will automatically lose when time's up.\n|t:|1784149380\n|gametype|singles\n|player|p1|TheStupe|psychicf-gen4|\n|player|p2|stunner047|#rbypliiidingdangdewgongs|\n|gen|1\n|tier|[Gen 1] OU\n|rule|Desync Clause Mod: Desyncs resolve to link battle behavior from the acting player's perspective.\n|rule|HP Percentage Mod: HP is shown in percentages\n|rule|Endless Battle Clause: Forcing endless battles is banned\n|rule|Sleep Clause Mod: Limit one foe put to sleep\n|rule|Freeze Clause Mod: Limit one foe frozen\n|rule|Species Clause: Limit one of each Pokémon\n|rule|OHKO Clause: OHKO moves are banned\n|rule|Evasion Moves Clause: Evasion moves are banned\n|\n|t:|1784149380\n|teamsize|p1|6\n|teamsize|p2|6\n|start\n|switch|p1a: Tauros|Tauros|100/100\n|switch|p2a: Jynx|Jynx|100/100\n|turn|1\n|c|☆stunner047|gl hf\n|inactive|TheStupe has 270 seconds left.\n|c|☆TheStupe|u2\n|\n|t:|1784149412\n|move|p1a: Tauros|Body Slam|p2a: Jynx\n|-damage|p2a: Jynx|51/100\n|-status|p2a: Jynx|par\n|cant|p2a: Jynx|par\n|\n|upkeep\n|turn|2\n|\n|t:|1784149431\n|switch|p2a: Exeggutor|Exeggutor|100/100\n|move|p1a: Tauros|Body Slam|p2a: Exeggutor\n|-damage|p2a: Exeggutor|71/100\n|-status|p2a: Exeggutor|par\n|\n|upkeep\n|turn|3\n|\n|t:|1784149439\n|move|p1a: Tauros|Body Slam|p2a: Exeggutor\n|-damage|p2a: Exeggutor|41/100 par\n|move|p2a: Exeggutor|Sleep Powder|p1a: Tauros\n|-status|p1a: Tauros|slp|[from] move: Sleep Powder\n|\n|upkeep\n|turn|4\n|\n|t:|1784149446\n|-curestatus|p1a: Tauros|slp|[msg]\n|cant|p2a: Exeggutor|par\n|\n|upkeep\n|turn|5\n|\n|t:|1784149450\n|switch|p2a: Snorlax|Snorlax|100/100\n|move|p1a: Tauros|Hyper Beam|p2a: Snorlax\n|-damage|p2a: Snorlax|59/100\n|-mustrecharge|p1a: Tauros\n|\n|upkeep\n|turn|6\n|\n|t:|1784149452\n|cant|p1a: Tauros|recharge\n|move|p2a: Snorlax|Reflect|p2a: Snorlax\n|-start|p2a: Snorlax|Reflect\n|\n|upkeep\n|turn|7\n|\n|t:|1784149464\n|move|p1a: Tauros|Body Slam|p2a: Snorlax\n|-damage|p2a: Snorlax|47/100\n|move|p2a: Snorlax|Body Slam|p1a: Tauros\n|-damage|p1a: Tauros|69/100\n|\n|upkeep\n|turn|8\n|\n|t:|1784149467\n|move|p1a: Tauros|Body Slam|p2a: Snorlax\n|-damage|p2a: Snorlax|33/100\n|move|p2a: Snorlax|Body Slam|p1a: Tauros\n|-damage|p1a: Tauros|37/100\n|\n|upkeep\n|turn|9\n|\n|t:|1784149470\n|move|p1a: Tauros|Body Slam|p2a: Snorlax\n|-damage|p2a: Snorlax|20/100\n|move|p2a: Snorlax|Rest|p2a: Snorlax\n|-status|p2a: Snorlax|slp|[from] move: Rest\n|-heal|p2a: Snorlax|100/100 slp|[silent]\n|\n|upkeep\n|turn|10\n|\n|t:|1784149485\n|move|p1a: Tauros|Body Slam|p2a: Snorlax\n|-damage|p2a: Snorlax|88/100 slp\n|cant|p2a: Snorlax|slp\n|\n|upkeep\n|turn|11\n|\n|t:|1784149487\n|move|p1a: Tauros|Body Slam|p2a: Snorlax\n|-crit|p2a: Snorlax\n|-damage|p2a: Snorlax|38/100 slp\n|-curestatus|p2a: Snorlax|slp|[msg]\n|\n|upkeep\n|turn|12\n|\n|t:|1784149490\n|move|p1a: Tauros|Body Slam|p2a: Snorlax\n|-crit|p2a: Snorlax\n|-damage|p2a: Snorlax|0 fnt\n|faint|p2a: Snorlax\n|\n|t:|1784149493\n|switch|p2a: Starmie|Starmie|100/100\n|turn|13\n|\n|t:|1784149499\n|switch|p1a: Alakazam|Alakazam|100/100\n|move|p2a: Starmie|Thunder Wave|p1a: Alakazam\n|-status|p1a: Alakazam|par\n|\n|upkeep\n|turn|14\n|\n|t:|1784149504\n|switch|p2a: Exeggutor|Exeggutor|41/100 par\n|move|p1a: Alakazam|Seismic Toss|p2a: Exeggutor\n|-damage|p2a: Exeggutor|16/100 par\n|\n|upkeep\n|turn|15\n|\n|t:|1784149506\n|move|p1a: Alakazam|Seismic Toss|p2a: Exeggutor\n|-damage|p2a: Exeggutor|0 fnt\n|faint|p2a: Exeggutor\n|\n|t:|1784149508\n|switch|p2a: Tauros|Tauros|100/100\n|turn|16\n|\n|t:|1784149518\n|switch|p1a: Snorlax|Snorlax|100/100\n|move|p2a: Tauros|Body Slam|p1a: Snorlax\n|-crit|p1a: Snorlax\n|-damage|p1a: Snorlax|50/100\n|\n|upkeep\n|turn|17\n|\n|t:|1784149528\n|switch|p2a: Chansey|Chansey|100/100\n|move|p1a: Snorlax|Hyper Beam|p2a: Chansey\n|-damage|p2a: Chansey|25/100\n|-mustrecharge|p1a: Snorlax\n|\n|upkeep\n|turn|18\n|\n|t:|1784149531\n|move|p2a: Chansey|Ice Beam|p1a: Snorlax\n|-damage|p1a: Snorlax|31/100\n|cant|p1a: Snorlax|recharge\n|\n|upkeep\n|turn|19\n|\n|t:|1784149534\n|move|p2a: Chansey|Ice Beam|p1a: Snorlax\n|-damage|p1a: Snorlax|12/100\n|move|p1a: Snorlax|Self-Destruct|p2a: Chansey\n|-damage|p2a: Chansey|0 fnt\n|faint|p2a: Chansey\n|faint|p1a: Snorlax\n|\n|t:|1784149547\n|switch|p2a: Tauros|Tauros|100/100\n|switch|p1a: Starmie|Starmie|100/100\n|turn|20\n|\n|t:|1784149552\n|switch|p2a: Jynx|Jynx|51/100 par\n|move|p1a: Starmie|Psychic|p2a: Jynx\n|-resisted|p2a: Jynx\n|-damage|p2a: Jynx|36/100 par\n|\n|upkeep\n|turn|21\n|\n|t:|1784149555\n|switch|p1a: Alakazam|Alakazam|100/100 par\n|move|p2a: Jynx|Blizzard|p1a: Alakazam\n|-damage|p1a: Alakazam|68/100 par\n|\n|upkeep\n|turn|22\n|\n|t:|1784149557\n|move|p1a: Alakazam|Seismic Toss|p2a: Jynx\n|-damage|p2a: Jynx|6/100 par\n|move|p2a: Jynx|Rest|p2a: Jynx\n|-status|p2a: Jynx|slp|[from] move: Rest\n|-heal|p2a: Jynx|100/100 slp|[silent]\n|\n|upkeep\n|turn|23\n|\n|t:|1784149560\n|switch|p1a: Tauros|Tauros|37/100\n|switch|p2a: Starmie|Starmie|100/100\n|\n|upkeep\n|turn|24\n|\n|t:|1784149563\n|switch|p1a: Alakazam|Alakazam|68/100 par\n|move|p2a: Starmie|Thunderbolt|p1a: Alakazam\n|-damage|p1a: Alakazam|48/100 par\n|\n|upkeep\n|turn|25\n|\n|t:|1784149567\n|move|p2a: Starmie|Blizzard|p1a: Alakazam\n|-crit|p1a: Alakazam\n|-damage|p1a: Alakazam|0 fnt\n|faint|p1a: Alakazam\n|\n|t:|1784149570\n|switch|p1a: Starmie|Starmie|100/100\n|turn|26\n|\n|t:|1784149573\n|switch|p2a: Jynx|Jynx|100/100 slp\n|move|p1a: Starmie|Thunder Wave|p2a: Jynx\n|-fail|p2a: Jynx\n|\n|upkeep\n|turn|27\n|\n|t:|1784149575\n|switch|p1a: Tauros|Tauros|37/100\n|cant|p2a: Jynx|slp\n|\n|upkeep\n|turn|28\n|\n|t:|1784149577\n|move|p1a: Tauros|Body Slam|p2a: Jynx\n|-damage|p2a: Jynx|44/100 slp\n|-curestatus|p2a: Jynx|slp|[msg]\n|\n|upkeep\n|turn|29\n|\n|t:|1784149579\n|move|p1a: Tauros|Body Slam|p2a: Jynx\n|-damage|p2a: Jynx|0 fnt\n|faint|p2a: Jynx\n|\n|t:|1784149580\n|switch|p2a: Starmie|Starmie|100/100\n|turn|30\n|\n|t:|1784149591\n|move|p2a: Starmie|Thunderbolt|p1a: Tauros\n|-damage|p1a: Tauros|10/100\n|move|p1a: Tauros|Body Slam|p2a: Starmie\n|-damage|p2a: Starmie|68/100\n|-status|p2a: Starmie|par\n|\n|upkeep\n|turn|31\n|\n|t:|1784149595\n|move|p1a: Tauros|Thunderbolt|p2a: Starmie\n|-crit|p2a: Starmie\n|-supereffective|p2a: Starmie\n|-damage|p2a: Starmie|0 fnt\n|faint|p2a: Starmie\n|\n|t:|1784149599\n|switch|p2a: Tauros|Tauros|100/100\n|turn|32\n|\n|t:|1784149600\n|move|p2a: Tauros|Body Slam|p1a: Tauros\n|-damage|p1a: Tauros|0 fnt\n|faint|p1a: Tauros\n|\n|t:|1784149602\n|switch|p1a: Starmie|Starmie|100/100\n|turn|33\n|\n|t:|1784149606\n|move|p1a: Starmie|Thunder Wave|p2a: Tauros\n|-status|p2a: Tauros|par\n|move|p2a: Tauros|Body Slam|p1a: Starmie\n|-damage|p1a: Starmie|66/100\n|-status|p1a: Starmie|par\n|\n|upkeep\n|turn|34\n|\n|t:|1784149608\n|move|p1a: Starmie|Psychic|p2a: Tauros\n|-crit|p2a: Tauros\n|-damage|p2a: Tauros|24/100 par\n|move|p2a: Tauros|Hyper Beam|p1a: Starmie\n|-damage|p1a: Starmie|1/100 par\n|-mustrecharge|p2a: Tauros\n|\n|upkeep\n|turn|35\n|\n|t:|1784149610\n|cant|p1a: Starmie|par\n|cant|p2a: Tauros|recharge\n|\n|upkeep\n|turn|36\n|\n|t:|1784149613\n|move|p1a: Starmie|Psychic|p2a: Tauros\n|-damage|p2a: Tauros|0 fnt\n|faint|p2a: Tauros\n|\n|win|TheStupe\n|c|☆TheStupe|gg\n|c|☆stunner047|gg\n|c|☆stunner047|/log stunner047 made the replay of this battle unlisted.\n|player|p2|\n","uploadtime":1784149613,"views":"35","formatid":"gen1ou","rating":null,"private":2,"password":null}