{"id":"smogtours-gen1ou-904767","format":"[Gen 1] OU","players":["sadisticnarwhal","LNumbers"],"log":"|inactive|Battle timer is ON: inactive players will automatically lose when time's up.\n|t:|1769975618\n|gametype|singles\n|player|p1|sadisticnarwhal|#splxviiruiners2|\n|player|p2|LNumbers|#splxviityrants|\n|gen|1\n|tier|[Gen 1] OU\n|rule|Desync Clause Mod: Desyncs changed to move failure.\n|rule|Sleep Clause Mod: Limit one foe put to sleep\n|rule|Freeze Clause Mod: Limit one foe frozen\n|rule|Species Clause: Limit one of each Pokémon\n|rule|OHKO Clause: OHKO moves are banned\n|rule|Evasion Moves Clause: Evasion moves are banned\n|rule|Endless Battle Clause: Forcing endless battles is banned\n|rule|HP Percentage Mod: HP is shown in percentages\n|\n|t:|1769975618\n|teamsize|p1|6\n|teamsize|p2|6\n|start\n|switch|p1a: Jynx|Jynx|100/100\n|switch|p2a: Alakazam|Alakazam|100/100\n|turn|1\n|c|☆LNumbers|hf\n|c|☆sadisticnarwhal|u2\n|\n|t:|1769975631\n|move|p2a: Alakazam|Thunder Wave|p1a: Jynx\n|-status|p1a: Jynx|par\n|move|p1a: Jynx|Lovely Kiss|p2a: Alakazam|[miss]\n|-miss|p1a: Jynx\n|\n|upkeep\n|turn|2\n|\n|t:|1769975652\n|move|p2a: Alakazam|Seismic Toss|p1a: Jynx\n|-damage|p1a: Jynx|70/100 par\n|move|p1a: Jynx|Lovely Kiss|p2a: Alakazam\n|-status|p2a: Alakazam|slp|[from] move: Lovely Kiss\n|\n|upkeep\n|turn|3\n|\n|t:|1769975663\n|switch|p2a: Lapras|Lapras|100/100\n|cant|p1a: Jynx|par\n|\n|upkeep\n|turn|4\n|inactive|LNumbers has 270 seconds left.\n|\n|t:|1769975697\n|move|p2a: Lapras|Thunderbolt|p1a: Jynx\n|-damage|p1a: Jynx|47/100 par\n|move|p1a: Jynx|Psychic|p2a: Lapras\n|-damage|p2a: Lapras|77/100\n|\n|upkeep\n|turn|5\n|inactive|LNumbers has 240 seconds left.\n|\n|t:|1769975727\n|switch|p1a: Alakazam|Alakazam|100/100\n|move|p2a: Lapras|Body Slam|p1a: Alakazam\n|-crit|p1a: Alakazam\n|-damage|p1a: Alakazam|42/100\n|\n|upkeep\n|turn|6\n|inactive|LNumbers has 240 seconds left.\n|inactive|LNumbers has 210 seconds left.\n|\n|t:|1769975777\n|switch|p2a: Alakazam|Alakazam|100/100 slp\n|move|p1a: Alakazam|Thunder Wave|p2a: Alakazam\n|-fail|p2a: Alakazam\n|\n|upkeep\n|turn|7\n|inactive|LNumbers has 210 seconds left.\n|rated|Smogon Premier League\n|\n|t:|1769975787\n|switch|p2a: Exeggutor|Exeggutor|100/100\n|move|p1a: Alakazam|Recover|p1a: Alakazam\n|-heal|p1a: Alakazam|92/100\n|\n|upkeep\n|turn|8\n|inactive|LNumbers has 210 seconds left.\n|inactive|sadisticnarwhal has 270 seconds left.\n|inactive|LNumbers has 180 seconds left.\n|\n|t:|1769975840\n|switch|p1a: Jynx|Jynx|47/100 par\n|move|p2a: Exeggutor|Sleep Powder|p1a: Jynx\n|-fail|p1a: Jynx\n|\n|upkeep\n|turn|9\n|inactive|sadisticnarwhal has 270 seconds left.\n|inactive|LNumbers has 150 seconds left.\n|inactive|LNumbers has 120 seconds left.\n|\n|t:|1769975907\n|switch|p2a: Lapras|Lapras|77/100\n|switch|p1a: Chansey|Chansey|100/100\n|\n|upkeep\n|turn|10\n|inactive|LNumbers has 120 seconds left.\n|\n|t:|1769975915\n|move|p2a: Lapras|Sing|p1a: Chansey\n|-status|p1a: Chansey|slp|[from] move: Sing\n|-curestatus|p1a: Chansey|slp|[msg]\n|\n|upkeep\n|turn|11\n|\n|t:|1769975925\n|move|p2a: Lapras|Sing|p1a: Chansey\n|-status|p1a: Chansey|slp|[from] move: Sing\n|cant|p1a: Chansey|slp\n|\n|upkeep\n|turn|12\n|inactive|LNumbers has 120 seconds left.\n|inactive|sadisticnarwhal has 240 seconds left.\n|\n|t:|1769975971\n|switch|p1a: Alakazam|Alakazam|92/100\n|move|p2a: Lapras|Body Slam|p1a: Alakazam\n|-damage|p1a: Alakazam|63/100\n|-status|p1a: Alakazam|par\n|\n|upkeep\n|turn|13\n|inactive|LNumbers has 90 seconds left.\n|\n|t:|1769975993\n|switch|p2a: Alakazam|Alakazam|100/100 slp\n|move|p1a: Alakazam|Recover|p1a: Alakazam\n|-heal|p1a: Alakazam|100/100 par\n|\n|upkeep\n|turn|14\n|inactive|LNumbers has 90 seconds left.\n|\n|t:|1769976009\n|switch|p2a: Snorlax|Snorlax|100/100\n|switch|p1a: Snorlax|Snorlax|100/100\n|\n|upkeep\n|turn|15\n|\n|t:|1769976026\n|move|p2a: Snorlax|Body Slam|p1a: Snorlax\n|-damage|p1a: Snorlax|74/100\n|move|p1a: Snorlax|Body Slam|p2a: Snorlax\n|-damage|p2a: Snorlax|74/100\n|\n|upkeep\n|turn|16\n|inactive|LNumbers has 60 seconds left.\n|inactive|LNumbers has 30 seconds left.\n|\n|t:|1769976081\n|switch|p1a: Cloyster|Cloyster|100/100\n|move|p2a: Snorlax|Body Slam|p1a: Cloyster\n|-damage|p1a: Cloyster|78/100\n|\n|upkeep\n|turn|17\n|inactive|LNumbers has 30 seconds left.\n|\n|t:|1769976095\n|switch|p2a: Lapras|Lapras|77/100\n|move|p1a: Cloyster|Clamp|p2a: Lapras\n|-resisted|p2a: Lapras\n|-damage|p2a: Lapras|74/100\n|\n|upkeep\n|turn|18\n|inactive|LNumbers has 30 seconds left.\n|\n|t:|1769976106\n|switch|p1a: Alakazam|Alakazam|100/100 par\n|cant|p2a: Lapras|partiallytrapped\n|\n|upkeep\n|turn|19\n|inactive|LNumbers has 30 seconds left.\n|\n|t:|1769976125\n|switch|p2a: Alakazam|Alakazam|100/100 slp\n|move|p1a: Alakazam|Thunder Wave|p2a: Alakazam\n|-fail|p2a: Alakazam\n|\n|upkeep\n|turn|20\n|inactive|sadisticnarwhal has 270 seconds left.\n|inactive|LNumbers has 30 seconds left.\n|inactive|LNumbers has 20 seconds left.\n|inactive|LNumbers has 15 seconds left.\n|\n|t:|1769976149\n|cant|p2a: Alakazam|slp\n|move|p1a: Alakazam|Thunder Wave|p2a: Alakazam\n|-fail|p2a: Alakazam\n|\n|upkeep\n|turn|21\n|inactive|LNumbers has 25 seconds left this turn.\n|inactive|LNumbers has 20 seconds left.\n|inactive|LNumbers has 15 seconds left.\n|\n|t:|1769976164\n|switch|p2a: Exeggutor|Exeggutor|100/100\n|switch|p1a: Tauros|Tauros|100/100\n|\n|upkeep\n|turn|22\n|inactive|LNumbers has 25 seconds left this turn.\n|inactive|LNumbers has 20 seconds left.\n|\n|t:|1769976181\n|switch|p1a: Chansey|Chansey|100/100 slp\n|switch|p2a: Snorlax|Snorlax|74/100\n|\n|upkeep\n|turn|23\n|inactive|LNumbers has 30 seconds left this turn.\n|\n|t:|1769976186\n|switch|p1a: Cloyster|Cloyster|78/100\n|move|p2a: Snorlax|Body Slam|p1a: Cloyster\n|-crit|p1a: Cloyster\n|-damage|p1a: Cloyster|33/100\n|\n|upkeep\n|turn|24\n|inactive|LNumbers has 30 seconds left.\n|\n|t:|1769976202\n|switch|p2a: Alakazam|Alakazam|100/100 slp\n|move|p1a: Cloyster|Explosion|p2a: Alakazam\n|-crit|p2a: Alakazam\n|-damage|p2a: Alakazam|0 fnt\n|faint|p2a: Alakazam\n|faint|p1a: Cloyster\n|inactive|LNumbers has 30 seconds left this turn.\n|inactive|LNumbers has 20 seconds left.\n|inactive|LNumbers has 15 seconds left.\n|\n|t:|1769976222\n|switch|p2a: Exeggutor|Exeggutor|100/100\n|switch|p1a: Tauros|Tauros|100/100\n|turn|25\n|inactive|LNumbers has 25 seconds left this turn.\n|inactive|LNumbers has 20 seconds left.\n|inactive|LNumbers has 15 seconds left.\n|inactive|sadisticnarwhal has 270 seconds left.\n|\n|t:|1769976260\n|switch|p1a: Alakazam|Alakazam|100/100 par\n|switch|p2a: Snorlax|Snorlax|74/100\n|\n|upkeep\n|turn|26\n|inactive|LNumbers has 25 seconds left this turn.\n|\n|t:|1769976274\n|switch|p1a: Snorlax|Snorlax|74/100\n|move|p2a: Snorlax|Body Slam|p1a: Snorlax\n|-damage|p1a: Snorlax|50/100\n|\n|upkeep\n|turn|27\n|inactive|LNumbers has 30 seconds left.\n|inactive|LNumbers has 20 seconds left.\n|inactive|LNumbers has 15 seconds left.\n|inactive|LNumbers has 10 seconds left.\n|\n|t:|1769976299\n|switch|p2a: Exeggutor|Exeggutor|100/100\n|move|p1a: Snorlax|Self-Destruct|p2a: Exeggutor\n|-damage|p2a: Exeggutor|13/100\n|faint|p1a: Snorlax\n|\n|t:|1769976303\n|switch|p1a: Tauros|Tauros|100/100\n|turn|28\n|inactive|LNumbers has 25 seconds left this turn.\n|inactive|LNumbers has 20 seconds left.\n|inactive|LNumbers has 15 seconds left.\n|inactive|LNumbers has 10 seconds left.\n|\n|t:|1769976321\n|move|p1a: Tauros|Body Slam|p2a: Exeggutor\n|-crit|p2a: Exeggutor\n|-damage|p2a: Exeggutor|0 fnt\n|faint|p2a: Exeggutor\n|inactive|LNumbers has 15 seconds left this turn.\n|inactive|LNumbers has 10 seconds left.\n|inactive|LNumbers has 5 seconds left.\n|\n|t:|1769976332\n|switch|p2a: Tauros|Tauros|100/100\n|turn|29\n|inactive|LNumbers has 15 seconds left this turn.\n|\n|t:|1769976341\n|move|p2a: Tauros|Body Slam|p1a: Tauros\n|-crit|p1a: Tauros\n|-damage|p1a: Tauros|43/100\n|move|p1a: Tauros|Blizzard|p2a: Tauros\n|-crit|p2a: Tauros\n|-damage|p2a: Tauros|46/100\n|\n|upkeep\n|turn|30\n|inactive|LNumbers has 25 seconds left this turn.\n|inactive|LNumbers has 20 seconds left.\n|inactive|LNumbers has 15 seconds left.\n|\n|t:|1769976361\n|switch|p2a: Snorlax|Snorlax|74/100\n|move|p1a: Tauros|Body Slam|p2a: Snorlax\n|-damage|p2a: Snorlax|49/100\n|\n|upkeep\n|turn|31\n|inactive|LNumbers has 25 seconds left this turn.\n|inactive|LNumbers has 20 seconds left.\n|inactive|LNumbers has 15 seconds left.\n|inactive|sadisticnarwhal has 270 seconds left.\n|inactive|LNumbers has 10 seconds left.\n|inactive|sadisticnarwhal has 240 seconds left.\n|\n|t:|1769976425\n|move|p1a: Tauros|Blizzard|p2a: Snorlax\n|-damage|p2a: Snorlax|31/100\n|move|p2a: Snorlax|Counter|p1a: Tauros\n|-fail|p2a: Snorlax\n|\n|upkeep\n|turn|32\n|inactive|LNumbers has 20 seconds left this turn.\n|inactive|LNumbers has 15 seconds left.\n|inactive|LNumbers has 10 seconds left.\n|inactive|LNumbers has 5 seconds left.\n|\n|t:|1769976450\n|move|p1a: Tauros|Hyper Beam|p2a: Snorlax\n|-damage|p2a: Snorlax|0 fnt\n|faint|p2a: Snorlax\n|inactive|LNumbers has 10 seconds left this turn.\n|inactive|LNumbers has 5 seconds left.\n|\n|t:|1769976456\n|switch|p2a: Lapras|Lapras|74/100\n|turn|33\n|inactive|LNumbers has 15 seconds left this turn.\n|inactive|sadisticnarwhal has 210 seconds left.\n|\n|t:|1769976489\n|switch|p1a: Chansey|Chansey|100/100 slp\n|move|p2a: Lapras|Blizzard|p1a: Chansey\n|-damage|p1a: Chansey|83/100 slp\n|\n|upkeep\n|turn|34\n|inactive|LNumbers has 25 seconds left this turn.\n|inactive|LNumbers has 20 seconds left.\n|inactive|LNumbers has 15 seconds left.\n|\n|t:|1769976504\n|switch|p2a: Tauros|Tauros|46/100\n|cant|p1a: Chansey|slp\n|\n|upkeep\n|turn|35\n|inactive|LNumbers has 25 seconds left this turn.\n|\n|t:|1769976509\n|switch|p1a: Jynx|Jynx|47/100 par\n|move|p2a: Tauros|Body Slam|p1a: Jynx\n|-crit|p1a: Jynx\n|-damage|p1a: Jynx|0 fnt\n|faint|p1a: Jynx\n|\n|t:|1769976513\n|switch|p1a: Alakazam|Alakazam|100/100 par\n|turn|36\n|inactive|LNumbers has 30 seconds left.\n|\n|t:|1769976532\n|move|p2a: Tauros|Body Slam|p1a: Alakazam\n|-damage|p1a: Alakazam|46/100 par\n|cant|p1a: Alakazam|par\n|\n|upkeep\n|turn|37\n|inactive|sadisticnarwhal has 240 seconds left.\n|inactive|LNumbers has 30 seconds left.\n|inactive|LNumbers has 20 seconds left.\n|inactive|LNumbers has 15 seconds left.\n|inactive|sadisticnarwhal has 210 seconds left.\n|inactive|LNumbers has 10 seconds left.\n|\n|t:|1769976573\n|move|p2a: Tauros|Hyper Beam|p1a: Alakazam\n|-crit|p1a: Alakazam\n|-damage|p1a: Alakazam|0 fnt\n|faint|p1a: Alakazam\n|\n|t:|1769976575\n|switch|p1a: Tauros|Tauros|43/100\n|turn|38\n|inactive|LNumbers has 25 seconds left this turn.\n|inactive|LNumbers has 20 seconds left.\n|inactive|LNumbers has 15 seconds left.\n|inactive|LNumbers has 10 seconds left.\n|\n|t:|1769976592\n|switch|p2a: Lapras|Lapras|74/100\n|move|p1a: Tauros|Hyper Beam|p2a: Lapras\n|-damage|p2a: Lapras|32/100\n|-mustrecharge|p1a: Tauros\n|\n|upkeep\n|turn|39\n|inactive|LNumbers has 20 seconds left this turn.\n|\n|t:|1769976596\n|cant|p1a: Tauros|recharge\n|move|p2a: Lapras|Blizzard|p1a: Tauros\n|-damage|p1a: Tauros|0 fnt\n|faint|p1a: Tauros\n|\n|t:|1769976597\n|switch|p1a: Chansey|Chansey|83/100 slp\n|turn|40\n|inactive|LNumbers has 30 seconds left.\n|\n|t:|1769976603\n|switch|p2a: Tauros|Tauros|46/100\n|cant|p1a: Chansey|slp\n|\n|upkeep\n|turn|41\n|c|☆sadisticnarwhal|Gg\n|\n|t:|1769976609\n|move|p2a: Tauros|Body Slam|p1a: Chansey\n|-damage|p1a: Chansey|45/100 slp\n|cant|p1a: Chansey|slp\n|\n|upkeep\n|turn|42\n|\n|t:|1769976613\n|move|p2a: Tauros|Body Slam|p1a: Chansey\n|-damage|p1a: Chansey|8/100 slp\n|cant|p1a: Chansey|slp\n|\n|upkeep\n|turn|43\n|\n|t:|1769976614\n|move|p2a: Tauros|Body Slam|p1a: Chansey\n|-damage|p1a: Chansey|0 fnt\n|faint|p1a: Chansey\n|\n|win|LNumbers\n|c|☆LNumbers|gg\n|player|p1|\n|player|p2|\n","uploadtime":1769976614,"views":"1065","formatid":"gen1ou","rating":null,"private":0,"password":null}