{"id":"smogtours-gen1ou-958182","format":"[Gen 1] OU","players":["Kaz","emma"],"log":"|inactive|Battle timer is ON: inactive players will automatically lose when time's up.\n|t:|1784746822\n|gametype|singles\n|player|p1|Kaz|#kaz|\n|player|p2|emma|#rbywc2024|\n|gen|1\n|tier|[Gen 1] OU\n|rule|Desync Clause Mod: Desyncs resolve to link battle behavior from the acting player's perspective.\n|rule|HP Percentage Mod: HP is shown in percentages\n|rule|Endless Battle Clause: Forcing endless battles is banned\n|rule|Sleep Clause Mod: Limit one foe put to sleep\n|rule|Freeze Clause Mod: Limit one foe frozen\n|rule|Species Clause: Limit one of each Pokémon\n|rule|OHKO Clause: OHKO moves are banned\n|rule|Evasion Moves Clause: Evasion moves are banned\n|\n|t:|1784746822\n|teamsize|p1|6\n|teamsize|p2|6\n|start\n|switch|p1a: Jynx|Jynx|100/100\n|switch|p2a: Keqing|Jynx|100/100\n|turn|1\n|c|☆Kaz|hf\n|c|☆emma|hf\n|inactive|emma has 270 seconds left.\n|\n|t:|1784746857\n|move|p2a: Keqing|Lovely Kiss|p1a: Jynx\n|-status|p1a: Jynx|slp|[from] move: Lovely Kiss\n|cant|p1a: Jynx|slp\n|\n|upkeep\n|turn|2\n|inactive|emma has 270 seconds left.\n|\n|t:|1784746893\n|cant|p1a: Jynx|slp\n|move|p2a: Keqing|Ice Beam|p1a: Jynx\n|-crit|p1a: Jynx\n|-resisted|p1a: Jynx\n|-damage|p1a: Jynx|68/100 slp\n|\n|upkeep\n|turn|3\n|inactive|emma has 270 seconds left.\n|\n|t:|1784746907\n|switch|p1a: Starmie|Starmie|100/100\n|move|p2a: Keqing|Ice Beam|p1a: Starmie\n|-resisted|p1a: Starmie\n|-damage|p1a: Starmie|83/100\n|\n|upkeep\n|turn|4\n|inactive|emma has 270 seconds left.\n|inactive|emma has 240 seconds left.\n|\n|t:|1784746961\n|switch|p2a: Nilou|Chansey|100/100\n|move|p1a: Starmie|Thunderbolt|p2a: Nilou\n|-crit|p2a: Nilou\n|-damage|p2a: Nilou|82/100\n|\n|upkeep\n|turn|5\n|\n|t:|1784746985\n|switch|p1a: Jynx|Jynx|68/100 slp\n|move|p2a: Nilou|Seismic Toss|p1a: Jynx\n|-damage|p1a: Jynx|38/100 slp\n|\n|upkeep\n|turn|6\n|inactive|emma has 210 seconds left.\n|\n|t:|1784747005\n|switch|p1a: Snorlax|Snorlax|100/100\n|switch|p2a: Kazuha|Tauros|100/100\n|\n|upkeep\n|turn|7\n|inactive|emma has 210 seconds left.\n|\n|t:|1784747021\n|switch|p2a: Wanderer|Snorlax|100/100\n|move|p1a: Snorlax|Body Slam|p2a: Wanderer\n|-damage|p2a: Wanderer|76/100\n|\n|upkeep\n|turn|8\n|inactive|emma has 210 seconds left.\n|\n|t:|1784747037\n|move|p2a: Wanderer|Reflect|p2a: Wanderer\n|-start|p2a: Wanderer|Reflect\n|move|p1a: Snorlax|Reflect|p1a: Snorlax\n|-start|p1a: Snorlax|Reflect\n|\n|upkeep\n|turn|9\n|\n|t:|1784747054\n|move|p1a: Snorlax|Ice Beam|p2a: Wanderer\n|-damage|p2a: Wanderer|61/100\n|move|p2a: Wanderer|Body Slam|p1a: Snorlax\n|-damage|p1a: Snorlax|87/100\n|\n|upkeep\n|turn|10\n|\n|t:|1784747075\n|move|p1a: Snorlax|Ice Beam|p2a: Wanderer\n|-damage|p2a: Wanderer|46/100\n|move|p2a: Wanderer|Body Slam|p1a: Snorlax\n|-crit|p1a: Snorlax\n|-damage|p1a: Snorlax|34/100\n|\n|upkeep\n|turn|11\n|inactive|emma has 180 seconds left.\n|\n|t:|1784747104\n|switch|p2a: Kokomi|Starmie|100/100\n|move|p1a: Snorlax|Rest|p1a: Snorlax\n|-status|p1a: Snorlax|slp|[from] move: Rest\n|-heal|p1a: Snorlax|100/100 slp|[silent]\n|\n|upkeep\n|turn|12\n|\n|t:|1784747114\n|move|p2a: Kokomi|Psychic|p1a: Snorlax\n|-damage|p1a: Snorlax|74/100 slp\n|-unboost|p1a: Snorlax|spa|1\n|-unboost|p1a: Snorlax|spd|1\n|cant|p1a: Snorlax|slp\n|\n|upkeep\n|turn|13\n|inactive|emma has 180 seconds left.\n|\n|t:|1784747135\n|switch|p1a: Starmie|Starmie|83/100\n|move|p2a: Kokomi|Thunder Wave|p1a: Starmie\n|-status|p1a: Starmie|par\n|\n|upkeep\n|turn|14\n|inactive|emma has 150 seconds left.\n|\n|t:|1784747167\n|switch|p1a: Exeggutor|Exeggutor|100/100\n|move|p2a: Kokomi|Thunderbolt|p1a: Exeggutor\n|-crit|p1a: Exeggutor\n|-resisted|p1a: Exeggutor\n|-damage|p1a: Exeggutor|86/100\n|\n|upkeep\n|turn|15\n|inactive|emma has 150 seconds left.\n|\n|t:|1784747185\n|switch|p2a: Keqing|Jynx|100/100\n|move|p1a: Exeggutor|Sleep Powder|p2a: Keqing\n|-status|p2a: Keqing|slp|[from] move: Sleep Powder\n|\n|upkeep\n|turn|16\n|\n|t:|1784747208\n|switch|p2a: Nilou|Chansey|82/100\n|move|p1a: Exeggutor|Psychic|p2a: Nilou\n|-crit|p2a: Nilou\n|-damage|p2a: Nilou|51/100\n|-unboost|p2a: Nilou|spa|1\n|-unboost|p2a: Nilou|spd|1\n|\n|upkeep\n|turn|17\n|\n|t:|1784747227\n|move|p1a: Exeggutor|Stun Spore|p2a: Nilou|[miss]\n|-miss|p1a: Exeggutor\n|move|p2a: Nilou|Soft-Boiled|p2a: Nilou\n|-heal|p2a: Nilou|100/100\n|\n|upkeep\n|turn|18\n|\n|t:|1784747234\n|switch|p1a: Starmie|Starmie|83/100 par\n|move|p2a: Nilou|Thunder Wave|p1a: Starmie\n|-fail|p1a: Starmie|par\n|\n|upkeep\n|turn|19\n|inactive|emma has 120 seconds left.\n|\n|t:|1784747268\n|switch|p2a: Keqing|Jynx|100/100 slp\n|cant|p1a: Starmie|par\n|\n|upkeep\n|turn|20\n|\n|t:|1784747279\n|switch|p2a: Nilou|Chansey|100/100\n|cant|p1a: Starmie|par\n|\n|upkeep\n|turn|21\n|inactive|emma has 120 seconds left.\n|\n|t:|1784747285\n|move|p2a: Nilou|Seismic Toss|p1a: Starmie\n|-damage|p1a: Starmie|52/100 par\n|cant|p1a: Starmie|par\n|\n|upkeep\n|turn|22\n|\n|t:|1784747292\n|move|p2a: Nilou|Seismic Toss|p1a: Starmie\n|-damage|p1a: Starmie|21/100 par\n|move|p1a: Starmie|Thunder Wave|p2a: Nilou\n|-status|p2a: Nilou|par\n|\n|upkeep\n|turn|23\n|inactive|emma has 120 seconds left.\n|\n|t:|1784747317\n|move|p1a: Starmie|Recover|p1a: Starmie\n|-heal|p1a: Starmie|71/100 par\n|move|p2a: Nilou|Seismic Toss|p1a: Starmie\n|-damage|p1a: Starmie|40/100 par\n|\n|upkeep\n|turn|24\n|\n|t:|1784747332\n|move|p1a: Starmie|Recover|p1a: Starmie\n|-heal|p1a: Starmie|90/100 par\n|move|p2a: Nilou|Seismic Toss|p1a: Starmie\n|-damage|p1a: Starmie|59/100 par\n|\n|upkeep\n|turn|25\n|inactive|emma has 120 seconds left.\n|\n|t:|1784747339\n|move|p1a: Starmie|Recover|p1a: Starmie\n|-heal|p1a: Starmie|100/100 par\n|cant|p2a: Nilou|par\n|\n|upkeep\n|turn|26\n|inactive|emma has 120 seconds left.\n|\n|t:|1784747351\n|switch|p1a: Snorlax|Snorlax|74/100 slp\n|switch|p2a: Kokomi|Starmie|100/100\n|\n|upkeep\n|turn|27\n|inactive|emma has 120 seconds left.\n|\n|t:|1784747364\n|switch|p1a: Exeggutor|Exeggutor|86/100\n|move|p2a: Kokomi|Psychic|p1a: Exeggutor\n|-resisted|p1a: Exeggutor\n|-damage|p1a: Exeggutor|75/100\n|\n|upkeep\n|turn|28\n|inactive|emma has 120 seconds left.\n|\n|t:|1784747383\n|move|p2a: Kokomi|Thunder Wave|p1a: Exeggutor\n|-status|p1a: Exeggutor|par\n|cant|p1a: Exeggutor|par\n|\n|upkeep\n|turn|29\n|inactive|emma has 120 seconds left.\n|\n|t:|1784747395\n|switch|p2a: Nilou|Chansey|100/100 par\n|switch|p1a: Snorlax|Snorlax|74/100 slp\n|\n|upkeep\n|turn|30\n|inactive|emma has 120 seconds left.\n|\n|t:|1784747401\n|-curestatus|p1a: Snorlax|slp|[msg]\n|cant|p2a: Nilou|par\n|\n|upkeep\n|turn|31\n|inactive|emma has 120 seconds left.\n|\n|t:|1784747415\n|move|p1a: Snorlax|Reflect|p1a: Snorlax\n|-start|p1a: Snorlax|Reflect\n|move|p2a: Nilou|Reflect|p2a: Nilou\n|-start|p2a: Nilou|Reflect\n|\n|upkeep\n|turn|32\n|\n|t:|1784747419\n|move|p1a: Snorlax|Body Slam|p2a: Nilou\n|-damage|p2a: Nilou|79/100 par\n|move|p2a: Nilou|Thunder Wave|p1a: Snorlax\n|-status|p1a: Snorlax|par\n|\n|upkeep\n|turn|33\n|\n|t:|1784747429\n|cant|p2a: Nilou|par\n|move|p1a: Snorlax|Body Slam|p2a: Nilou\n|-damage|p2a: Nilou|56/100 par\n|\n|upkeep\n|turn|34\n|\n|t:|1784747433\n|move|p2a: Nilou|Soft-Boiled|p2a: Nilou\n|-heal|p2a: Nilou|100/100 par\n|move|p1a: Snorlax|Body Slam|p2a: Nilou\n|-damage|p2a: Nilou|79/100 par\n|\n|upkeep\n|turn|35\n|\n|t:|1784747439\n|move|p2a: Nilou|Seismic Toss|p1a: Snorlax\n|-damage|p1a: Snorlax|55/100 par\n|cant|p1a: Snorlax|par\n|\n|upkeep\n|turn|36\n|\n|t:|1784747444\n|move|p2a: Nilou|Seismic Toss|p1a: Snorlax\n|-damage|p1a: Snorlax|36/100 par\n|move|p1a: Snorlax|Rest|p1a: Snorlax\n|-status|p1a: Snorlax|slp|[from] move: Rest\n|-heal|p1a: Snorlax|100/100 slp|[silent]\n|\n|upkeep\n|turn|37\n|\n|t:|1784747449\n|move|p2a: Nilou|Seismic Toss|p1a: Snorlax\n|-damage|p1a: Snorlax|81/100 slp\n|cant|p1a: Snorlax|slp\n|\n|upkeep\n|turn|38\n|\n|t:|1784747452\n|move|p2a: Nilou|Seismic Toss|p1a: Snorlax\n|-damage|p1a: Snorlax|62/100 slp\n|-curestatus|p1a: Snorlax|slp|[msg]\n|\n|upkeep\n|turn|39\n|\n|t:|1784747454\n|cant|p2a: Nilou|par\n|move|p1a: Snorlax|Body Slam|p2a: Nilou\n|-damage|p2a: Nilou|58/100 par\n|\n|upkeep\n|turn|40\n|inactive|emma has 180 seconds left.\n|\n|t:|1784747468\n|move|p2a: Nilou|Thunder Wave|p1a: Snorlax\n|-status|p1a: Snorlax|par\n|move|p1a: Snorlax|Body Slam|p2a: Nilou\n|-damage|p2a: Nilou|38/100 par\n|\n|upkeep\n|turn|41\n|\n|t:|1784747473\n|cant|p2a: Nilou|par\n|move|p1a: Snorlax|Body Slam|p2a: Nilou\n|-damage|p2a: Nilou|17/100 par\n|\n|upkeep\n|turn|42\n|\n|t:|1784747479\n|cant|p2a: Nilou|par\n|cant|p1a: Snorlax|par\n|\n|upkeep\n|turn|43\n|\n|t:|1784747482\n|cant|p2a: Nilou|par\n|move|p1a: Snorlax|Body Slam|p2a: Nilou\n|-damage|p2a: Nilou|0 fnt\n|faint|p2a: Nilou\n|inactive|emma has 210 seconds left.\n|\n|t:|1784747495\n|switch|p2a: Kokomi|Starmie|100/100\n|turn|44\n|\n|t:|1784747524\n|switch|p1a: Exeggutor|Exeggutor|75/100 par\n|move|p2a: Kokomi|Psychic|p1a: Exeggutor\n|-crit|p1a: Exeggutor\n|-resisted|p1a: Exeggutor\n|-damage|p1a: Exeggutor|54/100 par\n|\n|upkeep\n|turn|45\n|inactive|emma has 210 seconds left.\n|\n|t:|1784747550\n|switch|p2a: Keqing|Jynx|100/100 slp\n|cant|p1a: Exeggutor|par\n|\n|upkeep\n|turn|46\n|inactive|emma has 180 seconds left.\n|\n|t:|1784747590\n|switch|p2a: Wanderer|Snorlax|46/100\n|move|p1a: Exeggutor|Psychic|p2a: Wanderer\n|-damage|p2a: Wanderer|16/100\n|-unboost|p2a: Wanderer|spa|1\n|-unboost|p2a: Wanderer|spd|1\n|\n|upkeep\n|turn|47\n|inactive|emma has 180 seconds left.\n|\n|t:|1784747610\n|switch|p1a: Jynx|Jynx|38/100 slp\n|move|p2a: Wanderer|Hyper Beam|p1a: Jynx\n|-crit|p1a: Jynx\n|-damage|p1a: Jynx|0 fnt\n|faint|p1a: Jynx\n|\n|t:|1784747617\n|switch|p1a: Tauros|Tauros|100/100\n|turn|48\n|\n|t:|1784747638\n|switch|p2a: Keqing|Jynx|100/100 slp\n|move|p1a: Tauros|Body Slam|p2a: Keqing\n|-crit|p2a: Keqing\n|-damage|p2a: Keqing|0 fnt\n|faint|p2a: Keqing\n|\n|t:|1784747645\n|switch|p2a: Kazuha|Tauros|100/100\n|turn|49\n|\n|t:|1784747650\n|move|p2a: Kazuha|Body Slam|p1a: Tauros\n|-crit|p1a: Tauros\n|-damage|p1a: Tauros|40/100\n|move|p1a: Tauros|Body Slam|p2a: Kazuha\n|-crit|p2a: Kazuha\n|-damage|p2a: Kazuha|40/100\n|\n|upkeep\n|turn|50\n|inactive|emma has 150 seconds left.\n|\n|t:|1784747706\n|switch|p1a: Zapdos|Zapdos|100/100\n|move|p2a: Kazuha|Hyper Beam|p1a: Zapdos\n|-damage|p1a: Zapdos|50/100\n|-mustrecharge|p2a: Kazuha\n|\n|upkeep\n|turn|51\n|\n|t:|1784747712\n|cant|p2a: Kazuha|recharge\n|move|p1a: Zapdos|Thunderbolt|p2a: Kazuha\n|-damage|p2a: Kazuha|0 fnt\n|faint|p2a: Kazuha\n|\n|t:|1784747715\n|switch|p2a: Raiden|Alakazam|100/100\n|turn|52\n|inactive|emma has 120 seconds left.\n|\n|t:|1784747741\n|switch|p1a: Starmie|Starmie|100/100 par\n|move|p2a: Raiden|Psychic|p1a: Starmie\n|-resisted|p1a: Starmie\n|-damage|p1a: Starmie|80/100 par\n|\n|upkeep\n|turn|53\n|inactive|emma has 120 seconds left.\n|inactive|Kaz has 270 seconds left.\n|inactive|emma has 90 seconds left.\n|\n|t:|1784747789\n|move|p2a: Raiden|Seismic Toss|p1a: Starmie\n|-damage|p1a: Starmie|49/100 par\n|move|p1a: Starmie|Thunder Wave|p2a: Raiden\n|-status|p2a: Raiden|par\n|\n|upkeep\n|turn|54\n|inactive|emma has 90 seconds left.\n|\n|t:|1784747806\n|move|p2a: Raiden|Psychic|p1a: Starmie\n|-resisted|p1a: Starmie\n|-damage|p1a: Starmie|30/100 par\n|cant|p1a: Starmie|par\n|\n|upkeep\n|turn|55\n|inactive|Kaz has 270 seconds left.\n|\n|t:|1784747820\n|move|p2a: Raiden|Seismic Toss|p1a: Starmie\n|-damage|p1a: Starmie|0 fnt\n|faint|p1a: Starmie\n|\n|t:|1784747825\n|switch|p1a: Snorlax|Snorlax|62/100 par\n|turn|56\n|inactive|emma has 90 seconds left.\n|\n|t:|1784747852\n|move|p2a: Raiden|Psychic|p1a: Snorlax\n|-damage|p1a: Snorlax|30/100 par\n|move|p1a: Snorlax|Body Slam|p2a: Raiden\n|-damage|p2a: Raiden|44/100 par\n|\n|upkeep\n|turn|57\n|\n|t:|1784747865\n|move|p2a: Raiden|Recover|p2a: Raiden\n|-heal|p2a: Raiden|94/100 par\n|move|p1a: Snorlax|Body Slam|p2a: Raiden\n|-damage|p2a: Raiden|38/100 par\n|\n|upkeep\n|turn|58\n|\n|t:|1784747871\n|move|p2a: Raiden|Recover|p2a: Raiden\n|-heal|p2a: Raiden|88/100 par\n|move|p1a: Snorlax|Body Slam|p2a: Raiden\n|-damage|p2a: Raiden|29/100 par\n|\n|upkeep\n|turn|59\n|\n|t:|1784747888\n|cant|p2a: Raiden|par\n|move|p1a: Snorlax|Body Slam|p2a: Raiden\n|-damage|p2a: Raiden|0 fnt\n|faint|p2a: Raiden\n|inactive|emma has 60 seconds left.\n|\n|t:|1784747913\n|switch|p2a: Kokomi|Starmie|100/100\n|turn|60\n|\n|t:|1784747924\n|move|p2a: Kokomi|Psychic|p1a: Snorlax\n|-damage|p1a: Snorlax|5/100 par\n|move|p1a: Snorlax|Body Slam|p2a: Kokomi\n|-damage|p2a: Kokomi|61/100\n|\n|upkeep\n|turn|61\n|\n|t:|1784747935\n|move|p2a: Kokomi|Recover|p2a: Kokomi\n|-heal|p2a: Kokomi|100/100\n|cant|p1a: Snorlax|par\n|\n|upkeep\n|turn|62\n|\n|t:|1784747940\n|move|p2a: Kokomi|Thunderbolt|p1a: Snorlax\n|-crit|p1a: Snorlax\n|-damage|p1a: Snorlax|0 fnt\n|faint|p1a: Snorlax\n|\n|t:|1784747943\n|switch|p1a: Exeggutor|Exeggutor|54/100 par\n|turn|63\n|\n|t:|1784747956\n|switch|p2a: Wanderer|Snorlax|16/100\n|cant|p1a: Exeggutor|par\n|\n|upkeep\n|turn|64\n|\n|t:|1784747965\n|switch|p1a: Tauros|Tauros|40/100\n|move|p2a: Wanderer|Hyper Beam|p1a: Tauros|[miss]\n|-miss|p2a: Wanderer\n|\n|upkeep\n|turn|65\n|inactive|emma has 90 seconds left.\n|inactive|emma has 60 seconds left.\n|\n|t:|1784748026\n|switch|p2a: Kokomi|Starmie|100/100\n|move|p1a: Tauros|Body Slam|p2a: Kokomi\n|-damage|p2a: Kokomi|66/100\n|\n|upkeep\n|turn|66\n|\n|t:|1784748039\n|move|p2a: Kokomi|Thunder Wave|p1a: Tauros\n|-status|p1a: Tauros|par\n|cant|p1a: Tauros|par\n|\n|upkeep\n|turn|67\n|\n|t:|1784748043\n|move|p2a: Kokomi|Recover|p2a: Kokomi\n|-heal|p2a: Kokomi|100/100\n|move|p1a: Tauros|Body Slam|p2a: Kokomi\n|-crit|p2a: Kokomi\n|-damage|p2a: Kokomi|34/100\n|-status|p2a: Kokomi|par\n|\n|upkeep\n|turn|68\n|\n|t:|1784748052\n|move|p2a: Kokomi|Recover|p2a: Kokomi\n|-heal|p2a: Kokomi|84/100 par\n|move|p1a: Tauros|Body Slam|p2a: Kokomi\n|-damage|p2a: Kokomi|49/100 par\n|\n|upkeep\n|turn|69\n|\n|t:|1784748056\n|move|p2a: Kokomi|Recover|p2a: Kokomi\n|-heal|p2a: Kokomi|99/100 par\n|move|p1a: Tauros|Body Slam|p2a: Kokomi\n|-damage|p2a: Kokomi|63/100 par\n|\n|upkeep\n|turn|70\n|\n|t:|1784748060\n|move|p2a: Kokomi|Recover|p2a: Kokomi\n|-heal|p2a: Kokomi|100/100 par\n|move|p1a: Tauros|Body Slam|p2a: Kokomi\n|-crit|p2a: Kokomi\n|-damage|p2a: Kokomi|36/100 par\n|\n|upkeep\n|turn|71\n|\n|t:|1784748080\n|move|p2a: Kokomi|Recover|p2a: Kokomi\n|-heal|p2a: Kokomi|86/100 par\n|move|p1a: Tauros|Body Slam|p2a: Kokomi\n|-damage|p2a: Kokomi|54/100 par\n|\n|upkeep\n|turn|72\n|\n|t:|1784748087\n|cant|p2a: Kokomi|par\n|move|p1a: Tauros|Body Slam|p2a: Kokomi\n|-damage|p2a: Kokomi|18/100 par\n|\n|upkeep\n|turn|73\n|\n|t:|1784748102\n|switch|p1a: Exeggutor|Exeggutor|54/100 par\n|cant|p2a: Kokomi|par\n|\n|upkeep\n|turn|74\n|\n|t:|1784748111\n|move|p2a: Kokomi|Recover|p2a: Kokomi\n|-heal|p2a: Kokomi|68/100 par\n|move|p1a: Exeggutor|Explosion|p2a: Kokomi\n|-damage|p2a: Kokomi|0 fnt\n|faint|p2a: Kokomi\n|faint|p1a: Exeggutor\n|\n|t:|1784748115\n|switch|p2a: Wanderer|Snorlax|16/100\n|switch|p1a: Zapdos|Zapdos|50/100\n|turn|75\n|\n|t:|1784748121\n|move|p1a: Zapdos|Thunderbolt|p2a: Wanderer\n|-damage|p2a: Wanderer|0 fnt\n|faint|p2a: Wanderer\n|\n|win|Kaz\n|c|☆emma|gg\n|c|☆Kaz|gg\n|player|p1|\n|player|p2|\n","uploadtime":1784748121,"views":"79","formatid":"gen1ou","rating":null,"private":0,"password":null}