{"id":"smogtours-gen1ou-946730","format":"[Gen 1] OU","players":["Bedal Roscoe","KeshBa45"],"log":"|inactive|Battle timer is ON: inactive players will automatically lose when time's up.\n|inactive|Bedal Roscoe disconnected and has 300 seconds to reconnect!\n|inactive|KeshBa45 disconnected and has 300 seconds to reconnect!\n|t:|1781455405\n|gametype|singles\n|player|p1|Bedal Roscoe|sabrina-gen1|\n|player|p2|KeshBa45|red|\n|gen|1\n|tier|[Gen 1] OU\n|rule|Desync Clause Mod: Desyncs changed to move failure.\n|rule|HP Percentage Mod: HP is shown in percentages\n|rule|Endless Battle Clause: Forcing endless battles is banned\n|rule|Sleep Clause Mod: Limit one foe put to sleep\n|rule|Freeze Clause Mod: Limit one foe frozen\n|rule|Species Clause: Limit one of each Pokémon\n|rule|OHKO Clause: OHKO moves are banned\n|rule|Evasion Moves Clause: Evasion moves are banned\n|\n|t:|1781455405\n|teamsize|p1|6\n|teamsize|p2|6\n|start\n|switch|p1a: Jynx|Jynx|100/100\n|switch|p2a: Jynx|Jynx|100/100\n|turn|1\n|chat|☆Bedal Roscoe|glhf\n|\n|t:|1781455405\n|move|p1a: Jynx|Lovely Kiss|p2a: Jynx|[miss]\n|-miss|p1a: Jynx\n|move|p2a: Jynx|Lovely Kiss|p1a: Jynx\n|-status|p1a: Jynx|slp|[from] move: Lovely Kiss\n|\n|upkeep\n|turn|2\n|\n|t:|1781455405\n|switch|p1a: Chansey|Chansey|100/100\n|move|p2a: Jynx|Blizzard|p1a: Chansey\n|-damage|p1a: Chansey|81/100\n|\n|upkeep\n|turn|3\n|\n|t:|1781455405\n|move|p2a: Jynx|Blizzard|p1a: Chansey\n|-damage|p1a: Chansey|63/100\n|move|p1a: Chansey|Sing|p2a: Jynx|[miss]\n|-miss|p1a: Chansey\n|\n|upkeep\n|turn|4\n|\n|t:|1781455405\n|move|p2a: Jynx|Blizzard|p1a: Chansey\n|-damage|p1a: Chansey|46/100\n|move|p1a: Chansey|Soft-Boiled|p1a: Chansey\n|-heal|p1a: Chansey|96/100\n|\n|upkeep\n|turn|5\n|\n|t:|1781455405\n|switch|p1a: Jynx|Jynx|100/100 slp\n|move|p2a: Jynx|Blizzard|p1a: Jynx\n|-resisted|p1a: Jynx\n|-damage|p1a: Jynx|80/100 slp\n|\n|upkeep\n|turn|6\n|\n|t:|1781455405\n|switch|p1a: Chansey|Chansey|96/100\n|move|p2a: Jynx|Psychic|p1a: Chansey\n|-damage|p1a: Chansey|82/100\n|-unboost|p1a: Chansey|spa|1\n|-unboost|p1a: Chansey|spd|1\n|\n|upkeep\n|turn|7\n|\n|t:|1781455405\n|move|p2a: Jynx|Blizzard|p1a: Chansey\n|-damage|p1a: Chansey|52/100\n|move|p1a: Chansey|Sing|p2a: Jynx\n|-status|p2a: Jynx|slp|[from] move: Sing\n|\n|upkeep\n|turn|8\n|\n|t:|1781455405\n|switch|p2a: Chansey|Chansey|100/100\n|move|p1a: Chansey|Soft-Boiled|p1a: Chansey\n|-heal|p1a: Chansey|100/100\n|\n|upkeep\n|turn|9\n|\n|t:|1781455405\n|move|p2a: Chansey|Thunder Wave|p1a: Chansey\n|-status|p1a: Chansey|par\n|move|p1a: Chansey|Thunder Wave|p2a: Chansey\n|-status|p2a: Chansey|par\n|\n|upkeep\n|turn|10\n|\n|t:|1781455405\n|switch|p1a: Jynx|Jynx|80/100 slp\n|move|p2a: Chansey|Seismic Toss|p1a: Jynx\n|-damage|p1a: Jynx|50/100 slp\n|\n|upkeep\n|turn|11\n|\n|t:|1781455405\n|switch|p1a: Rhydon|Rhydon|100/100\n|cant|p2a: Chansey|par\n|\n|upkeep\n|turn|12\n|\n|t:|1781455405\n|switch|p2a: Cloyster|Cloyster|100/100\n|move|p1a: Rhydon|Body Slam|p2a: Cloyster\n|-damage|p2a: Cloyster|84/100\n|-status|p2a: Cloyster|par\n|\n|upkeep\n|turn|13\n|\n|t:|1781455405\n|switch|p1a: Chansey|Chansey|100/100 par\n|move|p2a: Cloyster|Blizzard|p1a: Chansey\n|-damage|p1a: Chansey|84/100 par\n|\n|upkeep\n|turn|14\n|\n|t:|1781455405\n|switch|p2a: Rhydon|Rhydon|100/100\n|move|p1a: Chansey|Soft-Boiled|p1a: Chansey\n|-heal|p1a: Chansey|100/100 par\n|\n|upkeep\n|turn|15\n|\n|t:|1781455405\n|switch|p1a: Cloyster|Cloyster|100/100\n|move|p2a: Rhydon|Body Slam|p1a: Cloyster\n|-damage|p1a: Cloyster|85/100\n|\n|upkeep\n|turn|16\n|\n|t:|1781455405\n|switch|p1a: Starmie|Starmie|100/100\n|switch|p2a: Chansey|Chansey|100/100 par\n|\n|upkeep\n|turn|17\n|\n|t:|1781455405\n|switch|p1a: Rhydon|Rhydon|100/100\n|cant|p2a: Chansey|par\n|\n|upkeep\n|turn|18\n|\n|t:|1781455405\n|switch|p2a: Cloyster|Cloyster|84/100 par\n|move|p1a: Rhydon|Rock Slide|p2a: Cloyster\n|-supereffective|p2a: Cloyster\n|-damage|p2a: Cloyster|35/100 par\n|\n|upkeep\n|turn|19\n|\n|t:|1781455405\n|switch|p2a: Starmie|Starmie|100/100\n|move|p1a: Rhydon|Rock Slide|p2a: Starmie\n|-damage|p2a: Starmie|66/100\n|\n|upkeep\n|turn|20\n|\n|t:|1781455405\n|switch|p1a: Chansey|Chansey|100/100 par\n|move|p2a: Starmie|Recover|p2a: Starmie\n|-heal|p2a: Starmie|100/100\n|\n|upkeep\n|turn|21\n|\n|t:|1781455405\n|move|p2a: Starmie|Thunderbolt|p1a: Chansey\n|-damage|p1a: Chansey|90/100 par\n|move|p1a: Chansey|Ice Beam|p2a: Starmie\n|-resisted|p2a: Starmie\n|-damage|p2a: Starmie|89/100\n|\n|upkeep\n|turn|22\n|\n|t:|1781455405\n|switch|p2a: Cloyster|Cloyster|35/100 par\n|cant|p1a: Chansey|par\n|\n|upkeep\n|turn|23\n|\n|t:|1781455405\n|switch|p1a: Rhydon|Rhydon|100/100\n|move|p2a: Cloyster|Rest|p2a: Cloyster\n|-status|p2a: Cloyster|slp|[from] move: Rest\n|-heal|p2a: Cloyster|100/100 slp|[silent]\n|\n|upkeep\n|turn|24\n|\n|t:|1781455405\n|switch|p2a: Starmie|Starmie|89/100\n|move|p1a: Rhydon|Body Slam|p2a: Starmie\n|-damage|p2a: Starmie|63/100\n|\n|upkeep\n|turn|25\n|\n|t:|1781455405\n|switch|p1a: Chansey|Chansey|90/100 par\n|move|p2a: Starmie|Recover|p2a: Starmie\n|-heal|p2a: Starmie|100/100\n|\n|upkeep\n|turn|26\n|\n|t:|1781455405\n|switch|p2a: Cloyster|Cloyster|100/100 slp\n|move|p1a: Chansey|Thunder Wave|p2a: Cloyster\n|-fail|p2a: Cloyster\n|\n|upkeep\n|turn|27\n|\n|t:|1781455405\n|switch|p1a: Starmie|Starmie|100/100\n|cant|p2a: Cloyster|slp\n|\n|upkeep\n|turn|28\n|\n|t:|1781455405\n|switch|p1a: Rhydon|Rhydon|100/100\n|switch|p2a: Chansey|Chansey|100/100 par\n|\n|upkeep\n|turn|29\n|\n|t:|1781455405\n|switch|p2a: Starmie|Starmie|100/100\n|move|p1a: Rhydon|Body Slam|p2a: Starmie\n|-damage|p2a: Starmie|74/100\n|\n|upkeep\n|turn|30\n|\n|t:|1781455405\n|switch|p1a: Chansey|Chansey|90/100 par\n|move|p2a: Starmie|Recover|p2a: Starmie\n|-heal|p2a: Starmie|100/100\n|\n|upkeep\n|turn|31\n|\n|t:|1781455405\n|switch|p2a: Cloyster|Cloyster|100/100 slp\n|move|p1a: Chansey|Thunder Wave|p2a: Cloyster\n|-fail|p2a: Cloyster\n|\n|upkeep\n|turn|32\n|\n|t:|1781455405\n|switch|p1a: Starmie|Starmie|100/100\n|-curestatus|p2a: Cloyster|slp|[msg]\n|\n|upkeep\n|turn|33\n|\n|t:|1781455405\n|switch|p2a: Chansey|Chansey|100/100 par\n|move|p1a: Starmie|Psychic|p2a: Chansey\n|-damage|p2a: Chansey|87/100 par\n|-unboost|p2a: Chansey|spa|1\n|-unboost|p2a: Chansey|spd|1\n|\n|upkeep\n|turn|34\n|\n|t:|1781455405\n|switch|p1a: Rhydon|Rhydon|100/100\n|switch|p2a: Starmie|Starmie|100/100\n|\n|upkeep\n|turn|35\n|\n|t:|1781455405\n|switch|p2a: Tauros|Tauros|100/100\n|switch|p1a: Starmie|Starmie|100/100\n|\n|upkeep\n|turn|36\n|\n|t:|1781455405\n|switch|p1a: Rhydon|Rhydon|100/100\n|move|p2a: Tauros|Body Slam|p1a: Rhydon\n|-resisted|p1a: Rhydon\n|-damage|p1a: Rhydon|90/100\n|\n|upkeep\n|turn|37\n|\n|t:|1781455405\n|switch|p1a: Cloyster|Cloyster|85/100\n|move|p2a: Tauros|Body Slam|p1a: Cloyster\n|-damage|p1a: Cloyster|63/100\n|-status|p1a: Cloyster|par\n|\n|upkeep\n|turn|38\n|\n|t:|1781455405\n|move|p2a: Tauros|Body Slam|p1a: Cloyster\n|-crit|p1a: Cloyster\n|-damage|p1a: Cloyster|18/100 par\n|move|p1a: Cloyster|Blizzard|p2a: Tauros\n|-damage|p2a: Tauros|59/100\n|\n|upkeep\n|turn|39\n|\n|t:|1781455405\n|move|p2a: Tauros|Body Slam|p1a: Cloyster\n|-damage|p1a: Cloyster|0 fnt\n|faint|p1a: Cloyster\n|\n|t:|1781455405\n|switch|p1a: Tauros|Tauros|100/100\n|turn|40\n|\n|t:|1781455405\n|switch|p2a: Cloyster|Cloyster|100/100\n|move|p1a: Tauros|Body Slam|p2a: Cloyster\n|-damage|p2a: Cloyster|80/100\n|\n|upkeep\n|turn|41\n|\n|t:|1781455405\n|move|p1a: Tauros|Thunderbolt|p2a: Cloyster\n|-supereffective|p2a: Cloyster\n|-damage|p2a: Cloyster|34/100\n|move|p2a: Cloyster|Blizzard|p1a: Tauros\n|-damage|p1a: Tauros|52/100\n|\n|upkeep\n|turn|42\n|\n|t:|1781455405\n|switch|p2a: Rhydon|Rhydon|100/100\n|move|p1a: Tauros|Thunderbolt|p2a: Rhydon\n|-immune|p2a: Rhydon\n|\n|upkeep\n|turn|43\n|\n|t:|1781455405\n|switch|p1a: Starmie|Starmie|100/100\n|switch|p2a: Starmie|Starmie|100/100\n|\n|upkeep\n|turn|44\n|chat|☆Bedal Roscoe|well, fortunately it's on tours\n|uhtmlchange|invites|<div class=\"broadcast broadcast-blue\"><strong>This is an imported replay</strong><br />Players will need to be manually added with <code>/invitebattle</code> or <code>/restoreplayers</code></div>\n|uhtml|invites|\n||Invite sent to Bedal Roscoe!\n||Invite sent to KeshBa45!\n|player|p2|KeshBa45|red|\n|inactive|Bedal Roscoe has 270 seconds to reconnect!\n|inactive|KeshBa45 has 270 seconds left.\n|inactive|Bedal Roscoe has 240 seconds to reconnect!\n|player|p1|Bedal Roscoe|sabrina-gen1|\n|uhtmlchange|invites|\n|inactive|KeshBa45 has 240 seconds left.\n|inactive|Bedal Roscoe has 270 seconds left.\n|\n|t:|1781455538\n|switch|p2a: Chansey|Chansey|87/100 par\n|move|p1a: Starmie|Thunder Wave|p2a: Chansey\n|-fail|p2a: Chansey|par\n|\n|upkeep\n|turn|45\n|inactive|Bedal Roscoe has 240 seconds left.\n|inactive|KeshBa45 has 210 seconds left.\n|\n|t:|1781455581\n|switch|p2a: Starmie|Starmie|100/100\n|move|p1a: Starmie|Thunder Wave|p2a: Starmie\n|-status|p2a: Starmie|par\n|\n|upkeep\n|turn|46\n|inactive|KeshBa45 has 210 seconds left.\n|inactive|Bedal Roscoe has 210 seconds left.\n|\n|t:|1781455612\n|switch|p1a: Chansey|Chansey|90/100 par\n|move|p2a: Starmie|Thunder Wave|p1a: Chansey\n|-fail|p1a: Chansey|par\n|\n|upkeep\n|turn|47\n|\n|t:|1781455628\n|switch|p1a: Tauros|Tauros|52/100\n|move|p2a: Starmie|Surf|p1a: Tauros\n|-damage|p1a: Tauros|9/100\n|\n|upkeep\n|turn|48\n|inactive|KeshBa45 has 210 seconds left.\n|inactive|Bedal Roscoe has 180 seconds left.\n|inactive|KeshBa45 has 180 seconds left.\n|\n|t:|1781455684\n|move|p1a: Tauros|Thunderbolt|p2a: Starmie\n|-supereffective|p2a: Starmie\n|-damage|p2a: Starmie|66/100 par\n|cant|p2a: Starmie|par\n|\n|upkeep\n|turn|49\n|inactive|KeshBa45 has 180 seconds left.\n|inactive|Bedal Roscoe has 150 seconds left.\n|\n|t:|1781455709\n|move|p1a: Tauros|Thunderbolt|p2a: Starmie\n|-supereffective|p2a: Starmie\n|-damage|p2a: Starmie|31/100 par\n|cant|p2a: Starmie|par\n|\n|upkeep\n|turn|50\n|inactive|KeshBa45 has 180 seconds left.\n|inactive|Bedal Roscoe has 150 seconds left.\n|\n|t:|1781455720\n|switch|p2a: Rhydon|Rhydon|100/100\n|move|p1a: Tauros|Body Slam|p2a: Rhydon\n|-crit|p2a: Rhydon\n|-resisted|p2a: Rhydon\n|-damage|p2a: Rhydon|80/100\n|\n|upkeep\n|turn|51\n|inactive|Bedal Roscoe has 150 seconds left.\n|\n|t:|1781455747\n|move|p1a: Tauros|Blizzard|p2a: Rhydon|[miss]\n|-miss|p1a: Tauros\n|move|p2a: Rhydon|Body Slam|p1a: Tauros\n|-damage|p1a: Tauros|0 fnt\n|faint|p1a: Tauros\n|inactive|Bedal Roscoe has 120 seconds left.\n|\n|t:|1781455789\n|switch|p1a: Starmie|Starmie|100/100\n|turn|52\n|inactive|Bedal Roscoe has 90 seconds left.\n|inactive|KeshBa45 has 180 seconds left.\n|\n|t:|1781455819\n|move|p1a: Starmie|Psychic|p2a: Rhydon\n|-damage|p2a: Rhydon|42/100\n|-unboost|p2a: Rhydon|spa|1\n|-unboost|p2a: Rhydon|spd|1\n|move|p2a: Rhydon|Earthquake|p1a: Starmie\n|-damage|p1a: Starmie|51/100\n|\n|upkeep\n|turn|53\n|inactive|KeshBa45 has 180 seconds left.\n|\n|t:|1781455846\n|switch|p2a: Chansey|Chansey|87/100 par\n|move|p1a: Starmie|Recover|p1a: Starmie\n|-heal|p1a: Starmie|100/100\n|\n|upkeep\n|turn|54\n|\n|t:|1781455859\n|switch|p1a: Rhydon|Rhydon|90/100\n|move|p2a: Chansey|Seismic Toss|p1a: Rhydon\n|-damage|p1a: Rhydon|66/100\n|\n|upkeep\n|turn|55\n|inactive|Bedal Roscoe has 60 seconds left.\n|\n|t:|1781455878\n|switch|p2a: Jynx|Jynx|100/100 slp\n|move|p1a: Rhydon|Substitute|p1a: Rhydon\n|-start|p1a: Rhydon|Substitute\n|-damage|p1a: Rhydon|41/100\n|\n|upkeep\n|turn|56\n|inactive|KeshBa45 has 150 seconds left.\n|\n|t:|1781455918\n|cant|p2a: Jynx|slp\n|move|p1a: Rhydon|Earthquake|p2a: Jynx\n|-damage|p2a: Jynx|22/100 slp\n|\n|upkeep\n|turn|57\n|inactive|Bedal Roscoe has 60 seconds left.\n|\n|t:|1781455943\n|-curestatus|p2a: Jynx|slp|[msg]\n|move|p1a: Rhydon|Earthquake|p2a: Jynx\n|-damage|p2a: Jynx|0 fnt\n|faint|p2a: Jynx\n|inactive|KeshBa45 has 150 seconds left.\n|\n|t:|1781455954\n|switch|p2a: Cloyster|Cloyster|34/100\n|turn|58\n|inactive|Bedal Roscoe has 60 seconds left.\n|\n|t:|1781455972\n|move|p2a: Cloyster|Clamp|p1a: Rhydon\n|-crit|p1a: Rhydon\n|-supereffective|p1a: Rhydon\n|-end|p1a: Rhydon|Substitute\n|cant|p1a: Rhydon|partiallytrapped\n|\n|upkeep\n|turn|59\n|inactive|Bedal Roscoe has 60 seconds left.\n|\n|t:|1781455987\n|switch|p2a: Starmie|Starmie|31/100 par\n|switch|p1a: Starmie|Starmie|100/100\n|\n|upkeep\n|turn|60\n|inactive|Bedal Roscoe has 60 seconds left.\n|inactive|KeshBa45 has 150 seconds left.\n|\n|t:|1781456012\n|move|p1a: Starmie|Thunderbolt|p2a: Starmie\n|-supereffective|p2a: Starmie\n|-damage|p2a: Starmie|0 fnt\n|faint|p2a: Starmie\n|\n|t:|1781456021\n|switch|p2a: Chansey|Chansey|87/100 par\n|turn|61\n|inactive|KeshBa45 has 150 seconds left.\n|inactive|Bedal Roscoe has 30 seconds left.\n|\n|t:|1781456058\n|move|p1a: Starmie|Psychic|p2a: Chansey\n|-damage|p2a: Chansey|72/100 par\n|-unboost|p2a: Chansey|spa|1\n|-unboost|p2a: Chansey|spd|1\n|cant|p2a: Chansey|par\n|\n|upkeep\n|turn|62\n|inactive|Bedal Roscoe has 30 seconds left.\n|\n|t:|1781456080\n|move|p1a: Starmie|Psychic|p2a: Chansey\n|-crit|p2a: Chansey\n|-damage|p2a: Chansey|42/100 par\n|-unboost|p2a: Chansey|spa|1\n|-unboost|p2a: Chansey|spd|1\n|move|p2a: Chansey|Seismic Toss|p1a: Starmie\n|-damage|p1a: Starmie|70/100\n|\n|upkeep\n|turn|63\n|inactive|Bedal Roscoe has 30 seconds left.\n|\n|t:|1781456091\n|move|p1a: Starmie|Psychic|p2a: Chansey\n|-damage|p2a: Chansey|14/100 par\n|-unboost|p2a: Chansey|spa|1\n|-unboost|p2a: Chansey|spd|1\n|move|p2a: Chansey|Soft-Boiled|p2a: Chansey\n|-heal|p2a: Chansey|64/100 par\n|\n|upkeep\n|turn|64\n|\n|t:|1781456105\n|move|p1a: Starmie|Psychic|p2a: Chansey\n|-damage|p2a: Chansey|28/100 par\n|move|p2a: Chansey|Thunder Wave|p1a: Starmie\n|-status|p1a: Starmie|par\n|\n|upkeep\n|turn|65\n|inactive|Bedal Roscoe has 30 seconds left.\n|inactive|Bedal Roscoe has 20 seconds left.\n|inactive|Bedal Roscoe has 15 seconds left.\n|\n|t:|1781456143\n|switch|p2a: Rhydon|Rhydon|42/100\n|move|p1a: Starmie|Psychic|p2a: Rhydon\n|-damage|p2a: Rhydon|3/100\n|\n|upkeep\n|turn|66\n|inactive|Bedal Roscoe has 25 seconds left this turn.\n|inactive|Bedal Roscoe has 20 seconds left.\n|inactive|Bedal Roscoe has 15 seconds left.\n|\n|t:|1781456154\n|switch|p1a: Jynx|Jynx|50/100 slp\n|move|p2a: Rhydon|Earthquake|p1a: Jynx\n|-crit|p1a: Jynx\n|-damage|p1a: Jynx|0 fnt\n|faint|p1a: Jynx\n|inactive|Bedal Roscoe has 20 seconds left this turn.\n|inactive|Bedal Roscoe has 15 seconds left.\n|inactive|Bedal Roscoe has 10 seconds left.\n|\n|t:|1781456164\n|switch|p1a: Rhydon|Rhydon|41/100\n|turn|67\n|inactive|Bedal Roscoe has 20 seconds left this turn.\n|inactive|Bedal Roscoe has 15 seconds left.\n|inactive|Bedal Roscoe has 10 seconds left.\n|\n|t:|1781456175\n|move|p1a: Rhydon|Earthquake|p2a: Rhydon\n|-supereffective|p2a: Rhydon\n|-damage|p2a: Rhydon|0 fnt\n|faint|p2a: Rhydon\n|\n|t:|1781456199\n|switch|p2a: Tauros|Tauros|59/100\n|turn|68\n|inactive|Bedal Roscoe has 25 seconds left this turn.\n|inactive|Bedal Roscoe has 20 seconds left.\n|inactive|Bedal Roscoe has 15 seconds left.\n|\n|t:|1781456212\n|switch|p1a: Chansey|Chansey|90/100 par\n|move|p2a: Tauros|Earthquake|p1a: Chansey\n|-damage|p1a: Chansey|59/100 par\n|\n|upkeep\n|turn|69\n|inactive|Bedal Roscoe has 25 seconds left this turn.\n|inactive|Bedal Roscoe has 20 seconds left.\n|inactive|Bedal Roscoe has 15 seconds left.\n|\n|t:|1781456226\n|move|p2a: Tauros|Hyper Beam|p1a: Chansey\n|-damage|p1a: Chansey|0 fnt\n|faint|p1a: Chansey\n|inactive|Bedal Roscoe has 20 seconds left this turn.\n|inactive|Bedal Roscoe has 15 seconds left.\n|\n|t:|1781456232\n|switch|p1a: Starmie|Starmie|70/100 par\n|turn|70\n|inactive|Bedal Roscoe has 25 seconds left this turn.\n|inactive|Bedal Roscoe has 20 seconds left.\n|inactive|Bedal Roscoe has 15 seconds left.\n|\n|t:|1781456252\n|move|p2a: Tauros|Body Slam|p1a: Starmie\n|-damage|p1a: Starmie|35/100 par\n|move|p1a: Starmie|Thunder Wave|p2a: Tauros\n|-status|p2a: Tauros|par\n|\n|upkeep\n|turn|71\n|inactive|Bedal Roscoe has 25 seconds left this turn.\n|inactive|Bedal Roscoe has 20 seconds left.\n|\n|t:|1781456260\n|move|p1a: Starmie|Recover|p1a: Starmie\n|-heal|p1a: Starmie|85/100 par\n|move|p2a: Tauros|Body Slam|p1a: Starmie\n|-crit|p1a: Starmie\n|-damage|p1a: Starmie|18/100 par\n|\n|upkeep\n|turn|72\n|inactive|Bedal Roscoe has 30 seconds left this turn.\n|\n|t:|1781456270\n|cant|p1a: Starmie|par\n|move|p2a: Tauros|Body Slam|p1a: Starmie\n|-damage|p1a: Starmie|0 fnt\n|faint|p1a: Starmie\n|inactive|Bedal Roscoe has 30 seconds left this turn.\n|inactive|Bedal Roscoe has 20 seconds left.\n|\n|t:|1781456282\n|switch|p1a: Rhydon|Rhydon|41/100\n|turn|73\n|inactive|Bedal Roscoe has 30 seconds left this turn.\n|inactive|KeshBa45 has 150 seconds left.\n|inactive|Bedal Roscoe has 20 seconds left.\n|\n|t:|1781456294\n|move|p1a: Rhydon|Substitute|p1a: Rhydon\n|-start|p1a: Rhydon|Substitute\n|-damage|p1a: Rhydon|16/100\n|move|p2a: Tauros|Earthquake|p1a: Rhydon\n|-supereffective|p1a: Rhydon\n|-end|p1a: Rhydon|Substitute\n|\n|upkeep\n|turn|74\n|inactive|Bedal Roscoe has 30 seconds left this turn.\n|\n|t:|1781456304\n|move|p1a: Rhydon|Earthquake|p2a: Tauros\n|-damage|p2a: Tauros|19/100 par\n|move|p2a: Tauros|Earthquake|p1a: Rhydon\n|-supereffective|p1a: Rhydon\n|-damage|p1a: Rhydon|0 fnt\n|faint|p1a: Rhydon\n|\n|win|KeshBa45\n|player|p2|\n|c|☆Bedal Roscoe|ggs\n","uploadtime":1781456304,"views":"114","formatid":"gen1ou","rating":null,"private":0,"password":null}