{"id":"smogtours-gen1ou-950653","format":"[Gen 1] OU","players":["Soda Krys","TG2513"],"log":"|inactive|Battle timer is ON: inactive players will automatically lose when time's up.\n|t:|1782578999\n|gametype|singles\n|player|p1|Soda Krys|gwynn|\n|player|p2|TG2513|brycenman|\n|gen|1\n|tier|[Gen 1] OU\n|rule|Desync Clause Mod: Desyncs changed to move failure.\n|rule|HP Percentage Mod: HP is shown in percentages\n|rule|Endless Battle Clause: Forcing endless battles is banned\n|rule|Sleep Clause Mod: Limit one foe put to sleep\n|rule|Freeze Clause Mod: Limit one foe frozen\n|rule|Species Clause: Limit one of each Pokémon\n|rule|OHKO Clause: OHKO moves are banned\n|rule|Evasion Moves Clause: Evasion moves are banned\n|\n|t:|1782578999\n|teamsize|p1|6\n|teamsize|p2|6\n|start\n|switch|p1a: Zapdos|Zapdos|100/100\n|switch|p2a: Gengar|Gengar|100/100\n|turn|1\n|\n|t:|1782579002\n|move|p2a: Gengar|Hypnosis|p1a: Zapdos|[miss]\n|-miss|p2a: Gengar\n|move|p1a: Zapdos|Thunder Wave|p2a: Gengar\n|-status|p2a: Gengar|par\n|\n|upkeep\n|turn|2\n|\n|t:|1782579005\n|move|p1a: Zapdos|Thunderbolt|p2a: Gengar\n|-damage|p2a: Gengar|69/100 par\n|move|p2a: Gengar|Hypnosis|p1a: Zapdos\n|-status|p1a: Zapdos|slp|[from] move: Hypnosis\n|\n|upkeep\n|turn|3\n|\n|t:|1782579009\n|-curestatus|p1a: Zapdos|slp|[msg]\n|cant|p2a: Gengar|par\n|\n|upkeep\n|turn|4\n|\n|t:|1782579010\n|move|p1a: Zapdos|Thunderbolt|p2a: Gengar\n|-damage|p2a: Gengar|33/100 par\n|cant|p2a: Gengar|par\n|\n|upkeep\n|turn|5\n|\n|t:|1782579014\n|switch|p2a: Chansey|Chansey|100/100\n|move|p1a: Zapdos|Drill Peck|p2a: Chansey\n|-damage|p2a: Chansey|66/100\n|\n|upkeep\n|turn|6\n|\n|t:|1782579016\n|move|p1a: Zapdos|Thunder Wave|p2a: Chansey\n|-status|p2a: Chansey|par\n|cant|p2a: Chansey|par\n|\n|upkeep\n|turn|7\n|\n|t:|1782579020\n|move|p1a: Zapdos|Drill Peck|p2a: Chansey\n|-damage|p2a: Chansey|31/100 par\n|move|p2a: Chansey|Thunder Wave|p1a: Zapdos\n|-status|p1a: Zapdos|par\n|\n|upkeep\n|turn|8\n|\n|t:|1782579022\n|switch|p2a: Gengar|Gengar|33/100 par\n|move|p1a: Zapdos|Drill Peck|p2a: Gengar\n|-damage|p2a: Gengar|0 fnt\n|faint|p2a: Gengar\n|\n|t:|1782579025\n|switch|p2a: Snorlax|Snorlax|100/100\n|turn|9\n|\n|t:|1782579027\n|move|p2a: Snorlax|Body Slam|p1a: Zapdos\n|-damage|p1a: Zapdos|71/100 par\n|move|p1a: Zapdos|Thunder Wave|p2a: Snorlax\n|-status|p2a: Snorlax|par\n|\n|upkeep\n|turn|10\n|\n|t:|1782579030\n|switch|p1a: Cloyster|Cloyster|100/100\n|cant|p2a: Snorlax|par\n|\n|upkeep\n|turn|11\n|\n|t:|1782579032\n|move|p1a: Cloyster|Blizzard|p2a: Snorlax\n|-damage|p2a: Snorlax|71/100 par\n|move|p2a: Snorlax|Body Slam|p1a: Cloyster\n|-damage|p1a: Cloyster|77/100\n|-status|p1a: Cloyster|par\n|\n|upkeep\n|turn|12\n|\n|t:|1782579040\n|switch|p2a: Cloyster|Cloyster|100/100\n|move|p1a: Cloyster|Rest|p1a: Cloyster\n|-status|p1a: Cloyster|slp|[from] move: Rest\n|-heal|p1a: Cloyster|100/100 slp|[silent]\n|\n|upkeep\n|turn|13\n|\n|t:|1782579043\n|move|p2a: Cloyster|Clamp|p1a: Cloyster\n|-resisted|p1a: Cloyster\n|-damage|p1a: Cloyster|94/100 slp\n|cant|p1a: Cloyster|slp\n|\n|upkeep\n|turn|14\n|\n|t:|1782579044\n|move|p2a: Cloyster|Clamp|p1a: Cloyster|[from] Clamp\n|-damage|p1a: Cloyster|87/100 slp\n|-curestatus|p1a: Cloyster|slp|[msg]\n|\n|upkeep\n|turn|15\n|\n|t:|1782579047\n|switch|p1a: Zapdos|Zapdos|71/100 par\n|move|p2a: Cloyster|Clamp|p1a: Zapdos\n|-damage|p1a: Zapdos|62/100 par\n|\n|upkeep\n|turn|16\n|\n|t:|1782579051\n|switch|p2a: Chansey|Chansey|31/100 par\n|switch|p1a: Cloyster|Cloyster|87/100\n|\n|upkeep\n|turn|17\n|\n|t:|1782579057\n|move|p1a: Cloyster|Clamp|p2a: Chansey\n|-damage|p2a: Chansey|25/100 par\n|cant|p2a: Chansey|partiallytrapped\n|\n|upkeep\n|turn|18\n|\n|t:|1782579061\n|switch|p2a: Snorlax|Snorlax|71/100 par\n|move|p1a: Cloyster|Clamp|p2a: Snorlax|[miss]\n|-miss|p1a: Cloyster\n|\n|upkeep\n|turn|19\n|\n|t:|1782579063\n|move|p1a: Cloyster|Clamp|p2a: Snorlax\n|-damage|p2a: Snorlax|62/100 par\n|cant|p2a: Snorlax|partiallytrapped\n|\n|upkeep\n|turn|20\n|\n|t:|1782579066\n|switch|p2a: Zapdos|Zapdos|100/100\n|move|p1a: Cloyster|Clamp|p2a: Zapdos\n|-damage|p2a: Zapdos|91/100\n|\n|upkeep\n|turn|21\n|\n|t:|1782579068\n|switch|p2a: Tauros|Tauros|100/100\n|switch|p1a: Rhydon|Rhydon|100/100\n|\n|upkeep\n|turn|22\n|\n|t:|1782579070\n|move|p2a: Tauros|Blizzard|p1a: Rhydon\n|-supereffective|p1a: Rhydon\n|-damage|p1a: Rhydon|46/100\n|move|p1a: Rhydon|Leer|p2a: Tauros\n|-unboost|p2a: Tauros|def|1\n|\n|upkeep\n|turn|23\n|\n|t:|1782579074\n|switch|p1a: Cloyster|Cloyster|87/100\n|move|p2a: Tauros|Blizzard|p1a: Cloyster|[miss]\n|-miss|p2a: Tauros\n|\n|upkeep\n|turn|24\n|\n|t:|1782579078\n|switch|p2a: Cloyster|Cloyster|100/100\n|move|p1a: Cloyster|Blizzard|p2a: Cloyster\n|-resisted|p2a: Cloyster\n|-damage|p2a: Cloyster|90/100\n|\n|upkeep\n|turn|25\n|\n|t:|1782579083\n|move|p1a: Cloyster|Clamp|p2a: Cloyster\n|-resisted|p2a: Cloyster\n|-damage|p2a: Cloyster|83/100\n|cant|p2a: Cloyster|partiallytrapped\n|\n|upkeep\n|turn|26\n|\n|t:|1782579086\n|move|p1a: Cloyster|Clamp|p2a: Cloyster|[from] Clamp\n|-damage|p2a: Cloyster|76/100\n|\n|upkeep\n|turn|27\n|\n|t:|1782579088\n|move|p1a: Cloyster|Clamp|p2a: Cloyster\n|-resisted|p2a: Cloyster\n|-damage|p2a: Cloyster|70/100\n|cant|p2a: Cloyster|partiallytrapped\n|\n|upkeep\n|turn|28\n|\n|t:|1782579089\n|move|p1a: Cloyster|Clamp|p2a: Cloyster|[from] Clamp\n|-damage|p2a: Cloyster|63/100\n|\n|upkeep\n|turn|29\n|\n|t:|1782579090\n|move|p2a: Cloyster|Clamp|p1a: Cloyster\n|-resisted|p1a: Cloyster\n|-damage|p1a: Cloyster|81/100\n|cant|p1a: Cloyster|partiallytrapped\n|\n|upkeep\n|turn|30\n|\n|t:|1782579099\n|switch|p2a: Tauros|Tauros|100/100\n|\n|upkeep\n|turn|31\n|\n|t:|1782579102\n|move|p2a: Tauros|Body Slam|p1a: Cloyster\n|-crit|p1a: Cloyster\n|-damage|p1a: Cloyster|41/100\n|-status|p1a: Cloyster|par\n|move|p1a: Cloyster|Blizzard|p2a: Tauros\n|-damage|p2a: Tauros|55/100\n|\n|upkeep\n|turn|32\n|\n|t:|1782579110\n|switch|p2a: Cloyster|Cloyster|63/100\n|cant|p1a: Cloyster|par\n|\n|upkeep\n|turn|33\n|\n|t:|1782579112\n|move|p2a: Cloyster|Clamp|p1a: Cloyster\n|-resisted|p1a: Cloyster\n|-damage|p1a: Cloyster|34/100 par\n|cant|p1a: Cloyster|partiallytrapped\n|\n|upkeep\n|turn|34\n|\n|t:|1782579114\n|move|p2a: Cloyster|Clamp|p1a: Cloyster|[from] Clamp\n|-damage|p1a: Cloyster|26/100 par\n|\n|upkeep\n|turn|35\n|\n|t:|1782579116\n|move|p2a: Cloyster|Clamp|p1a: Cloyster|[from] Clamp\n|-damage|p1a: Cloyster|19/100 par\n|\n|upkeep\n|turn|36\n|\n|t:|1782579117\n|move|p2a: Cloyster|Clamp|p1a: Cloyster|[from] Clamp\n|-damage|p1a: Cloyster|12/100 par\n|\n|upkeep\n|turn|37\n|\n|t:|1782579119\n|move|p2a: Cloyster|Clamp|p1a: Cloyster|[from] Clamp\n|-damage|p1a: Cloyster|4/100 par\n|\n|upkeep\n|turn|38\n|\n|t:|1782579126\n|move|p2a: Cloyster|Blizzard|p1a: Cloyster\n|-resisted|p1a: Cloyster\n|-damage|p1a: Cloyster|0 fnt\n|faint|p1a: Cloyster\n|\n|t:|1782579127\n|switch|p1a: Chansey|Chansey|100/100\n|turn|39\n|\n|t:|1782579132\n|switch|p1a: Rhydon|Rhydon|46/100\n|move|p2a: Cloyster|Clamp|p1a: Rhydon\n|-supereffective|p1a: Rhydon\n|-damage|p1a: Rhydon|0 fnt\n|faint|p1a: Rhydon\n|\n|t:|1782579135\n|switch|p1a: Chansey|Chansey|100/100\n|turn|40\n|\n|t:|1782579138\n|switch|p1a: Exeggutor|Exeggutor|100/100\n|move|p2a: Cloyster|Clamp|p1a: Exeggutor\n|-resisted|p1a: Exeggutor\n|-damage|p1a: Exeggutor|96/100\n|\n|upkeep\n|turn|41\n|\n|t:|1782579142\n|switch|p1a: Chansey|Chansey|100/100\n|move|p2a: Cloyster|Clamp|p1a: Chansey|[miss]\n|-miss|p2a: Cloyster\n|\n|upkeep\n|turn|42\n|\n|t:|1782579146\n|move|p2a: Cloyster|Blizzard|p1a: Chansey\n|-damage|p1a: Chansey|84/100\n|move|p1a: Chansey|Thunder Wave|p2a: Cloyster\n|-status|p2a: Cloyster|par\n|\n|upkeep\n|turn|43\n|\n|t:|1782579150\n|move|p1a: Chansey|Seismic Toss|p2a: Cloyster\n|-damage|p2a: Cloyster|30/100 par\n|cant|p2a: Cloyster|par\n|\n|upkeep\n|turn|44\n|\n|t:|1782579153\n|switch|p1a: Tauros|Tauros|100/100\n|cant|p2a: Cloyster|par\n|\n|upkeep\n|turn|45\n|\n|t:|1782579158\n|move|p1a: Tauros|Thunderbolt|p2a: Cloyster\n|-crit|p2a: Cloyster\n|-supereffective|p2a: Cloyster\n|-damage|p2a: Cloyster|0 fnt\n|faint|p2a: Cloyster\n|\n|t:|1782579162\n|switch|p2a: Snorlax|Snorlax|62/100 par\n|turn|46\n|\n|t:|1782579168\n|move|p1a: Tauros|Body Slam|p2a: Snorlax\n|-damage|p2a: Snorlax|37/100 par\n|cant|p2a: Snorlax|par\n|\n|upkeep\n|turn|47\n|\n|t:|1782579172\n|move|p1a: Tauros|Hyper Beam|p2a: Snorlax\n|-damage|p2a: Snorlax|0 fnt\n|faint|p2a: Snorlax\n|\n|t:|1782579174\n|switch|p2a: Zapdos|Zapdos|91/100\n|turn|48\n|\n|t:|1782579178\n|switch|p1a: Zapdos|Zapdos|62/100 par\n|move|p2a: Zapdos|Thunder Wave|p1a: Zapdos\n|-fail|p1a: Zapdos|par\n|\n|upkeep\n|turn|49\n|\n|t:|1782579181\n|move|p2a: Zapdos|Agility|p2a: Zapdos\n|-boost|p2a: Zapdos|spe|2\n|move|p1a: Zapdos|Thunder Wave|p2a: Zapdos\n|-status|p2a: Zapdos|par\n|\n|upkeep\n|turn|50\n|\n|t:|1782579183\n|move|p2a: Zapdos|Thunderbolt|p1a: Zapdos\n|-damage|p1a: Zapdos|31/100 par\n|move|p1a: Zapdos|Thunderbolt|p2a: Zapdos\n|-damage|p2a: Zapdos|64/100 par\n|\n|upkeep\n|turn|51\n|\n|t:|1782579185\n|move|p2a: Zapdos|Thunderbolt|p1a: Zapdos\n|-damage|p1a: Zapdos|3/100 par\n|move|p1a: Zapdos|Thunderbolt|p2a: Zapdos\n|-damage|p2a: Zapdos|33/100 par\n|\n|upkeep\n|turn|52\n|\n|t:|1782579187\n|move|p2a: Zapdos|Drill Peck|p1a: Zapdos\n|-resisted|p1a: Zapdos\n|-damage|p1a: Zapdos|0 fnt\n|faint|p1a: Zapdos\n|\n|t:|1782579194\n|switch|p1a: Tauros|Tauros|100/100\n|turn|53\n|\n|t:|1782579196\n|move|p1a: Tauros|Blizzard|p2a: Zapdos|[miss]\n|-miss|p1a: Tauros\n|move|p2a: Zapdos|Thunder Wave|p1a: Tauros\n|-status|p1a: Tauros|par\n|\n|upkeep\n|turn|54\n|\n|t:|1782579198\n|cant|p2a: Zapdos|par\n|move|p1a: Tauros|Body Slam|p2a: Zapdos\n|-damage|p2a: Zapdos|4/100 par\n|\n|upkeep\n|turn|55\n|\n|t:|1782579200\n|move|p2a: Zapdos|Thunderbolt|p1a: Tauros\n|-damage|p1a: Tauros|58/100 par\n|move|p1a: Tauros|Body Slam|p2a: Zapdos\n|-damage|p2a: Zapdos|0 fnt\n|faint|p2a: Zapdos\n|\n|t:|1782579202\n|switch|p2a: Tauros|Tauros|55/100\n|turn|56\n|\n|t:|1782579207\n|move|p2a: Tauros|Body Slam|p1a: Tauros\n|-crit|p1a: Tauros\n|-damage|p1a: Tauros|0 fnt\n|faint|p1a: Tauros\n|\n|t:|1782579210\n|switch|p1a: Exeggutor|Exeggutor|96/100\n|turn|57\n|\n|t:|1782579226\n|move|p2a: Tauros|Body Slam|p1a: Exeggutor\n|-damage|p1a: Exeggutor|69/100\n|-status|p1a: Exeggutor|par\n|move|p1a: Exeggutor|Psychic|p2a: Tauros\n|-damage|p2a: Tauros|11/100\n|\n|upkeep\n|turn|58\n|\n|t:|1782579234\n|move|p2a: Tauros|Hyper Beam|p1a: Exeggutor\n|-damage|p1a: Exeggutor|23/100 par\n|-mustrecharge|p2a: Tauros\n|move|p1a: Exeggutor|Psychic|p2a: Tauros\n|-damage|p2a: Tauros|0 fnt\n|faint|p2a: Tauros\n|\n|t:|1782579238\n|switch|p2a: Chansey|Chansey|25/100 par\n|turn|59\n|\n|t:|1782579240\n|cant|p1a: Exeggutor|par\n|move|p2a: Chansey|Ice Beam|p1a: Exeggutor\n|-supereffective|p1a: Exeggutor\n|-damage|p1a: Exeggutor|0 fnt\n|faint|p1a: Exeggutor\n|\n|t:|1782579243\n|switch|p1a: Chansey|Chansey|84/100\n|turn|60\n|\n|t:|1782579244\n|move|p1a: Chansey|Seismic Toss|p2a: Chansey\n|-damage|p2a: Chansey|11/100 par\n|move|p2a: Chansey|Soft-Boiled|p2a: Chansey\n|-heal|p2a: Chansey|61/100 par\n|\n|upkeep\n|turn|61\n|\n|t:|1782579246\n|move|p1a: Chansey|Seismic Toss|p2a: Chansey\n|-damage|p2a: Chansey|47/100 par\n|cant|p2a: Chansey|par\n|\n|upkeep\n|turn|62\n|\n|t:|1782579247\n|move|p1a: Chansey|Seismic Toss|p2a: Chansey\n|-damage|p2a: Chansey|33/100 par\n|move|p2a: Chansey|Soft-Boiled|p2a: Chansey\n|-heal|p2a: Chansey|83/100 par\n|\n|upkeep\n|turn|63\n|\n|t:|1782579249\n|move|p1a: Chansey|Seismic Toss|p2a: Chansey\n|-damage|p2a: Chansey|68/100 par\n|cant|p2a: Chansey|par\n|\n|upkeep\n|turn|64\n|\n|t:|1782579251\n|move|p1a: Chansey|Seismic Toss|p2a: Chansey\n|-damage|p2a: Chansey|54/100 par\n|cant|p2a: Chansey|par\n|\n|upkeep\n|turn|65\n|\n|t:|1782579253\n|move|p1a: Chansey|Seismic Toss|p2a: Chansey\n|-damage|p2a: Chansey|40/100 par\n|move|p2a: Chansey|Soft-Boiled|p2a: Chansey\n|-heal|p2a: Chansey|90/100 par\n|\n|upkeep\n|turn|66\n|\n|t:|1782579254\n|move|p1a: Chansey|Seismic Toss|p2a: Chansey\n|-damage|p2a: Chansey|76/100 par\n|move|p2a: Chansey|Ice Beam|p1a: Chansey\n|-damage|p1a: Chansey|73/100\n|-status|p1a: Chansey|frz\n|\n|upkeep\n|turn|67\n|-message|Soda Krys forfeited.\n|\n|win|TG2513\n|c|☆Soda Krys|12-16\n","uploadtime":1782579259,"views":"63","formatid":"gen1ou","rating":null,"private":0,"password":null}