{"id":"smogtours-gen1ou-947308","format":"[Gen 1] OU","players":["yimb","Teh"],"log":"|inactive|Battle timer is ON: inactive players will automatically lose when time's up.\n|t:|1781482266\n|gametype|singles\n|player|p1|yimb|doctor|\n|player|p2|Teh|#rbywc2025|\n|gen|1\n|tier|[Gen 1] OU\n|rule|Desync Clause Mod: Desyncs changed to move failure.\n|rule|HP Percentage Mod: HP is shown in percentages\n|rule|Endless Battle Clause: Forcing endless battles is banned\n|rule|Sleep Clause Mod: Limit one foe put to sleep\n|rule|Freeze Clause Mod: Limit one foe frozen\n|rule|Species Clause: Limit one of each Pokémon\n|rule|OHKO Clause: OHKO moves are banned\n|rule|Evasion Moves Clause: Evasion moves are banned\n|\n|t:|1781482266\n|teamsize|p1|6\n|teamsize|p2|6\n|start\n|switch|p1a: Alakazam|Alakazam|100/100\n|switch|p2a: Exeggutor|Exeggutor|100/100\n|turn|1\n|\n|t:|1781482275\n|move|p1a: Alakazam|Seismic Toss|p2a: Exeggutor\n|-damage|p2a: Exeggutor|75/100\n|move|p2a: Exeggutor|Sleep Powder|p1a: Alakazam\n|-status|p1a: Alakazam|slp|[from] move: Sleep Powder\n|\n|upkeep\n|turn|2\n|\n|t:|1781482280\n|switch|p1a: Exeggutor|Exeggutor|100/100\n|move|p2a: Exeggutor|Explosion|p1a: Exeggutor\n|-damage|p1a: Exeggutor|26/100\n|faint|p2a: Exeggutor\n|\n|t:|1781482287\n|switch|p2a: Tauros|Tauros|100/100\n|turn|3\n|\n|t:|1781482294\n|switch|p1a: Snorlax|Snorlax|100/100\n|move|p2a: Tauros|Body Slam|p1a: Snorlax\n|-damage|p1a: Snorlax|78/100\n|\n|upkeep\n|turn|4\n|\n|t:|1781482299\n|move|p2a: Tauros|Body Slam|p1a: Snorlax\n|-damage|p1a: Snorlax|51/100\n|move|p1a: Snorlax|Reflect|p1a: Snorlax\n|-start|p1a: Snorlax|Reflect\n|\n|upkeep\n|turn|5\n|\n|t:|1781482314\n|move|p2a: Tauros|Body Slam|p1a: Snorlax\n|-damage|p1a: Snorlax|38/100\n|move|p1a: Snorlax|Body Slam|p2a: Tauros\n|-damage|p2a: Tauros|70/100\n|\n|upkeep\n|turn|6\n|\n|t:|1781482319\n|switch|p2a: Snorlax|Snorlax|100/100\n|move|p1a: Snorlax|Rest|p1a: Snorlax\n|-status|p1a: Snorlax|slp|[from] move: Rest\n|-heal|p1a: Snorlax|100/100 slp|[silent]\n|\n|upkeep\n|turn|7\n|\n|t:|1781482325\n|switch|p2a: Starmie|Starmie|100/100\n|cant|p1a: Snorlax|slp\n|\n|upkeep\n|turn|8\n|\n|t:|1781482328\n|move|p2a: Starmie|Psychic|p1a: Snorlax\n|-damage|p1a: Snorlax|75/100 slp\n|-curestatus|p1a: Snorlax|slp|[msg]\n|\n|upkeep\n|turn|9\n|\n|t:|1781482335\n|move|p2a: Starmie|Psychic|p1a: Snorlax\n|-damage|p1a: Snorlax|48/100\n|-unboost|p1a: Snorlax|spa|1\n|-unboost|p1a: Snorlax|spd|1\n|move|p1a: Snorlax|Body Slam|p2a: Starmie\n|-damage|p2a: Starmie|61/100\n|-status|p2a: Starmie|par\n|\n|upkeep\n|turn|10\n|\n|t:|1781482343\n|switch|p1a: Exeggutor|Exeggutor|26/100\n|move|p2a: Starmie|Recover|p2a: Starmie\n|-heal|p2a: Starmie|100/100 par\n|\n|upkeep\n|turn|11\n|\n|t:|1781482350\n|switch|p2a: Jynx|Jynx|100/100\n|move|p1a: Exeggutor|Explosion|p2a: Jynx\n|-damage|p2a: Jynx|0 fnt\n|faint|p2a: Jynx\n|faint|p1a: Exeggutor\n|inactive|Teh has 270 seconds left.\n|\n|t:|1781482381\n|switch|p2a: Alakazam|Alakazam|100/100\n|switch|p1a: Starmie|Starmie|100/100\n|turn|12\n|\n|t:|1781482391\n|move|p2a: Alakazam|Thunder Wave|p1a: Starmie\n|-status|p1a: Starmie|par\n|move|p1a: Starmie|Thunder Wave|p2a: Alakazam\n|-status|p2a: Alakazam|par\n|\n|upkeep\n|turn|13\n|\n|t:|1781482396\n|move|p2a: Alakazam|Psychic|p1a: Starmie\n|-crit|p1a: Starmie\n|-resisted|p1a: Starmie\n|-damage|p1a: Starmie|59/100 par\n|cant|p1a: Starmie|par\n|\n|upkeep\n|turn|14\n|\n|t:|1781482402\n|move|p2a: Alakazam|Psychic|p1a: Starmie\n|-resisted|p1a: Starmie\n|-damage|p1a: Starmie|39/100 par\n|-unboost|p1a: Starmie|spa|1\n|-unboost|p1a: Starmie|spd|1\n|move|p1a: Starmie|Recover|p1a: Starmie\n|-heal|p1a: Starmie|88/100 par\n|\n|upkeep\n|turn|15\n|\n|t:|1781482408\n|switch|p1a: Snorlax|Snorlax|48/100\n|cant|p2a: Alakazam|par\n|\n|upkeep\n|turn|16\n|\n|t:|1781482412\n|move|p1a: Snorlax|Body Slam|p2a: Alakazam\n|-damage|p2a: Alakazam|44/100 par\n|cant|p2a: Alakazam|par\n|\n|upkeep\n|turn|17\n|\n|t:|1781482422\n|switch|p2a: Snorlax|Snorlax|100/100\n|move|p1a: Snorlax|Body Slam|p2a: Snorlax\n|-damage|p2a: Snorlax|75/100\n|\n|upkeep\n|turn|18\n|\n|t:|1781482433\n|switch|p1a: Alakazam|Alakazam|100/100 slp\n|move|p2a: Snorlax|Body Slam|p1a: Alakazam\n|-damage|p1a: Alakazam|44/100 slp\n|\n|upkeep\n|turn|19\n|\n|t:|1781482441\n|cant|p1a: Alakazam|slp\n|move|p2a: Snorlax|Body Slam|p1a: Alakazam\n|-damage|p1a: Alakazam|0 fnt\n|faint|p1a: Alakazam\n|\n|t:|1781482451\n|switch|p1a: Zapdos|Zapdos|100/100\n|turn|20\n|\n|t:|1781482460\n|move|p1a: Zapdos|Thunder Wave|p2a: Snorlax\n|-status|p2a: Snorlax|par\n|move|p2a: Snorlax|Self-Destruct|p1a: Zapdos\n|-damage|p1a: Zapdos|0 fnt\n|faint|p1a: Zapdos\n|faint|p2a: Snorlax\n|\n|t:|1781482478\n|switch|p1a: Starmie|Starmie|88/100 par\n|switch|p2a: Starmie|Starmie|100/100 par\n|turn|21\n|\n|t:|1781482483\n|switch|p2a: Alakazam|Alakazam|44/100 par\n|move|p1a: Starmie|Thunderbolt|p2a: Alakazam\n|-damage|p2a: Alakazam|25/100 par\n|\n|upkeep\n|turn|22\n|\n|t:|1781482489\n|switch|p1a: Snorlax|Snorlax|48/100\n|cant|p2a: Alakazam|par\n|\n|upkeep\n|turn|23\n|\n|t:|1781482498\n|move|p1a: Snorlax|Reflect|p1a: Snorlax\n|-start|p1a: Snorlax|Reflect\n|cant|p2a: Alakazam|par\n|\n|upkeep\n|turn|24\n|c|☆Teh|please\n|\n|t:|1781482507\n|move|p1a: Snorlax|Body Slam|p2a: Alakazam\n|-damage|p2a: Alakazam|0 fnt\n|faint|p2a: Alakazam\n|\n|t:|1781482508\n|switch|p2a: Starmie|Starmie|100/100 par\n|turn|25\n|\n|t:|1781482512\n|move|p1a: Snorlax|Body Slam|p2a: Starmie\n|-damage|p2a: Starmie|64/100 par\n|cant|p2a: Starmie|par\n|\n|upkeep\n|turn|26\n|\n|t:|1781482524\n|move|p1a: Snorlax|Body Slam|p2a: Starmie\n|-crit|p2a: Starmie\n|-damage|p2a: Starmie|0 fnt\n|faint|p2a: Starmie\n|c|☆Teh|yea\n|\n|t:|1781482532\n|switch|p2a: Tauros|Tauros|70/100\n|turn|27\n|c|☆yimb|yeah sorry\n|\n|t:|1781482538\n|move|p2a: Tauros|Blizzard|p1a: Snorlax\n|-damage|p1a: Snorlax|28/100\n|move|p1a: Snorlax|Body Slam|p2a: Tauros\n|-damage|p2a: Tauros|36/100\n|\n|upkeep\n|turn|28\n|c|☆Teh|i dont think you are\n|c|☆Teh|but its ok\n|c|☆yimb|no yeah i am\n|\n|t:|1781482548\n|move|p2a: Tauros|Body Slam|p1a: Snorlax\n|-damage|p1a: Snorlax|15/100\n|move|p1a: Snorlax|Hyper Beam|p2a: Tauros\n|-damage|p2a: Tauros|0 fnt\n|faint|p2a: Tauros\n|\n|win|yimb\n|c|☆Teh|ggs\n|player|p2|\n|c|☆yimb|ggs\n","uploadtime":1781482548,"views":"115","formatid":"gen1ou","rating":null,"private":0,"password":null}