{"id":"smogtours-gen1ou-825158","format":"[Gen 1] OU","players":["abyssal ruins","I ❤️ SZA"],"log":"|inactive|Battle timer is ON: inactive players will automatically lose when time's up.\n|t:|1742093022\n|gametype|singles\n|player|p1|abyssal ruins|#roaplviiipichus|\n|player|p2|I ❤️ SZA|#rbywc2024|\n|teamsize|p1|6\n|teamsize|p2|6\n|gen|1\n|tier|[Gen 1] OU\n|rule|Desync Clause Mod: Desyncs changed to move failure.\n|rule|Sleep Clause Mod: Limit one foe put to sleep\n|rule|Freeze Clause Mod: Limit one foe frozen\n|rule|Species Clause: Limit one of each Pokémon\n|rule|OHKO Clause: OHKO moves are banned\n|rule|Evasion Moves Clause: Evasion moves are banned\n|rule|Endless Battle Clause: Forcing endless battles is banned\n|rule|HP Percentage Mod: HP is shown in percentages\n|\n|t:|1742093022\n|start\n|switch|p1a: Lippoutou|Jynx|100/100\n|switch|p2a: 3DS Disco(WTFTF??)|Starmie|100/100\n|turn|1\n|c|☆abyssal ruins|👍 \n|c|☆I ❤️ SZA|U2\n|c|☆abyssal ruins|oops\n|c|☆abyssal ruins|u2\n|inactive|abyssal ruins has 270 seconds left.\n|inactive|I ❤️ SZA has 270 seconds left.\n|rated|Smogon Premier League\n|inactive|abyssal ruins has 240 seconds left.\n|inactive|I ❤️ SZA has 240 seconds left.\n|\n|t:|1742093101\n|switch|p2a: Exeggutor|Exeggutor|100/100\n|move|p1a: Lippoutou|Lovely Kiss|p2a: Exeggutor\n|-status|p2a: Exeggutor|slp|[from] move: Lovely Kiss\n|\n|upkeep\n|turn|2\n|\n|t:|1742093110\n|switch|p2a: Chansey|Chansey|100/100\n|move|p1a: Lippoutou|Blizzard|p2a: Chansey\n|-damage|p2a: Chansey|82/100\n|-status|p2a: Chansey|frz\n|\n|upkeep\n|turn|3\n|\n|t:|1742093118\n|switch|p2a: 3DS Disco(WTFTF??)|Starmie|100/100\n|move|p1a: Lippoutou|Psychic|p2a: 3DS Disco(WTFTF??)\n|-crit|p2a: 3DS Disco(WTFTF??)\n|-resisted|p2a: 3DS Disco(WTFTF??)\n|-damage|p2a: 3DS Disco(WTFTF??)|71/100\n|\n|upkeep\n|turn|4\n|\n|t:|1742093126\n|switch|p1a: Leveinard|Chansey|100/100\n|move|p2a: 3DS Disco(WTFTF??)|Thunder Wave|p1a: Leveinard\n|-status|p1a: Leveinard|par\n|\n|upkeep\n|turn|5\n|inactive|I ❤️ SZA has 270 seconds left.\n|\n|t:|1742093176\n|switch|p2a: Exeggutor|Exeggutor|100/100 slp\n|cant|p1a: Leveinard|par\n|\n|upkeep\n|turn|6\n|\n|t:|1742093182\n|switch|p2a: Tauros|Tauros|100/100\n|move|p1a: Leveinard|Ice Beam|p2a: Tauros\n|-damage|p2a: Tauros|74/100\n|\n|upkeep\n|turn|7\n|\n|t:|1742093187\n|move|p2a: Tauros|Body Slam|p1a: Leveinard\n|-damage|p1a: Leveinard|59/100 par\n|cant|p1a: Leveinard|par\n|\n|upkeep\n|turn|8\n|\n|t:|1742093196\n|switch|p1a: Ronflex|Snorlax|100/100\n|move|p2a: Tauros|Body Slam|p1a: Ronflex\n|-crit|p1a: Ronflex\n|-damage|p1a: Ronflex|53/100\n|\n|upkeep\n|turn|9\n|\n|t:|1742093204\n|switch|p2a: Rhydon|Rhydon|100/100\n|move|p1a: Ronflex|Reflect|p1a: Ronflex\n|-start|p1a: Ronflex|Reflect\n|\n|upkeep\n|turn|10\n|\n|t:|1742093209\n|switch|p2a: 3DS Disco(WTFTF??)|Starmie|71/100\n|move|p1a: Ronflex|Ice Beam|p2a: 3DS Disco(WTFTF??)\n|-crit|p2a: 3DS Disco(WTFTF??)\n|-resisted|p2a: 3DS Disco(WTFTF??)\n|-damage|p2a: 3DS Disco(WTFTF??)|54/100\n|\n|upkeep\n|turn|11\n|\n|t:|1742093219\n|move|p2a: 3DS Disco(WTFTF??)|Thunder Wave|p1a: Ronflex\n|-status|p1a: Ronflex|par\n|move|p1a: Ronflex|Body Slam|p2a: 3DS Disco(WTFTF??)\n|-damage|p2a: 3DS Disco(WTFTF??)|17/100\n|\n|upkeep\n|turn|12\n|\n|t:|1742093224\n|move|p2a: 3DS Disco(WTFTF??)|Recover|p2a: 3DS Disco(WTFTF??)\n|-heal|p2a: 3DS Disco(WTFTF??)|67/100\n|move|p1a: Ronflex|Body Slam|p2a: 3DS Disco(WTFTF??)\n|-crit|p2a: 3DS Disco(WTFTF??)\n|-damage|p2a: 3DS Disco(WTFTF??)|0 fnt\n|faint|p2a: 3DS Disco(WTFTF??)\n|c|☆I ❤️ SZA|Damn\n|\n|t:|1742093236\n|switch|p2a: Tauros|Tauros|74/100\n|turn|13\n|\n|t:|1742093239\n|move|p2a: Tauros|Body Slam|p1a: Ronflex\n|-damage|p1a: Ronflex|40/100 par\n|cant|p1a: Ronflex|par\n|\n|upkeep\n|turn|14\n|\n|t:|1742093245\n|move|p2a: Tauros|Body Slam|p1a: Ronflex\n|-damage|p1a: Ronflex|28/100 par\n|move|p1a: Ronflex|Rest|p1a: Ronflex\n|-status|p1a: Ronflex|slp|[from] move: Rest\n|-heal|p1a: Ronflex|100/100 slp|[silent]\n|\n|upkeep\n|turn|15\n|\n|t:|1742093247\n|move|p2a: Tauros|Body Slam|p1a: Ronflex\n|-damage|p1a: Ronflex|88/100 slp\n|cant|p1a: Ronflex|slp\n|\n|upkeep\n|turn|16\n|\n|t:|1742093249\n|move|p2a: Tauros|Body Slam|p1a: Ronflex\n|-damage|p1a: Ronflex|76/100 slp\n|-curestatus|p1a: Ronflex|slp|[msg]\n|\n|upkeep\n|turn|17\n|\n|t:|1742093251\n|move|p2a: Tauros|Blizzard|p1a: Ronflex\n|-damage|p1a: Ronflex|58/100\n|move|p1a: Ronflex|Body Slam|p2a: Tauros\n|-damage|p2a: Tauros|41/100\n|\n|upkeep\n|turn|18\n|\n|t:|1742093264\n|move|p2a: Tauros|Blizzard|p1a: Ronflex\n|-crit|p1a: Ronflex\n|-damage|p1a: Ronflex|24/100\n|move|p1a: Ronflex|Rest|p1a: Ronflex\n|-status|p1a: Ronflex|slp|[from] move: Rest\n|-heal|p1a: Ronflex|100/100 slp|[silent]\n|\n|upkeep\n|turn|19\n|\n|t:|1742093269\n|move|p2a: Tauros|Body Slam|p1a: Ronflex\n|-damage|p1a: Ronflex|87/100 slp\n|cant|p1a: Ronflex|slp\n|\n|upkeep\n|turn|20\n|\n|t:|1742093271\n|move|p2a: Tauros|Body Slam|p1a: Ronflex\n|-damage|p1a: Ronflex|75/100 slp\n|-curestatus|p1a: Ronflex|slp|[msg]\n|\n|upkeep\n|turn|21\n|\n|t:|1742093273\n|move|p2a: Tauros|Blizzard|p1a: Ronflex\n|-damage|p1a: Ronflex|56/100\n|move|p1a: Ronflex|Body Slam|p2a: Tauros\n|-damage|p2a: Tauros|9/100\n|\n|upkeep\n|turn|22\n|\n|t:|1742093276\n|move|p2a: Tauros|Rest|p2a: Tauros\n|-status|p2a: Tauros|slp|[from] move: Rest\n|-heal|p2a: Tauros|100/100 slp|[silent]\n|move|p1a: Ronflex|Body Slam|p2a: Tauros\n|-damage|p2a: Tauros|70/100 slp\n|\n|upkeep\n|turn|23\n|\n|t:|1742093279\n|cant|p2a: Tauros|slp\n|move|p1a: Ronflex|Body Slam|p2a: Tauros\n|-damage|p2a: Tauros|38/100 slp\n|\n|upkeep\n|turn|24\n|\n|t:|1742093281\n|-curestatus|p2a: Tauros|slp|[msg]\n|move|p1a: Ronflex|Body Slam|p2a: Tauros\n|-damage|p2a: Tauros|5/100\n|\n|upkeep\n|turn|25\n|\n|t:|1742093294\n|move|p2a: Tauros|Rest|p2a: Tauros\n|-status|p2a: Tauros|slp|[from] move: Rest\n|-heal|p2a: Tauros|100/100 slp|[silent]\n|move|p1a: Ronflex|Body Slam|p2a: Tauros\n|-damage|p2a: Tauros|71/100 slp\n|\n|upkeep\n|turn|26\n|\n|t:|1742093303\n|cant|p2a: Tauros|slp\n|move|p1a: Ronflex|Body Slam|p2a: Tauros\n|-damage|p2a: Tauros|41/100 slp\n|\n|upkeep\n|turn|27\n|\n|t:|1742093304\n|switch|p2a: Exeggutor|Exeggutor|100/100 slp\n|move|p1a: Ronflex|Body Slam|p2a: Exeggutor\n|-damage|p2a: Exeggutor|71/100 slp\n|\n|upkeep\n|turn|28\n|\n|t:|1742093307\n|cant|p2a: Exeggutor|slp\n|move|p1a: Ronflex|Body Slam|p2a: Exeggutor\n|-damage|p2a: Exeggutor|43/100 slp\n|\n|upkeep\n|turn|29\n|\n|t:|1742093309\n|-curestatus|p2a: Exeggutor|slp|[msg]\n|move|p1a: Ronflex|Body Slam|p2a: Exeggutor\n|-damage|p2a: Exeggutor|11/100\n|\n|upkeep\n|turn|30\n|\n|t:|1742093317\n|move|p2a: Exeggutor|Sleep Powder|p1a: Ronflex|[miss]\n|-miss|p2a: Exeggutor\n|move|p1a: Ronflex|Body Slam|p2a: Exeggutor\n|-damage|p2a: Exeggutor|0 fnt\n|faint|p2a: Exeggutor\n|\n|t:|1742093340\n|switch|p2a: Tauros|Tauros|41/100 slp\n|turn|31\n|\n|t:|1742093343\n|-curestatus|p2a: Tauros|slp|[msg]\n|move|p1a: Ronflex|Body Slam|p2a: Tauros\n|-damage|p2a: Tauros|10/100\n|\n|upkeep\n|turn|32\n|\n|t:|1742093348\n|move|p2a: Tauros|Hyper Beam|p1a: Ronflex\n|-damage|p1a: Ronflex|33/100\n|-mustrecharge|p2a: Tauros\n|move|p1a: Ronflex|Body Slam|p2a: Tauros\n|-damage|p2a: Tauros|0 fnt\n|faint|p2a: Tauros\n|-message|I ❤️ SZA forfeited.\n|\n|win|abyssal ruins\n|c|☆I ❤️ SZA|gg\n|c|☆abyssal ruins|ggwp\n","uploadtime":1742093359,"views":"1652","formatid":"gen1ou","rating":null,"private":0,"password":null}