{"id":"smogtours-gen1ou-946300","format":"[Gen 1] OU","players":["Louna","corvinus II"],"log":"|inactive|Battle timer is ON: inactive players will automatically lose when time's up.\n|t:|1781383472\n|gametype|singles\n|player|p1|Louna|#rbyplvmightymagmars|\n|player|p2|corvinus II|erika-gen1|\n|gen|1\n|tier|[Gen 1] OU\n|rule|Desync Clause Mod: Desyncs changed to move failure.\n|rule|HP Percentage Mod: HP is shown in percentages\n|rule|Endless Battle Clause: Forcing endless battles is banned\n|rule|Sleep Clause Mod: Limit one foe put to sleep\n|rule|Freeze Clause Mod: Limit one foe frozen\n|rule|Species Clause: Limit one of each Pokémon\n|rule|OHKO Clause: OHKO moves are banned\n|rule|Evasion Moves Clause: Evasion moves are banned\n|\n|t:|1781383472\n|teamsize|p1|6\n|teamsize|p2|6\n|start\n|switch|p1a: Starmie|Starmie|100/100\n|switch|p2a: Gengar|Gengar|100/100\n|turn|1\n|inactive|corvinus II also wants the timer to be on.\n|c|☆Louna|hf\n|c|☆corvinus II|glhf\n|inactive|Louna has 270 seconds left.\n|inactive|Louna has 240 seconds left.\n|\n|t:|1781383535\n|switch|p1a: Exeggutor|Exeggutor|100/100\n|move|p2a: Gengar|Hypnosis|p1a: Exeggutor\n|-status|p1a: Exeggutor|slp|[from] move: Hypnosis\n|\n|upkeep\n|turn|2\n|\n|t:|1781383561\n|move|p2a: Gengar|Night Shade|p1a: Exeggutor\n|-damage|p1a: Exeggutor|75/100 slp\n|cant|p1a: Exeggutor|slp\n|\n|upkeep\n|turn|3\n|\n|t:|1781383564\n|switch|p1a: Starmie|Starmie|100/100\n|move|p2a: Gengar|Night Shade|p1a: Starmie\n|-damage|p1a: Starmie|70/100\n|\n|upkeep\n|turn|4\n|\n|t:|1781383570\n|switch|p2a: Chansey|Chansey|100/100\n|move|p1a: Starmie|Thunder Wave|p2a: Chansey\n|-status|p2a: Chansey|par\n|\n|upkeep\n|turn|5\n|\n|t:|1781383578\n|switch|p1a: Snorlax|Snorlax|100/100\n|move|p2a: Chansey|Seismic Toss|p1a: Snorlax\n|-damage|p1a: Snorlax|81/100\n|\n|upkeep\n|turn|6\n|inactive|corvinus II has 270 seconds left.\n|\n|t:|1781383623\n|switch|p2a: Exeggutor|Exeggutor|100/100\n|move|p1a: Snorlax|Body Slam|p2a: Exeggutor\n|-damage|p2a: Exeggutor|73/100\n|\n|upkeep\n|turn|7\n|\n|t:|1781383632\n|switch|p1a: Chansey|Chansey|100/100\n|move|p2a: Exeggutor|Psychic|p1a: Chansey\n|-damage|p1a: Chansey|83/100\n|\n|upkeep\n|turn|8\n|\n|t:|1781383645\n|switch|p2a: Chansey|Chansey|100/100 par\n|move|p1a: Chansey|Thunder Wave|p2a: Chansey\n|-fail|p2a: Chansey|par\n|\n|upkeep\n|turn|9\n|\n|t:|1781383651\n|switch|p1a: Snorlax|Snorlax|81/100\n|move|p2a: Chansey|Thunder Wave|p1a: Snorlax\n|-status|p1a: Snorlax|par\n|\n|upkeep\n|turn|10\n|inactive|corvinus II has 270 seconds left.\n|\n|t:|1781383683\n|switch|p2a: Snorlax|Snorlax|100/100\n|cant|p1a: Snorlax|par\n|\n|upkeep\n|turn|11\n|\n|t:|1781383689\n|move|p2a: Snorlax|Body Slam|p1a: Snorlax\n|-damage|p1a: Snorlax|57/100 par\n|cant|p1a: Snorlax|par\n|\n|upkeep\n|turn|12\n|inactive|corvinus II has 240 seconds left.\n|\n|t:|1781383722\n|move|p2a: Snorlax|Body Slam|p1a: Snorlax\n|-damage|p1a: Snorlax|31/100 par\n|move|p1a: Snorlax|Reflect|p1a: Snorlax\n|-start|p1a: Snorlax|Reflect\n|\n|upkeep\n|turn|13\n|\n|t:|1781383737\n|switch|p2a: Exeggutor|Exeggutor|73/100\n|move|p1a: Snorlax|Rest|p1a: Snorlax\n|-status|p1a: Snorlax|slp|[from] move: Rest\n|-heal|p1a: Snorlax|100/100 slp|[silent]\n|\n|upkeep\n|turn|14\n|\n|t:|1781383742\n|switch|p1a: Chansey|Chansey|83/100\n|move|p2a: Exeggutor|Psychic|p1a: Chansey\n|-damage|p1a: Chansey|66/100\n|-unboost|p1a: Chansey|spa|1\n|-unboost|p1a: Chansey|spd|1\n|\n|upkeep\n|turn|15\n|\n|t:|1781383745\n|move|p2a: Exeggutor|Stun Spore|p1a: Chansey\n|-status|p1a: Chansey|par\n|move|p1a: Chansey|Thunder Wave|p2a: Exeggutor\n|-status|p2a: Exeggutor|par\n|\n|upkeep\n|turn|16\n|\n|t:|1781383752\n|move|p2a: Exeggutor|Psychic|p1a: Chansey\n|-damage|p1a: Chansey|39/100 par\n|move|p1a: Chansey|Soft-Boiled|p1a: Chansey\n|-heal|p1a: Chansey|89/100 par\n|\n|upkeep\n|turn|17\n|inactive|corvinus II has 240 seconds left.\n|\n|t:|1781383804\n|switch|p2a: Chansey|Chansey|100/100 par\n|cant|p1a: Chansey|par\n|\n|upkeep\n|turn|18\n|\n|t:|1781383811\n|switch|p1a: Rhydon|Rhydon|100/100\n|move|p2a: Chansey|Seismic Toss|p1a: Rhydon\n|-damage|p1a: Rhydon|76/100\n|\n|upkeep\n|turn|19\n|\n|t:|1781383829\n|switch|p2a: Exeggutor|Exeggutor|73/100 par\n|move|p1a: Rhydon|Rock Slide|p2a: Exeggutor|[miss]\n|-miss|p1a: Rhydon\n|\n|upkeep\n|turn|20\n|\n|t:|1781383837\n|switch|p1a: Chansey|Chansey|89/100 par\n|move|p2a: Exeggutor|Mega Drain|p1a: Chansey\n|-damage|p1a: Chansey|81/100 par\n|-heal|p2a: Exeggutor|79/100 par|[from] drain|[of] p1a: Chansey\n|\n|upkeep\n|turn|21\n|\n|t:|1781383848\n|switch|p2a: Chansey|Chansey|100/100 par\n|cant|p1a: Chansey|par\n|\n|upkeep\n|turn|22\n|\n|t:|1781383854\n|switch|p1a: Snorlax|Snorlax|100/100 slp\n|move|p2a: Chansey|Seismic Toss|p1a: Snorlax\n|-damage|p1a: Snorlax|81/100 slp\n|\n|upkeep\n|turn|23\n|inactive|corvinus II has 240 seconds left.\n|\n|t:|1781383878\n|switch|p2a: Tauros|Tauros|100/100\n|cant|p1a: Snorlax|slp\n|\n|upkeep\n|turn|24\n|\n|t:|1781383888\n|move|p2a: Tauros|Body Slam|p1a: Snorlax\n|-damage|p1a: Snorlax|55/100 slp\n|-curestatus|p1a: Snorlax|slp|[msg]\n|\n|upkeep\n|turn|25\n|\n|t:|1781383902\n|move|p2a: Tauros|Body Slam|p1a: Snorlax\n|-damage|p1a: Snorlax|29/100\n|move|p1a: Snorlax|Body Slam|p2a: Tauros\n|-damage|p2a: Tauros|70/100\n|\n|upkeep\n|turn|26\n|\n|t:|1781383920\n|move|p2a: Tauros|Hyper Beam|p1a: Snorlax\n|-damage|p1a: Snorlax|0 fnt\n|faint|p1a: Snorlax\n|\n|t:|1781383929\n|switch|p1a: Tauros|Tauros|100/100\n|turn|27\n|inactive|corvinus II has 210 seconds left.\n|inactive|corvinus II has 180 seconds left.\n|\n|t:|1781384012\n|move|p1a: Tauros|Body Slam|p2a: Tauros\n|-damage|p2a: Tauros|41/100\n|move|p2a: Tauros|Body Slam|p1a: Tauros\n|-damage|p1a: Tauros|70/100\n|\n|upkeep\n|turn|28\n|\n|t:|1781384032\n|switch|p2a: Gengar|Gengar|100/100\n|move|p1a: Tauros|Body Slam|p2a: Gengar\n|-immune|p2a: Gengar\n|\n|upkeep\n|turn|29\n|\n|t:|1781384054\n|switch|p1a: Rhydon|Rhydon|76/100\n|move|p2a: Gengar|Psychic|p1a: Rhydon\n|-damage|p1a: Rhydon|41/100\n|-unboost|p1a: Rhydon|spa|1\n|-unboost|p1a: Rhydon|spd|1\n|\n|upkeep\n|turn|30\n|\n|t:|1781384066\n|switch|p1a: Chansey|Chansey|81/100 par\n|move|p2a: Gengar|Explosion|p1a: Chansey\n|-damage|p1a: Chansey|1/100 par\n|faint|p2a: Gengar\n|inactive|corvinus II has 150 seconds left.\n|\n|t:|1781384100\n|switch|p2a: Snorlax|Snorlax|100/100\n|turn|31\n|\n|t:|1781384106\n|move|p2a: Snorlax|Body Slam|p1a: Chansey\n|-damage|p1a: Chansey|0 fnt\n|faint|p1a: Chansey\n|\n|t:|1781384109\n|switch|p1a: Starmie|Starmie|70/100\n|turn|32\n|inactive|corvinus II has 150 seconds left.\n|inactive|corvinus II has 120 seconds left.\n|\n|t:|1781384159\n|move|p1a: Starmie|Recover|p1a: Starmie\n|-heal|p1a: Starmie|100/100\n|move|p2a: Snorlax|Body Slam|p1a: Starmie\n|-damage|p1a: Starmie|62/100\n|\n|upkeep\n|turn|33\n|inactive|corvinus II has 120 seconds left.\n|\n|t:|1781384173\n|move|p1a: Starmie|Thunder Wave|p2a: Snorlax\n|-status|p2a: Snorlax|par\n|move|p2a: Snorlax|Self-Destruct|p1a: Starmie\n|-damage|p1a: Starmie|0 fnt\n|faint|p1a: Starmie\n|faint|p2a: Snorlax\n|inactive|corvinus II has 90 seconds left.\n|\n|t:|1781384207\n|switch|p1a: Tauros|Tauros|70/100\n|switch|p2a: Tauros|Tauros|41/100\n|turn|34\n|\n|t:|1781384224\n|switch|p2a: Zapdos|Zapdos|100/100\n|move|p1a: Tauros|Hyper Beam|p2a: Zapdos\n|-crit|p2a: Zapdos\n|-damage|p2a: Zapdos|9/100\n|-mustrecharge|p1a: Tauros\n|\n|upkeep\n|turn|35\n|inactive|corvinus II has 90 seconds left.\n|\n|t:|1781384257\n|cant|p1a: Tauros|recharge\n|move|p2a: Zapdos|Thunder Wave|p1a: Tauros\n|-status|p1a: Tauros|par\n|\n|upkeep\n|turn|36\n|\n|t:|1781384267\n|switch|p1a: Rhydon|Rhydon|41/100\n|move|p2a: Zapdos|Drill Peck|p1a: Rhydon\n|-crit|p1a: Rhydon\n|-resisted|p1a: Rhydon\n|-damage|p1a: Rhydon|25/100\n|\n|upkeep\n|turn|37\n|inactive|corvinus II has 90 seconds left.\n|inactive|Louna has 270 seconds left.\n|\n|t:|1781384304\n|move|p2a: Zapdos|Drill Peck|p1a: Rhydon\n|-resisted|p1a: Rhydon\n|-damage|p1a: Rhydon|16/100\n|move|p1a: Rhydon|Body Slam|p2a: Zapdos\n|-damage|p2a: Zapdos|0 fnt\n|faint|p2a: Zapdos\n|\n|t:|1781384317\n|switch|p2a: Tauros|Tauros|41/100\n|turn|38\n|\n|t:|1781384326\n|switch|p1a: Exeggutor|Exeggutor|75/100 slp\n|move|p2a: Tauros|Earthquake|p1a: Exeggutor\n|-resisted|p1a: Exeggutor\n|-damage|p1a: Exeggutor|64/100 slp\n|\n|upkeep\n|turn|39\n|inactive|corvinus II has 90 seconds left.\n|\n|t:|1781384332\n|move|p2a: Tauros|Body Slam|p1a: Exeggutor\n|-crit|p1a: Exeggutor\n|-damage|p1a: Exeggutor|7/100 slp\n|cant|p1a: Exeggutor|slp\n|\n|upkeep\n|turn|40\n|inactive|corvinus II has 90 seconds left.\n|inactive|corvinus II has 60 seconds left.\n|\n|t:|1781384385\n|switch|p2a: Exeggutor|Exeggutor|79/100 par\n|-curestatus|p1a: Exeggutor|slp|[msg]\n|\n|upkeep\n|turn|41\n|inactive|Louna has 270 seconds left.\n|\n|t:|1781384416\n|switch|p2a: Chansey|Chansey|100/100 par\n|move|p1a: Exeggutor|Psychic|p2a: Chansey\n|-damage|p2a: Chansey|82/100 par\n|-unboost|p2a: Chansey|spa|1\n|-unboost|p2a: Chansey|spd|1\n|\n|upkeep\n|turn|42\n|\n|t:|1781384426\n|move|p1a: Exeggutor|Psychic|p2a: Chansey\n|-damage|p2a: Chansey|56/100 par\n|-unboost|p2a: Chansey|spa|1\n|-unboost|p2a: Chansey|spd|1\n|cant|p2a: Chansey|par\n|\n|upkeep\n|turn|43\n|\n|t:|1781384430\n|move|p1a: Exeggutor|Mega Drain|p2a: Chansey\n|-damage|p2a: Chansey|42/100 par\n|-heal|p1a: Exeggutor|19/100|[from] drain|[of] p2a: Chansey\n|move|p2a: Chansey|Seismic Toss|p1a: Exeggutor\n|-damage|p1a: Exeggutor|0 fnt\n|faint|p1a: Exeggutor\n|\n|t:|1781384445\n|switch|p1a: Tauros|Tauros|70/100 par\n|turn|44\n|\n|t:|1781384454\n|move|p1a: Tauros|Hyper Beam|p2a: Chansey|[miss]\n|-miss|p1a: Tauros\n|move|p2a: Chansey|Seismic Toss|p1a: Tauros\n|-damage|p1a: Tauros|41/100 par\n|\n|upkeep\n|turn|45\n|inactive|corvinus II has 90 seconds left.\n|\n|t:|1781384459\n|cant|p1a: Tauros|par\n|move|p2a: Chansey|Seismic Toss|p1a: Tauros\n|-damage|p1a: Tauros|13/100 par\n|\n|upkeep\n|turn|46\n|\n|t:|1781384466\n|move|p1a: Tauros|Hyper Beam|p2a: Chansey\n|-crit|p2a: Chansey\n|-damage|p2a: Chansey|0 fnt\n|faint|p2a: Chansey\n|\n|t:|1781384472\n|switch|p2a: Tauros|Tauros|41/100\n|turn|47\n|\n|t:|1781384482\n|move|p2a: Tauros|Body Slam|p1a: Tauros\n|-damage|p1a: Tauros|0 fnt\n|faint|p1a: Tauros\n|\n|t:|1781384484\n|switch|p1a: Rhydon|Rhydon|16/100\n|turn|48\n|\n|t:|1781384487\n|move|p2a: Tauros|Earthquake|p1a: Rhydon\n|-supereffective|p1a: Rhydon\n|-damage|p1a: Rhydon|0 fnt\n|faint|p1a: Rhydon\n|\n|win|corvinus II\n|c|☆Louna|ggs gl in rest\n|player|p1|\n|c|☆corvinus II|ggs\n","uploadtime":1781384487,"views":"79","formatid":"gen1ou","rating":null,"private":0,"password":null}