{"id":"smogtours-gen1ou-950688","format":"[Gen 1] OU","players":["TG2513","Soda Krys"],"log":"|inactive|Battle timer is ON: inactive players will automatically lose when time's up.\n|t:|1782580520\n|gametype|singles\n|player|p1|TG2513|brycenman|\n|player|p2|Soda Krys|gwynn|\n|gen|1\n|tier|[Gen 1] OU\n|rule|Desync Clause Mod: Desyncs changed to move failure.\n|rule|HP Percentage Mod: HP is shown in percentages\n|rule|Endless Battle Clause: Forcing endless battles is banned\n|rule|Sleep Clause Mod: Limit one foe put to sleep\n|rule|Freeze Clause Mod: Limit one foe frozen\n|rule|Species Clause: Limit one of each Pokémon\n|rule|OHKO Clause: OHKO moves are banned\n|rule|Evasion Moves Clause: Evasion moves are banned\n|\n|t:|1782580520\n|teamsize|p1|6\n|teamsize|p2|6\n|start\n|switch|p1a: Gengar|Gengar|100/100\n|switch|p2a: Illegal|Jolteon|100/100\n|turn|1\n|\n|t:|1782580527\n|switch|p1a: Chansey|Chansey|100/100\n|move|p2a: Illegal|Thunder Wave|p1a: Chansey\n|-status|p1a: Chansey|par\n|\n|upkeep\n|turn|2\n|\n|t:|1782580533\n|switch|p1a: Gengar|Gengar|100/100\n|move|p2a: Illegal|Double Kick|p1a: Gengar\n|-immune|p1a: Gengar\n|\n|upkeep\n|turn|3\n|\n|t:|1782580536\n|move|p2a: Illegal|Thunder Wave|p1a: Gengar\n|-status|p1a: Gengar|par\n|move|p1a: Gengar|Psychic|p2a: Illegal\n|-damage|p2a: Illegal|75/100\n|\n|upkeep\n|turn|4\n|\n|t:|1782580538\n|move|p2a: Illegal|Thunderbolt|p1a: Gengar\n|-damage|p1a: Gengar|71/100 par\n|move|p1a: Gengar|Hypnosis|p2a: Illegal|[miss]\n|-miss|p1a: Gengar\n|\n|upkeep\n|turn|5\n|\n|t:|1782580543\n|move|p2a: Illegal|Thunderbolt|p1a: Gengar\n|-damage|p1a: Gengar|40/100 par\n|move|p1a: Gengar|Explosion|p2a: Illegal\n|-damage|p2a: Illegal|0 fnt\n|faint|p2a: Illegal\n|faint|p1a: Gengar\n|\n|t:|1782580549\n|switch|p2a: Tonight|Snorlax|100/100\n|switch|p1a: Exeggutor|Exeggutor|100/100\n|turn|6\n|\n|t:|1782580551\n|move|p1a: Exeggutor|Sleep Powder|p2a: Tonight\n|-status|p2a: Tonight|slp|[from] move: Sleep Powder\n|-curestatus|p2a: Tonight|slp|[msg]\n|\n|upkeep\n|turn|7\n|\n|t:|1782580553\n|move|p1a: Exeggutor|Sleep Powder|p2a: Tonight\n|-status|p2a: Tonight|slp|[from] move: Sleep Powder\n|-curestatus|p2a: Tonight|slp|[msg]\n|\n|upkeep\n|turn|8\n|\n|t:|1782580555\n|move|p1a: Exeggutor|Sleep Powder|p2a: Tonight\n|-status|p2a: Tonight|slp|[from] move: Sleep Powder\n|cant|p2a: Tonight|slp\n|\n|upkeep\n|turn|9\n|\n|t:|1782580557\n|switch|p2a: Stateside|Exeggutor|100/100\n|move|p1a: Exeggutor|Double-Edge|p2a: Stateside\n|-damage|p2a: Stateside|79/100\n|-damage|p1a: Exeggutor|95/100|[from] Recoil|[of] p2a: Stateside\n|\n|upkeep\n|turn|10\n|\n|t:|1782580562\n|switch|p1a: Chansey|Chansey|100/100 par\n|move|p2a: Stateside|Psychic|p1a: Chansey\n|-damage|p1a: Chansey|83/100 par\n|-unboost|p1a: Chansey|spa|1\n|-unboost|p1a: Chansey|spd|1\n|\n|upkeep\n|turn|11\n|\n|t:|1782580565\n|move|p2a: Stateside|Psychic|p1a: Chansey\n|-damage|p1a: Chansey|59/100 par\n|cant|p1a: Chansey|par\n|\n|upkeep\n|turn|12\n|\n|t:|1782580567\n|switch|p2a: Stars|Tauros|100/100\n|move|p1a: Chansey|Soft-Boiled|p1a: Chansey\n|-heal|p1a: Chansey|100/100 par\n|\n|upkeep\n|turn|13\n|\n|t:|1782580570\n|switch|p2a: Stateside|Exeggutor|79/100\n|move|p1a: Chansey|Thunder Wave|p2a: Stateside\n|-status|p2a: Stateside|par\n|\n|upkeep\n|turn|14\n|\n|t:|1782580572\n|move|p2a: Stateside|Psychic|p1a: Chansey\n|-damage|p1a: Chansey|75/100 par\n|cant|p1a: Chansey|par\n|\n|upkeep\n|turn|15\n|\n|t:|1782580575\n|switch|p1a: Exeggutor|Exeggutor|95/100\n|move|p2a: Stateside|Psychic|p1a: Exeggutor\n|-resisted|p1a: Exeggutor\n|-damage|p1a: Exeggutor|83/100\n|-unboost|p1a: Exeggutor|spa|1\n|-unboost|p1a: Exeggutor|spd|1\n|\n|upkeep\n|turn|16\n|\n|t:|1782580577\n|switch|p1a: Chansey|Chansey|75/100 par\n|move|p2a: Stateside|Sleep Powder|p1a: Chansey\n|-fail|p1a: Chansey\n|\n|upkeep\n|turn|17\n|\n|t:|1782580580\n|move|p2a: Stateside|Psychic|p1a: Chansey\n|-damage|p1a: Chansey|58/100 par\n|cant|p1a: Chansey|par\n|\n|upkeep\n|turn|18\n|\n|t:|1782580582\n|move|p2a: Stateside|Psychic|p1a: Chansey\n|-damage|p1a: Chansey|41/100 par\n|move|p1a: Chansey|Soft-Boiled|p1a: Chansey\n|-heal|p1a: Chansey|91/100 par\n|\n|upkeep\n|turn|19\n|\n|t:|1782580584\n|cant|p2a: Stateside|par\n|move|p1a: Chansey|Ice Beam|p2a: Stateside\n|-supereffective|p2a: Stateside\n|-damage|p2a: Stateside|47/100 par\n|\n|upkeep\n|turn|20\n|\n|t:|1782580588\n|switch|p1a: Exeggutor|Exeggutor|83/100\n|cant|p2a: Stateside|par\n|\n|upkeep\n|turn|21\n|\n|t:|1782580592\n|move|p1a: Exeggutor|Double-Edge|p2a: Stateside\n|-damage|p2a: Stateside|25/100 par\n|-damage|p1a: Exeggutor|78/100|[from] Recoil|[of] p2a: Stateside\n|cant|p2a: Stateside|par\n|\n|upkeep\n|turn|22\n|\n|t:|1782580601\n|switch|p1a: Chansey|Chansey|91/100 par\n|cant|p2a: Stateside|par\n|\n|upkeep\n|turn|23\n|\n|t:|1782580603\n|move|p2a: Stateside|Rest|p2a: Stateside\n|-status|p2a: Stateside|slp|[from] move: Rest\n|-heal|p2a: Stateside|100/100 slp|[silent]\n|move|p1a: Chansey|Ice Beam|p2a: Stateside\n|-supereffective|p2a: Stateside\n|-damage|p2a: Stateside|65/100 slp\n|\n|upkeep\n|turn|24\n|\n|t:|1782580606\n|switch|p2a: Girl Like Me|Starmie|100/100\n|cant|p1a: Chansey|par\n|\n|upkeep\n|turn|25\n|\n|t:|1782580607\n|move|p2a: Girl Like Me|Psychic|p1a: Chansey\n|-damage|p1a: Chansey|76/100 par\n|cant|p1a: Chansey|par\n|\n|upkeep\n|turn|26\n|\n|t:|1782580609\n|move|p2a: Girl Like Me|Psychic|p1a: Chansey\n|-damage|p1a: Chansey|62/100 par\n|move|p1a: Chansey|Thunder Wave|p2a: Girl Like Me\n|-status|p2a: Girl Like Me|par\n|\n|upkeep\n|turn|27\n|\n|t:|1782580611\n|switch|p2a: Tonight|Snorlax|100/100 slp\n|move|p1a: Chansey|Soft-Boiled|p1a: Chansey\n|-heal|p1a: Chansey|100/100 par\n|\n|upkeep\n|turn|28\n|\n|t:|1782580615\n|switch|p1a: Snorlax|Snorlax|100/100\n|cant|p2a: Tonight|slp\n|\n|upkeep\n|turn|29\n|\n|t:|1782580617\n|move|p1a: Snorlax|Body Slam|p2a: Tonight\n|-damage|p2a: Tonight|75/100 slp\n|cant|p2a: Tonight|slp\n|\n|upkeep\n|turn|30\n|\n|t:|1782580619\n|cant|p2a: Tonight|slp\n|move|p1a: Snorlax|Body Slam|p2a: Tonight\n|-damage|p2a: Tonight|51/100 slp\n|\n|upkeep\n|turn|31\n|\n|t:|1782580620\n|move|p1a: Snorlax|Body Slam|p2a: Tonight\n|-damage|p2a: Tonight|24/100 slp\n|cant|p2a: Tonight|slp\n|\n|upkeep\n|turn|32\n|\n|t:|1782580622\n|move|p1a: Snorlax|Body Slam|p2a: Tonight\n|-damage|p2a: Tonight|0 fnt\n|faint|p2a: Tonight\n|\n|t:|1782580623\n|switch|p2a: Noises|Zapdos|100/100\n|turn|33\n|\n|t:|1782580627\n|move|p2a: Noises|Drill Peck|p1a: Snorlax\n|-crit|p1a: Snorlax\n|-damage|p1a: Snorlax|61/100\n|move|p1a: Snorlax|Body Slam|p2a: Noises\n|-damage|p2a: Noises|69/100\n|\n|upkeep\n|turn|34\n|\n|t:|1782580629\n|move|p2a: Noises|Thunder Wave|p1a: Snorlax\n|-status|p1a: Snorlax|par\n|move|p1a: Snorlax|Body Slam|p2a: Noises\n|-damage|p2a: Noises|37/100\n|\n|upkeep\n|turn|35\n|\n|t:|1782580631\n|move|p2a: Noises|Thunderbolt|p1a: Snorlax\n|-damage|p1a: Snorlax|27/100 par\n|move|p1a: Snorlax|Hyper Beam|p2a: Noises\n|-damage|p2a: Noises|0 fnt\n|faint|p2a: Noises\n|\n|t:|1782580633\n|switch|p2a: Stars|Tauros|100/100\n|turn|36\n|\n|t:|1782580642\n|move|p2a: Stars|Body Slam|p1a: Snorlax\n|-damage|p1a: Snorlax|2/100 par\n|move|p1a: Snorlax|Body Slam|p2a: Stars\n|-damage|p2a: Stars|69/100\n|\n|upkeep\n|turn|37\n|\n|t:|1782580646\n|move|p2a: Stars|Body Slam|p1a: Snorlax\n|-crit|p1a: Snorlax\n|-damage|p1a: Snorlax|0 fnt\n|faint|p1a: Snorlax\n|\n|t:|1782580667\n|switch|p1a: Tauros|Tauros|100/100\n|turn|38\n|\n|t:|1782580671\n|move|p1a: Tauros|Body Slam|p2a: Stars\n|-damage|p2a: Stars|39/100\n|move|p2a: Stars|Body Slam|p1a: Tauros\n|-damage|p1a: Tauros|70/100\n|\n|upkeep\n|turn|39\n|\n|t:|1782580679\n|move|p1a: Tauros|Hyper Beam|p2a: Stars\n|-crit|p2a: Stars\n|-damage|p2a: Stars|0 fnt\n|faint|p2a: Stars\n|\n|t:|1782580680\n|switch|p2a: Girl Like Me|Starmie|100/100 par\n|turn|40\n|\n|t:|1782580683\n|switch|p1a: Chansey|Chansey|100/100 par\n|move|p2a: Girl Like Me|Psychic|p1a: Chansey\n|-damage|p1a: Chansey|86/100 par\n|\n|upkeep\n|turn|41\n|\n|t:|1782580685\n|move|p2a: Girl Like Me|Psychic|p1a: Chansey\n|-damage|p1a: Chansey|70/100 par\n|move|p1a: Chansey|Thunderbolt|p2a: Girl Like Me\n|-supereffective|p2a: Girl Like Me\n|-damage|p2a: Girl Like Me|51/100 par\n|\n|upkeep\n|turn|42\n|\n|t:|1782580687\n|cant|p2a: Girl Like Me|par\n|move|p1a: Chansey|Ice Beam|p2a: Girl Like Me\n|-resisted|p2a: Girl Like Me\n|-damage|p2a: Girl Like Me|40/100 par\n|\n|upkeep\n|turn|43\n|\n|t:|1782580689\n|move|p2a: Girl Like Me|Recover|p2a: Girl Like Me\n|-heal|p2a: Girl Like Me|90/100 par\n|cant|p1a: Chansey|par\n|\n|upkeep\n|turn|44\n|\n|t:|1782580691\n|move|p2a: Girl Like Me|Psychic|p1a: Chansey\n|-damage|p1a: Chansey|55/100 par\n|-unboost|p1a: Chansey|spa|1\n|-unboost|p1a: Chansey|spd|1\n|move|p1a: Chansey|Thunderbolt|p2a: Girl Like Me\n|-supereffective|p2a: Girl Like Me\n|-damage|p2a: Girl Like Me|61/100 par\n|\n|upkeep\n|turn|45\n|\n|t:|1782580692\n|cant|p2a: Girl Like Me|par\n|cant|p1a: Chansey|par\n|\n|upkeep\n|turn|46\n|\n|t:|1782580694\n|move|p2a: Girl Like Me|Recover|p2a: Girl Like Me\n|-heal|p2a: Girl Like Me|100/100 par\n|move|p1a: Chansey|Soft-Boiled|p1a: Chansey\n|-heal|p1a: Chansey|100/100 par\n|\n|upkeep\n|turn|47\n|\n|t:|1782580696\n|switch|p1a: Exeggutor|Exeggutor|78/100\n|move|p2a: Girl Like Me|Blizzard|p1a: Exeggutor\n|-supereffective|p1a: Exeggutor\n|-damage|p1a: Exeggutor|34/100\n|\n|upkeep\n|turn|48\n|\n|t:|1782580701\n|switch|p1a: Chansey|Chansey|100/100 par\n|switch|p2a: Stateside|Exeggutor|65/100 slp\n|\n|upkeep\n|turn|49\n|\n|t:|1782580702\n|cant|p2a: Stateside|slp\n|cant|p1a: Chansey|par\n|\n|upkeep\n|turn|50\n|\n|t:|1782580704\n|switch|p2a: Girl Like Me|Starmie|100/100 par\n|cant|p1a: Chansey|par\n|\n|upkeep\n|turn|51\n|\n|t:|1782580706\n|cant|p2a: Girl Like Me|par\n|move|p1a: Chansey|Thunderbolt|p2a: Girl Like Me\n|-crit|p2a: Girl Like Me\n|-supereffective|p2a: Girl Like Me\n|-damage|p2a: Girl Like Me|7/100 par\n|\n|upkeep\n|turn|52\n|\n|t:|1782580709\n|cant|p2a: Girl Like Me|par\n|move|p1a: Chansey|Ice Beam|p2a: Girl Like Me\n|-resisted|p2a: Girl Like Me\n|-damage|p2a: Girl Like Me|0 fnt\n|faint|p2a: Girl Like Me\n|-message|Soda Krys forfeited.\n|\n|win|TG2513\n|c|☆Soda Krys|14-19\n","uploadtime":1782580714,"views":"68","formatid":"gen1ou","rating":null,"private":0,"password":null}