{"id":"smogtours-gen1ou-971934","format":"[Gen 1] OU","players":["LNumbers","wooooo rby"],"log":"|inactive|Battle timer is ON: inactive players will automatically lose when time's up.\n|t:|1789497393\n|gametype|singles\n|player|p1|LNumbers|#rbywc2026|\n|player|p2|wooooo rby|lucas|\n|gen|1\n|tier|[Gen 1] OU\n|rule|Desync Clause Mod: Desyncs resolve to link battle behavior from the acting player's perspective.\n|rule|HP Percentage Mod: HP is shown in percentages\n|rule|Endless Battle Clause: Forcing endless battles is banned\n|rule|Sleep Clause Mod: Limit one foe put to sleep\n|rule|Freeze Clause Mod: Limit one foe frozen\n|rule|Species Clause: Limit one of each Pokémon\n|rule|OHKO Clause: OHKO moves are banned\n|rule|Evasion Moves Clause: Evasion moves are banned\n|\n|t:|1789497393\n|teamsize|p1|6\n|teamsize|p2|6\n|start\n|switch|p1a: Starmie|Starmie|100/100\n|switch|p2a: Starmie|Starmie|100/100\n|turn|1\n|c|☆wooooo rby|hf\n|c|☆LNumbers|hf\n|\n|t:|1789497414\n|switch|p1a: Jynx|Jynx|100/100\n|move|p2a: Starmie|Blizzard|p1a: Jynx\n|-resisted|p1a: Jynx\n|-damage|p1a: Jynx|85/100\n|\n|upkeep\n|turn|2\n|\n|t:|1789497418\n|move|p2a: Starmie|Thunder Wave|p1a: Jynx\n|-status|p1a: Jynx|par\n|cant|p1a: Jynx|par\n|\n|upkeep\n|turn|3\n|\n|t:|1789497431\n|move|p2a: Starmie|Psychic|p1a: Jynx\n|-resisted|p1a: Jynx\n|-damage|p1a: Jynx|69/100 par\n|cant|p1a: Jynx|par\n|\n|upkeep\n|turn|4\n|\n|t:|1789497435\n|move|p2a: Starmie|Psychic|p1a: Jynx\n|-resisted|p1a: Jynx\n|-damage|p1a: Jynx|54/100 par\n|move|p1a: Jynx|Lovely Kiss|p2a: Starmie|[miss]\n|-miss|p1a: Jynx\n|\n|upkeep\n|turn|5\n|\n|t:|1789497439\n|move|p2a: Starmie|Psychic|p1a: Jynx\n|-resisted|p1a: Jynx\n|-damage|p1a: Jynx|37/100 par\n|move|p1a: Jynx|Lovely Kiss|p2a: Starmie\n|-status|p2a: Starmie|slp|[from] move: Lovely Kiss\n|\n|upkeep\n|turn|6\n|\n|t:|1789497455\n|switch|p1a: Zapdos|Zapdos|100/100\n|cant|p2a: Starmie|slp\n|\n|upkeep\n|turn|7\n|\n|t:|1789497467\n|switch|p2a: Rhydon|Rhydon|100/100\n|move|p1a: Zapdos|Thunder Wave|p2a: Rhydon\n|-immune|p2a: Rhydon\n|\n|upkeep\n|turn|8\n|\n|t:|1789497474\n|switch|p1a: Starmie|Starmie|100/100\n|move|p2a: Rhydon|Body Slam|p1a: Starmie\n|-damage|p1a: Starmie|71/100\n|-status|p1a: Starmie|par\n|\n|upkeep\n|turn|9\n|\n|t:|1789497486\n|switch|p2a: Starmie|Starmie|100/100 slp\n|move|p1a: Starmie|Thunder Wave|p2a: Starmie\n|-fail|p2a: Starmie\n|\n|upkeep\n|turn|10\n|\n|t:|1789497490\n|switch|p2a: Chansey|Chansey|100/100\n|switch|p1a: Tauros|Tauros|100/100\n|\n|upkeep\n|turn|11\n|\n|t:|1789497498\n|switch|p1a: Jynx|Jynx|37/100 par\n|move|p2a: Chansey|Seismic Toss|p1a: Jynx\n|-damage|p1a: Jynx|7/100 par\n|\n|upkeep\n|turn|12\n|\n|t:|1789497505\n|switch|p1a: Starmie|Starmie|71/100 par\n|move|p2a: Chansey|Seismic Toss|p1a: Starmie\n|-damage|p1a: Starmie|40/100 par\n|\n|upkeep\n|turn|13\n|\n|t:|1789497520\n|move|p2a: Chansey|Seismic Toss|p1a: Starmie\n|-damage|p1a: Starmie|9/100 par\n|move|p1a: Starmie|Recover|p1a: Starmie\n|-heal|p1a: Starmie|59/100 par\n|\n|upkeep\n|turn|14\n|\n|t:|1789497524\n|move|p2a: Chansey|Seismic Toss|p1a: Starmie\n|-damage|p1a: Starmie|28/100 par\n|move|p1a: Starmie|Thunder Wave|p2a: Chansey\n|-status|p2a: Chansey|par\n|\n|upkeep\n|turn|15\n|\n|t:|1789497528\n|move|p1a: Starmie|Recover|p1a: Starmie\n|-heal|p1a: Starmie|78/100 par\n|move|p2a: Chansey|Seismic Toss|p1a: Starmie\n|-damage|p1a: Starmie|47/100 par\n|\n|upkeep\n|turn|16\n|\n|t:|1789497531\n|move|p1a: Starmie|Recover|p1a: Starmie\n|-heal|p1a: Starmie|97/100 par\n|move|p2a: Chansey|Seismic Toss|p1a: Starmie\n|-damage|p1a: Starmie|66/100 par\n|\n|upkeep\n|turn|17\n|\n|t:|1789497535\n|move|p1a: Starmie|Recover|p1a: Starmie\n|-heal|p1a: Starmie|100/100 par\n|move|p2a: Chansey|Seismic Toss|p1a: Starmie\n|-damage|p1a: Starmie|70/100 par\n|\n|upkeep\n|turn|18\n|\n|t:|1789497538\n|cant|p1a: Starmie|par\n|move|p2a: Chansey|Seismic Toss|p1a: Starmie\n|-damage|p1a: Starmie|39/100 par\n|\n|upkeep\n|turn|19\n|\n|t:|1789497541\n|switch|p2a: Snorlax|Snorlax|100/100\n|move|p1a: Starmie|Recover|p1a: Starmie\n|-heal|p1a: Starmie|88/100 par\n|\n|upkeep\n|turn|20\n|\n|t:|1789497545\n|switch|p2a: Chansey|Chansey|100/100 par\n|switch|p1a: Snorlax|Snorlax|100/100\n|\n|upkeep\n|turn|21\n|\n|t:|1789497547\n|move|p1a: Snorlax|Body Slam|p2a: Chansey\n|-damage|p2a: Chansey|58/100 par\n|move|p2a: Chansey|Thunder Wave|p1a: Snorlax\n|-status|p1a: Snorlax|par\n|\n|upkeep\n|turn|22\n|\n|t:|1789497556\n|move|p2a: Chansey|Reflect|p2a: Chansey\n|-start|p2a: Chansey|Reflect\n|move|p1a: Snorlax|Body Slam|p2a: Chansey\n|-damage|p2a: Chansey|39/100 par\n|\n|upkeep\n|turn|23\n|\n|t:|1789497560\n|move|p2a: Chansey|Soft-Boiled|p2a: Chansey\n|-heal|p2a: Chansey|89/100 par\n|move|p1a: Snorlax|Body Slam|p2a: Chansey\n|-damage|p2a: Chansey|67/100 par\n|\n|upkeep\n|turn|24\n|\n|t:|1789497565\n|move|p2a: Chansey|Soft-Boiled|p2a: Chansey\n|-heal|p2a: Chansey|100/100 par\n|move|p1a: Snorlax|Body Slam|p2a: Chansey\n|-damage|p2a: Chansey|81/100 par\n|\n|upkeep\n|turn|25\n|\n|t:|1789497570\n|move|p2a: Chansey|Seismic Toss|p1a: Snorlax\n|-damage|p1a: Snorlax|81/100 par\n|move|p1a: Snorlax|Body Slam|p2a: Chansey\n|-damage|p2a: Chansey|59/100 par\n|\n|upkeep\n|turn|26\n|\n|t:|1789497579\n|move|p2a: Chansey|Soft-Boiled|p2a: Chansey\n|-heal|p2a: Chansey|100/100 par\n|move|p1a: Snorlax|Body Slam|p2a: Chansey\n|-damage|p2a: Chansey|81/100 par\n|\n|upkeep\n|turn|27\n|\n|t:|1789497584\n|move|p2a: Chansey|Seismic Toss|p1a: Snorlax\n|-damage|p1a: Snorlax|62/100 par\n|move|p1a: Snorlax|Reflect|p1a: Snorlax\n|-start|p1a: Snorlax|Reflect\n|\n|upkeep\n|turn|28\n|\n|t:|1789497589\n|move|p2a: Chansey|Seismic Toss|p1a: Snorlax\n|-damage|p1a: Snorlax|43/100 par\n|move|p1a: Snorlax|Body Slam|p2a: Chansey\n|-damage|p2a: Chansey|61/100 par\n|\n|upkeep\n|turn|29\n|\n|t:|1789497592\n|switch|p2a: Exeggutor|Exeggutor|100/100\n|move|p1a: Snorlax|Rest|p1a: Snorlax\n|-status|p1a: Snorlax|slp|[from] move: Rest\n|-heal|p1a: Snorlax|100/100 slp|[silent]\n|\n|upkeep\n|turn|30\n|\n|t:|1789497596\n|move|p2a: Exeggutor|Psychic|p1a: Snorlax\n|-damage|p1a: Snorlax|70/100 slp\n|cant|p1a: Snorlax|slp\n|\n|upkeep\n|turn|31\n|\n|t:|1789497604\n|switch|p1a: Starmie|Starmie|88/100 par\n|move|p2a: Exeggutor|Psychic|p1a: Starmie\n|-crit|p1a: Starmie\n|-resisted|p1a: Starmie\n|-damage|p1a: Starmie|50/100 par\n|\n|upkeep\n|turn|32\n|\n|t:|1789497620\n|switch|p2a: Chansey|Chansey|61/100 par\n|move|p1a: Starmie|Recover|p1a: Starmie\n|-heal|p1a: Starmie|99/100 par\n|\n|upkeep\n|turn|33\n|\n|t:|1789497632\n|switch|p1a: Snorlax|Snorlax|70/100 slp\n|move|p2a: Chansey|Seismic Toss|p1a: Snorlax\n|-damage|p1a: Snorlax|50/100 slp\n|\n|upkeep\n|turn|34\n|\n|t:|1789497641\n|switch|p2a: Rhydon|Rhydon|100/100\n|-curestatus|p1a: Snorlax|slp|[msg]\n|\n|upkeep\n|turn|35\n|inactive|LNumbers has 270 seconds left.\n|\n|t:|1789497675\n|switch|p1a: Jynx|Jynx|7/100 par\n|move|p2a: Rhydon|Substitute|p2a: Rhydon\n|-start|p2a: Rhydon|Substitute\n|-damage|p2a: Rhydon|76/100\n|\n|upkeep\n|turn|36\n|\n|t:|1789497681\n|move|p2a: Rhydon|Earthquake|p1a: Jynx\n|-damage|p1a: Jynx|0 fnt\n|faint|p1a: Jynx\n|\n|t:|1789497688\n|switch|p1a: Tauros|Tauros|100/100\n|turn|37\n|\n|t:|1789497691\n|move|p1a: Tauros|Earthquake|p2a: Rhydon\n|-supereffective|p2a: Rhydon\n|-end|p2a: Rhydon|Substitute\n|move|p2a: Rhydon|Earthquake|p1a: Tauros\n|-crit|p1a: Tauros\n|-damage|p1a: Tauros|14/100\n|\n|upkeep\n|turn|38\n|c|☆LNumbers|well\n|c|☆wooooo rby|well well well\n|c|☆LNumbers|wooooo rby\n|inactive|wooooo rby has 270 seconds left.\n|\n|t:|1789497721\n|switch|p2a: Starmie|Starmie|100/100 slp\n|move|p1a: Tauros|Blizzard|p2a: Starmie\n|-resisted|p2a: Starmie\n|-damage|p2a: Starmie|89/100 slp\n|\n|upkeep\n|turn|39\n|\n|t:|1789497725\n|cant|p2a: Starmie|slp\n|move|p1a: Tauros|Body Slam|p2a: Starmie\n|-damage|p2a: Starmie|53/100 slp\n|\n|upkeep\n|turn|40\n|\n|t:|1789497729\n|cant|p2a: Starmie|slp\n|move|p1a: Tauros|Hyper Beam|p2a: Starmie\n|-crit|p2a: Starmie\n|-damage|p2a: Starmie|0 fnt\n|faint|p2a: Starmie\n|\n|t:|1789497738\n|switch|p2a: Snorlax|Snorlax|100/100\n|turn|41\n|\n|t:|1789497762\n|switch|p1a: Zapdos|Zapdos|100/100\n|move|p2a: Snorlax|Body Slam|p1a: Zapdos\n|-damage|p1a: Zapdos|69/100\n|\n|upkeep\n|turn|42\n|inactive|LNumbers has 270 seconds left.\n|inactive|LNumbers has 240 seconds left.\n|inactive|LNumbers has 210 seconds left.\n|\n|t:|1789497867\n|switch|p2a: Rhydon|Rhydon|76/100\n|move|p1a: Zapdos|Thunderbolt|p2a: Rhydon\n|-immune|p2a: Rhydon\n|\n|upkeep\n|turn|43\n|\n|t:|1789497884\n|switch|p1a: Starmie|Starmie|99/100 par\n|move|p2a: Rhydon|Earthquake|p1a: Starmie\n|-damage|p1a: Starmie|51/100 par\n|\n|upkeep\n|turn|44\n|\n|t:|1789497896\n|switch|p2a: Snorlax|Snorlax|100/100\n|move|p1a: Starmie|Blizzard|p2a: Snorlax\n|-damage|p2a: Snorlax|79/100\n|\n|upkeep\n|turn|45\n|inactive|wooooo rby has 270 seconds left.\n|\n|t:|1789497924\n|switch|p1a: Zapdos|Zapdos|69/100\n|move|p2a: Snorlax|Hyper Beam|p1a: Zapdos\n|-damage|p1a: Zapdos|15/100\n|-mustrecharge|p2a: Snorlax\n|\n|upkeep\n|turn|46\n|inactive|LNumbers has 180 seconds left.\n|\n|t:|1789497972\n|move|p1a: Zapdos|Thunderbolt|p2a: Snorlax\n|-damage|p2a: Snorlax|44/100\n|cant|p2a: Snorlax|recharge\n|\n|upkeep\n|turn|47\n|inactive|LNumbers has 150 seconds left.\n|inactive|wooooo rby has 270 seconds left.\n|\n|t:|1789497999\n|move|p1a: Zapdos|Thunderbolt|p2a: Snorlax\n|-damage|p2a: Snorlax|13/100\n|move|p2a: Snorlax|Body Slam|p1a: Zapdos\n|-damage|p1a: Zapdos|0 fnt\n|faint|p1a: Zapdos\n|\n|t:|1789498005\n|switch|p1a: Tauros|Tauros|14/100\n|turn|48\n|\n|t:|1789498010\n|move|p1a: Tauros|Body Slam|p2a: Snorlax\n|-crit|p2a: Snorlax\n|-damage|p2a: Snorlax|0 fnt\n|faint|p2a: Snorlax\n|\n|t:|1789498012\n|switch|p2a: Tauros|Tauros|100/100\n|turn|49\n|inactive|LNumbers has 150 seconds left.\n|inactive|LNumbers has 120 seconds left.\n|inactive|LNumbers has 90 seconds left.\n|inactive|LNumbers has 60 seconds left.\n|inactive|LNumbers has 30 seconds left.\n|\n|t:|1789498161\n|move|p1a: Tauros|Hyper Beam|p2a: Tauros\n|-damage|p2a: Tauros|53/100\n|-mustrecharge|p1a: Tauros\n|move|p2a: Tauros|Body Slam|p1a: Tauros\n|-damage|p1a: Tauros|0 fnt\n|faint|p1a: Tauros\n|inactive|LNumbers has 30 seconds left this turn.\n|\n|t:|1789498164\n|switch|p1a: Alakazam|Alakazam|100/100\n|turn|50\n|\n|t:|1789498174\n|switch|p2a: Exeggutor|Exeggutor|100/100\n|move|p1a: Alakazam|Psychic|p2a: Exeggutor\n|-resisted|p2a: Exeggutor\n|-damage|p2a: Exeggutor|86/100\n|-unboost|p2a: Exeggutor|spa|1\n|-unboost|p2a: Exeggutor|spd|1\n|\n|upkeep\n|turn|51\n|\n|t:|1789498184\n|switch|p2a: Rhydon|Rhydon|76/100\n|move|p1a: Alakazam|Thunder Wave|p2a: Rhydon\n|-immune|p2a: Rhydon\n|\n|upkeep\n|turn|52\n|\n|t:|1789498187\n|switch|p2a: Exeggutor|Exeggutor|86/100\n|move|p1a: Alakazam|Psychic|p2a: Exeggutor\n|-resisted|p2a: Exeggutor\n|-damage|p2a: Exeggutor|72/100\n|-unboost|p2a: Exeggutor|spa|1\n|-unboost|p2a: Exeggutor|spd|1\n|\n|upkeep\n|turn|53\n|\n|t:|1789498201\n|switch|p1a: Starmie|Starmie|51/100 par\n|move|p2a: Exeggutor|Sleep Powder|p1a: Starmie\n|-fail|p1a: Starmie\n|\n|upkeep\n|turn|54\n|\n|t:|1789498218\n|switch|p2a: Chansey|Chansey|61/100 par\n|move|p1a: Starmie|Blizzard|p2a: Chansey\n|-damage|p2a: Chansey|48/100 par\n|\n|upkeep\n|turn|55\n|\n|t:|1789498222\n|move|p1a: Starmie|Recover|p1a: Starmie\n|-heal|p1a: Starmie|100/100 par\n|move|p2a: Chansey|Soft-Boiled|p2a: Chansey\n|-heal|p2a: Chansey|98/100 par\n|\n|upkeep\n|turn|56\n|\n|t:|1789498226\n|cant|p1a: Starmie|par\n|move|p2a: Chansey|Reflect|p2a: Chansey\n|-start|p2a: Chansey|Reflect\n|\n|upkeep\n|turn|57\n|\n|t:|1789498230\n|move|p1a: Starmie|Psychic|p2a: Chansey\n|-damage|p2a: Chansey|83/100 par\n|move|p2a: Chansey|Reflect|p2a: Chansey\n|-fail|p2a: Chansey\n|\n|upkeep\n|turn|58\n|\n|t:|1789498235\n|move|p1a: Starmie|Psychic|p2a: Chansey\n|-damage|p2a: Chansey|69/100 par\n|move|p2a: Chansey|Reflect|p2a: Chansey\n|-fail|p2a: Chansey\n|\n|upkeep\n|turn|59\n|\n|t:|1789498246\n|move|p1a: Starmie|Psychic|p2a: Chansey\n|-damage|p2a: Chansey|55/100 par\n|-unboost|p2a: Chansey|spa|1\n|-unboost|p2a: Chansey|spd|1\n|cant|p2a: Chansey|par\n|\n|upkeep\n|turn|60\n|\n|t:|1789498251\n|switch|p1a: Snorlax|Snorlax|50/100\n|move|p2a: Chansey|Soft-Boiled|p2a: Chansey\n|-heal|p2a: Chansey|100/100 par\n|\n|upkeep\n|turn|61\n|inactive|LNumbers has 90 seconds left.\n|inactive|LNumbers has 60 seconds left.\n|\n|t:|1789498317\n|switch|p2a: Rhydon|Rhydon|76/100\n|move|p1a: Snorlax|Rest|p1a: Snorlax\n|-status|p1a: Snorlax|slp|[from] move: Rest\n|-heal|p1a: Snorlax|100/100 slp|[silent]\n|\n|upkeep\n|turn|62\n|\n|t:|1789498323\n|move|p2a: Rhydon|Earthquake|p1a: Snorlax\n|-damage|p1a: Snorlax|68/100 slp\n|cant|p1a: Snorlax|slp\n|\n|upkeep\n|turn|63\n|inactive|LNumbers has 30 seconds left.\n|inactive|LNumbers has 20 seconds left.\n|inactive|LNumbers has 15 seconds left.\n|inactive|LNumbers has 10 seconds left.\n|\n|t:|1789498369\n|move|p2a: Rhydon|Earthquake|p1a: Snorlax\n|-damage|p1a: Snorlax|33/100 slp\n|-curestatus|p1a: Snorlax|slp|[msg]\n|\n|upkeep\n|turn|64\n|inactive|LNumbers has 20 seconds left this turn.\n|\n|t:|1789498375\n|move|p2a: Rhydon|Earthquake|p1a: Snorlax\n|-damage|p1a: Snorlax|0 fnt\n|faint|p1a: Snorlax\n|inactive|LNumbers has 25 seconds left this turn.\n|\n|t:|1789498378\n|switch|p1a: Alakazam|Alakazam|100/100\n|turn|65\n|\n|t:|1789498382\n|switch|p2a: Exeggutor|Exeggutor|72/100\n|move|p1a: Alakazam|Psychic|p2a: Exeggutor\n|-resisted|p2a: Exeggutor\n|-damage|p2a: Exeggutor|57/100\n|\n|upkeep\n|turn|66\n|inactive|LNumbers has 30 seconds left.\n|\n|t:|1789498399\n|switch|p1a: Starmie|Starmie|100/100 par\n|move|p2a: Exeggutor|Sleep Powder|p1a: Starmie\n|-fail|p1a: Starmie\n|\n|upkeep\n|turn|67\n|inactive|LNumbers has 30 seconds left.\n|inactive|LNumbers has 20 seconds left.\n|inactive|LNumbers has 15 seconds left.\n|\n|t:|1789498424\n|switch|p2a: Chansey|Chansey|100/100 par\n|cant|p1a: Starmie|par\n|\n|upkeep\n|turn|68\n|inactive|LNumbers has 25 seconds left this turn.\n|\n|t:|1789498434\n|move|p1a: Starmie|Psychic|p2a: Chansey\n|-damage|p2a: Chansey|87/100 par\n|move|p2a: Chansey|Reflect|p2a: Chansey\n|-start|p2a: Chansey|Reflect\n|\n|upkeep\n|turn|69\n|\n|t:|1789498438\n|move|p1a: Starmie|Psychic|p2a: Chansey\n|-damage|p2a: Chansey|71/100 par\n|cant|p2a: Chansey|par\n|\n|upkeep\n|turn|70\n|\n|t:|1789498447\n|move|p1a: Starmie|Psychic|p2a: Chansey\n|-damage|p2a: Chansey|57/100 par\n|move|p2a: Chansey|Thunder Wave|p1a: Starmie\n|-fail|p1a: Starmie|par\n|\n|upkeep\n|turn|71\n|\n|t:|1789498451\n|move|p1a: Starmie|Psychic|p2a: Chansey\n|-damage|p2a: Chansey|42/100 par\n|move|p2a: Chansey|Soft-Boiled|p2a: Chansey\n|-heal|p2a: Chansey|92/100 par\n|\n|upkeep\n|turn|72\n|\n|t:|1789498455\n|cant|p1a: Starmie|par\n|cant|p2a: Chansey|par\n|\n|upkeep\n|turn|73\n|\n|t:|1789498458\n|cant|p1a: Starmie|par\n|move|p2a: Chansey|Reflect|p2a: Chansey\n|-fail|p2a: Chansey\n|\n|upkeep\n|turn|74\n|\n|t:|1789498462\n|move|p1a: Starmie|Thunder Wave|p2a: Chansey\n|-fail|p2a: Chansey|par\n|move|p2a: Chansey|Reflect|p2a: Chansey\n|-fail|p2a: Chansey\n|\n|upkeep\n|turn|75\n|\n|t:|1789498465\n|cant|p1a: Starmie|par\n|move|p2a: Chansey|Reflect|p2a: Chansey\n|-fail|p2a: Chansey\n|\n|upkeep\n|turn|76\n|\n|t:|1789498469\n|cant|p1a: Starmie|par\n|move|p2a: Chansey|Reflect|p2a: Chansey\n|-fail|p2a: Chansey\n|\n|upkeep\n|turn|77\n|inactive|LNumbers has 90 seconds left.\n|\n|t:|1789498503\n|move|p1a: Starmie|Psychic|p2a: Chansey\n|-damage|p2a: Chansey|78/100 par\n|move|p2a: Chansey|Reflect|p2a: Chansey\n|-fail|p2a: Chansey\n|\n|upkeep\n|turn|78\n|\n|t:|1789498508\n|cant|p1a: Starmie|par\n|cant|p2a: Chansey|par\n|\n|upkeep\n|turn|79\n|\n|t:|1789498510\n|move|p1a: Starmie|Psychic|p2a: Chansey\n|-damage|p2a: Chansey|62/100 par\n|-unboost|p2a: Chansey|spa|1\n|-unboost|p2a: Chansey|spd|1\n|cant|p2a: Chansey|par\n|\n|upkeep\n|turn|80\n|\n|t:|1789498514\n|move|p1a: Starmie|Psychic|p2a: Chansey\n|-crit|p2a: Chansey\n|-damage|p2a: Chansey|33/100 par\n|move|p2a: Chansey|Soft-Boiled|p2a: Chansey\n|-heal|p2a: Chansey|83/100 par\n|\n|upkeep\n|turn|81\n|inactive|LNumbers has 120 seconds left.\n|\n|t:|1789498521\n|cant|p1a: Starmie|par\n|move|p2a: Chansey|Seismic Toss|p1a: Starmie\n|-damage|p1a: Starmie|70/100 par\n|\n|upkeep\n|turn|82\n|\n|t:|1789498532\n|cant|p1a: Starmie|par\n|move|p2a: Chansey|Thunder Wave|p1a: Starmie\n|-fail|p1a: Starmie|par\n|\n|upkeep\n|turn|83\n|\n|t:|1789498540\n|move|p1a: Starmie|Recover|p1a: Starmie\n|-heal|p1a: Starmie|100/100 par\n|cant|p2a: Chansey|par\n|\n|upkeep\n|turn|84\n|\n|t:|1789498545\n|move|p1a: Starmie|Psychic|p2a: Chansey\n|-damage|p2a: Chansey|62/100 par\n|move|p2a: Chansey|Reflect|p2a: Chansey\n|-fail|p2a: Chansey\n|\n|upkeep\n|turn|85\n|inactive|LNumbers has 150 seconds left.\n|\n|t:|1789498551\n|move|p1a: Starmie|Psychic|p2a: Chansey\n|-damage|p2a: Chansey|39/100 par\n|-unboost|p2a: Chansey|spa|1\n|-unboost|p2a: Chansey|spd|1\n|cant|p2a: Chansey|par\n|\n|upkeep\n|turn|86\n|inactive|LNumbers has 150 seconds left.\n|\n|t:|1789498572\n|move|p1a: Starmie|Blizzard|p2a: Chansey\n|-damage|p2a: Chansey|12/100 par\n|move|p2a: Chansey|Soft-Boiled|p2a: Chansey\n|-heal|p2a: Chansey|62/100 par\n|\n|upkeep\n|turn|87\n|\n|t:|1789498578\n|move|p1a: Starmie|Psychic|p2a: Chansey\n|-damage|p2a: Chansey|31/100 par\n|-unboost|p2a: Chansey|spa|1\n|-unboost|p2a: Chansey|spd|1\n|move|p2a: Chansey|Soft-Boiled|p2a: Chansey\n|-heal|p2a: Chansey|81/100 par\n|\n|upkeep\n|turn|88\n|\n|t:|1789498585\n|cant|p1a: Starmie|par\n|move|p2a: Chansey|Seismic Toss|p1a: Starmie\n|-damage|p1a: Starmie|70/100 par\n|\n|upkeep\n|turn|89\n|\n|t:|1789498588\n|move|p1a: Starmie|Blizzard|p2a: Chansey\n|-damage|p2a: Chansey|50/100 par\n|cant|p2a: Chansey|par\n|\n|upkeep\n|turn|90\n|\n|t:|1789498593\n|cant|p1a: Starmie|par\n|move|p2a: Chansey|Soft-Boiled|p2a: Chansey\n|-heal|p2a: Chansey|99/100 par\n|\n|upkeep\n|turn|91\n|\n|t:|1789498597\n|move|p1a: Starmie|Recover|p1a: Starmie\n|-heal|p1a: Starmie|100/100 par\n|move|p2a: Chansey|Seismic Toss|p1a: Starmie\n|-damage|p1a: Starmie|70/100 par\n|\n|upkeep\n|turn|92\n|\n|t:|1789498601\n|move|p1a: Starmie|Psychic|p2a: Chansey\n|-crit|p2a: Chansey\n|-damage|p2a: Chansey|73/100 par\n|move|p2a: Chansey|Seismic Toss|p1a: Starmie\n|-damage|p1a: Starmie|39/100 par\n|\n|upkeep\n|turn|93\n|\n|t:|1789498606\n|switch|p2a: Tauros|Tauros|53/100\n|move|p1a: Starmie|Recover|p1a: Starmie\n|-heal|p1a: Starmie|88/100 par\n|\n|upkeep\n|turn|94\n|\n|t:|1789498610\n|switch|p2a: Chansey|Chansey|73/100 par\n|move|p1a: Starmie|Psychic|p2a: Chansey\n|-damage|p2a: Chansey|57/100 par\n|\n|upkeep\n|turn|95\n|inactive|LNumbers has 210 seconds left.\n|\n|t:|1789498645\n|cant|p1a: Starmie|par\n|cant|p2a: Chansey|par\n|\n|upkeep\n|turn|96\n|\n|t:|1789498655\n|cant|p1a: Starmie|par\n|move|p2a: Chansey|Soft-Boiled|p2a: Chansey\n|-heal|p2a: Chansey|100/100 par\n|\n|upkeep\n|turn|97\n|\n|t:|1789498658\n|move|p1a: Starmie|Thunder Wave|p2a: Chansey\n|-fail|p2a: Chansey|par\n|move|p2a: Chansey|Reflect|p2a: Chansey\n|-start|p2a: Chansey|Reflect\n|\n|upkeep\n|turn|98\n|\n|t:|1789498662\n|move|p1a: Starmie|Thunder Wave|p2a: Chansey\n|-fail|p2a: Chansey|par\n|move|p2a: Chansey|Reflect|p2a: Chansey\n|-fail|p2a: Chansey\n|\n|upkeep\n|turn|99\n|\n|t:|1789498681\n|move|p1a: Starmie|Thunder Wave|p2a: Chansey\n|-fail|p2a: Chansey|par\n|move|p2a: Chansey|Reflect|p2a: Chansey\n|-fail|p2a: Chansey\n|\n|upkeep\n|turn|100\n|\n|t:|1789498684\n|move|p1a: Starmie|Thunder Wave|p2a: Chansey\n|-fail|p2a: Chansey|par\n|move|p2a: Chansey|Thunder Wave|p1a: Starmie\n|-fail|p1a: Starmie|par\n|\n|upkeep\n|turn|101\n|\n|t:|1789498686\n|move|p1a: Starmie|Thunder Wave|p2a: Chansey\n|-fail|p2a: Chansey|par\n|move|p2a: Chansey|Reflect|p2a: Chansey\n|-fail|p2a: Chansey\n|\n|upkeep\n|turn|102\n|\n|t:|1789498703\n|move|p1a: Starmie|Thunder Wave|p2a: Chansey\n|-fail|p2a: Chansey|par\n|cant|p2a: Chansey|par\n|\n|upkeep\n|turn|103\n|\n|t:|1789498713\n|move|p1a: Starmie|Thunder Wave|p2a: Chansey\n|-fail|p2a: Chansey|par\n|move|p2a: Chansey|Reflect|p2a: Chansey\n|-fail|p2a: Chansey\n|\n|upkeep\n|turn|104\n|\n|t:|1789498716\n|move|p1a: Starmie|Thunder Wave|p2a: Chansey\n|-fail|p2a: Chansey|par\n|move|p2a: Chansey|Reflect|p2a: Chansey\n|-fail|p2a: Chansey\n|\n|upkeep\n|turn|105\n|\n|t:|1789498720\n|move|p1a: Starmie|Thunder Wave|p2a: Chansey\n|-fail|p2a: Chansey|par\n|move|p2a: Chansey|Reflect|p2a: Chansey\n|-fail|p2a: Chansey\n|\n|upkeep\n|turn|106\n|\n|t:|1789498723\n|move|p1a: Starmie|Thunder Wave|p2a: Chansey\n|-fail|p2a: Chansey|par\n|move|p2a: Chansey|Reflect|p2a: Chansey\n|-fail|p2a: Chansey\n|\n|upkeep\n|turn|107\n|\n|t:|1789498725\n|cant|p1a: Starmie|par\n|move|p2a: Chansey|Reflect|p2a: Chansey\n|-fail|p2a: Chansey\n|\n|upkeep\n|turn|108\n|\n|t:|1789498727\n|cant|p1a: Starmie|par\n|move|p2a: Chansey|Reflect|p2a: Chansey\n|-fail|p2a: Chansey\n|\n|upkeep\n|turn|109\n|\n|t:|1789498729\n|switch|p1a: Alakazam|Alakazam|100/100\n|move|p2a: Chansey|Reflect|p2a: Chansey\n|-fail|p2a: Chansey\n|\n|upkeep\n|turn|110\n|\n|t:|1789498733\n|switch|p1a: Starmie|Starmie|88/100 par\n|switch|p2a: Exeggutor|Exeggutor|57/100\n|\n|upkeep\n|turn|111\n|\n|t:|1789498745\n|switch|p2a: Chansey|Chansey|100/100 par\n|move|p1a: Starmie|Blizzard|p2a: Chansey\n|-damage|p2a: Chansey|87/100 par\n|\n|upkeep\n|turn|112\n|\n|t:|1789498752\n|cant|p1a: Starmie|par\n|move|p2a: Chansey|Reflect|p2a: Chansey\n|-start|p2a: Chansey|Reflect\n|\n|upkeep\n|turn|113\n|\n|t:|1789498754\n|move|p1a: Starmie|Thunder Wave|p2a: Chansey\n|-fail|p2a: Chansey|par\n|cant|p2a: Chansey|par\n|\n|upkeep\n|turn|114\n|\n|t:|1789498763\n|move|p1a: Starmie|Thunder Wave|p2a: Chansey\n|-fail|p2a: Chansey|par\n|move|p2a: Chansey|Reflect|p2a: Chansey\n|-fail|p2a: Chansey\n|\n|upkeep\n|turn|115\n|\n|t:|1789498771\n|move|p1a: Starmie|Thunder Wave|p2a: Chansey\n|-fail|p2a: Chansey|par\n|move|p2a: Chansey|Reflect|p2a: Chansey\n|-fail|p2a: Chansey\n|\n|upkeep\n|turn|116\n|\n|t:|1789498786\n|move|p1a: Starmie|Recover|p1a: Starmie\n|-heal|p1a: Starmie|100/100 par\n|cant|p2a: Chansey|par\n|\n|upkeep\n|turn|117\n|\n|t:|1789498791\n|cant|p1a: Starmie|par\n|move|p2a: Chansey|Reflect|p2a: Chansey\n|-fail|p2a: Chansey\n|\n|upkeep\n|turn|118\n|\n|t:|1789498794\n|move|p1a: Starmie|Thunder Wave|p2a: Chansey\n|-fail|p2a: Chansey|par\n|cant|p2a: Chansey|par\n|\n|upkeep\n|turn|119\n|\n|t:|1789498798\n|cant|p1a: Starmie|par\n|cant|p2a: Chansey|par\n|\n|upkeep\n|turn|120\n|\n|t:|1789498802\n|cant|p1a: Starmie|par\n|move|p2a: Chansey|Reflect|p2a: Chansey\n|-fail|p2a: Chansey\n|\n|upkeep\n|turn|121\n|\n|t:|1789498807\n|move|p1a: Starmie|Thunder Wave|p2a: Chansey\n|-fail|p2a: Chansey|par\n|move|p2a: Chansey|Reflect|p2a: Chansey\n|-fail|p2a: Chansey\n|\n|upkeep\n|turn|122\n|inactive|wooooo rby has 270 seconds left.\n|\n|t:|1789498839\n|move|p1a: Starmie|Thunder Wave|p2a: Chansey\n|-fail|p2a: Chansey|par\n|move|p2a: Chansey|Reflect|p2a: Chansey\n|-fail|p2a: Chansey\n|\n|upkeep\n|turn|123\n|\n|t:|1789498845\n|move|p1a: Starmie|Thunder Wave|p2a: Chansey\n|-fail|p2a: Chansey|par\n|cant|p2a: Chansey|par\n|\n|upkeep\n|turn|124\n|\n|t:|1789498849\n|move|p1a: Starmie|Thunder Wave|p2a: Chansey\n|-fail|p2a: Chansey|par\n|move|p2a: Chansey|Thunder Wave|p1a: Starmie\n|-fail|p1a: Starmie|par\n|\n|upkeep\n|turn|125\n|\n|t:|1789498854\n|move|p1a: Starmie|Thunder Wave|p2a: Chansey\n|-fail|p2a: Chansey|par\n|cant|p2a: Chansey|par\n|\n|upkeep\n|turn|126\n|\n|t:|1789498862\n|move|p1a: Starmie|Recover|p1a: Starmie\n|-fail|p1a: Starmie\n|cant|p2a: Chansey|par\n|\n|upkeep\n|turn|127\n|\n|t:|1789498881\n|cant|p1a: Starmie|par\n|move|p2a: Chansey|Reflect|p2a: Chansey\n|-fail|p2a: Chansey\n|\n|upkeep\n|turn|128\n|\n|t:|1789498890\n|move|p1a: Starmie|Thunder Wave|p2a: Chansey\n|-fail|p2a: Chansey|par\n|move|p2a: Chansey|Reflect|p2a: Chansey\n|-fail|p2a: Chansey\n|\n|upkeep\n|turn|129\n|\n|t:|1789498896\n|cant|p1a: Starmie|par\n|move|p2a: Chansey|Reflect|p2a: Chansey\n|-fail|p2a: Chansey\n|\n|upkeep\n|turn|130\n|\n|t:|1789498905\n|move|p1a: Starmie|Thunder Wave|p2a: Chansey\n|-fail|p2a: Chansey|par\n|cant|p2a: Chansey|par\n|\n|upkeep\n|turn|131\n|\n|t:|1789498914\n|move|p1a: Starmie|Thunder Wave|p2a: Chansey\n|-fail|p2a: Chansey|par\n|move|p2a: Chansey|Thunder Wave|p1a: Starmie\n|-fail|p1a: Starmie|par\n|\n|upkeep\n|turn|132\n|\n|t:|1789498925\n|move|p1a: Starmie|Thunder Wave|p2a: Chansey\n|-fail|p2a: Chansey|par\n|move|p2a: Chansey|Thunder Wave|p1a: Starmie\n|-fail|p1a: Starmie|par\n|\n|upkeep\n|turn|133\n|\n|t:|1789498934\n|cant|p1a: Starmie|par\n|move|p2a: Chansey|Thunder Wave|p1a: Starmie\n|-fail|p1a: Starmie|par\n|\n|upkeep\n|turn|134\n|\n|t:|1789498941\n|move|p1a: Starmie|Thunder Wave|p2a: Chansey\n|-fail|p2a: Chansey|par\n|move|p2a: Chansey|Thunder Wave|p1a: Starmie\n|-fail|p1a: Starmie|par\n|\n|upkeep\n|turn|135\n|\n|t:|1789498946\n|move|p1a: Starmie|Recover|p1a: Starmie\n|-fail|p1a: Starmie\n|move|p2a: Chansey|Thunder Wave|p1a: Starmie\n|-fail|p1a: Starmie|par\n|\n|upkeep\n|turn|136\n|\n|t:|1789498954\n|move|p1a: Starmie|Thunder Wave|p2a: Chansey\n|-fail|p2a: Chansey|par\n|cant|p2a: Chansey|par\n|\n|upkeep\n|turn|137\n|\n|t:|1789498956\n|move|p1a: Starmie|Recover|p1a: Starmie\n|-fail|p1a: Starmie\n|cant|p2a: Chansey|par\n|\n|upkeep\n|turn|138\n|\n|t:|1789498976\n|cant|p1a: Starmie|par\n|cant|p2a: Chansey|par\n|\n|upkeep\n|turn|139\n|\n|t:|1789498980\n|move|p1a: Starmie|Thunder Wave|p2a: Chansey\n|-fail|p2a: Chansey|par\n|move|p2a: Chansey|Thunder Wave|p1a: Starmie\n|-fail|p1a: Starmie|par\n|\n|upkeep\n|turn|140\n|\n|t:|1789498991\n|move|p1a: Starmie|Thunder Wave|p2a: Chansey\n|-fail|p2a: Chansey|par\n|move|p2a: Chansey|Thunder Wave|p1a: Starmie\n|-fail|p1a: Starmie|par\n|\n|upkeep\n|turn|141\n|\n|t:|1789499018\n|move|p1a: Starmie|Recover|p1a: Starmie\n|-fail|p1a: Starmie\n|move|p2a: Chansey|Thunder Wave|p1a: Starmie\n|-fail|p1a: Starmie|par\n|\n|upkeep\n|turn|142\n|\n|t:|1789499029\n|cant|p1a: Starmie|par\n|move|p2a: Chansey|Thunder Wave|p1a: Starmie\n|-fail|p1a: Starmie|par\n|\n|upkeep\n|turn|143\n|\n|t:|1789499040\n|move|p1a: Starmie|Recover|p1a: Starmie\n|-fail|p1a: Starmie\n|move|p2a: Chansey|Thunder Wave|p1a: Starmie\n|-fail|p1a: Starmie|par\n|\n|upkeep\n|turn|144\n|\n|t:|1789499048\n|move|p1a: Starmie|Recover|p1a: Starmie\n|-fail|p1a: Starmie\n|move|p2a: Chansey|Thunder Wave|p1a: Starmie\n|-fail|p1a: Starmie|par\n|\n|upkeep\n|turn|145\n|\n|t:|1789499055\n|move|p1a: Starmie|Recover|p1a: Starmie\n|-fail|p1a: Starmie\n|move|p2a: Chansey|Thunder Wave|p1a: Starmie\n|-fail|p1a: Starmie|par\n|\n|upkeep\n|turn|146\n|\n|t:|1789499062\n|move|p1a: Starmie|Recover|p1a: Starmie\n|-fail|p1a: Starmie\n|move|p2a: Chansey|Thunder Wave|p1a: Starmie\n|-fail|p1a: Starmie|par\n|\n|upkeep\n|turn|147\n|\n|t:|1789499069\n|move|p1a: Starmie|Recover|p1a: Starmie\n|-fail|p1a: Starmie\n|move|p2a: Chansey|Thunder Wave|p1a: Starmie\n|-fail|p1a: Starmie|par\n|\n|upkeep\n|turn|148\n|\n|t:|1789499074\n|move|p1a: Starmie|Recover|p1a: Starmie\n|-fail|p1a: Starmie\n|move|p2a: Chansey|Thunder Wave|p1a: Starmie\n|-fail|p1a: Starmie|par\n|\n|upkeep\n|turn|149\n|\n|t:|1789499077\n|move|p1a: Starmie|Recover|p1a: Starmie\n|-fail|p1a: Starmie\n|cant|p2a: Chansey|par\n|\n|upkeep\n|turn|150\n|\n|t:|1789499081\n|move|p1a: Starmie|Recover|p1a: Starmie\n|-fail|p1a: Starmie\n|cant|p2a: Chansey|par\n|\n|upkeep\n|turn|151\n|\n|t:|1789499086\n|move|p1a: Starmie|Recover|p1a: Starmie\n|-fail|p1a: Starmie\n|cant|p2a: Chansey|par\n|\n|upkeep\n|turn|152\n|\n|t:|1789499101\n|move|p1a: Starmie|Recover|p1a: Starmie\n|-fail|p1a: Starmie\n|move|p2a: Chansey|Thunder Wave|p1a: Starmie\n|-fail|p1a: Starmie|par\n|\n|upkeep\n|turn|153\n|\n|t:|1789499113\n|move|p1a: Starmie|Recover|p1a: Starmie\n|-fail|p1a: Starmie\n|move|p2a: Chansey|Thunder Wave|p1a: Starmie\n|-fail|p1a: Starmie|par\n|\n|upkeep\n|turn|154\n|\n|t:|1789499129\n|move|p1a: Starmie|Recover|p1a: Starmie\n|-fail|p1a: Starmie\n|cant|p2a: Chansey|par\n|\n|upkeep\n|turn|155\n|\n|t:|1789499156\n|move|p1a: Starmie|Thunder Wave|p2a: Chansey\n|-fail|p2a: Chansey|par\n|move|p2a: Chansey|Seismic Toss|p1a: Starmie\n|-damage|p1a: Starmie|70/100 par\n|\n|upkeep\n|turn|156\n|inactive|wooooo rby has 270 seconds left.\n|\n|t:|1789499193\n|move|p1a: Starmie|Blizzard|p2a: Chansey\n|-damage|p2a: Chansey|74/100 par\n|cant|p2a: Chansey|par\n|\n|upkeep\n|turn|157\n|inactive|LNumbers has 270 seconds left.\n|\n|t:|1789499208\n|move|p1a: Starmie|Recover|p1a: Starmie\n|-heal|p1a: Starmie|100/100 par\n|move|p2a: Chansey|Soft-Boiled|p2a: Chansey\n|-heal|p2a: Chansey|100/100 par\n|\n|upkeep\n|turn|158\n|inactive|LNumbers has 270 seconds left.\n|\n|t:|1789499221\n|move|p1a: Starmie|Thunder Wave|p2a: Chansey\n|-fail|p2a: Chansey|par\n|cant|p2a: Chansey|par\n|\n|upkeep\n|turn|159\n|inactive|wooooo rby has 270 seconds left.\n|inactive|LNumbers has 270 seconds left.\n|\n|t:|1789499233\n|move|p1a: Starmie|Recover|p1a: Starmie\n|-fail|p1a: Starmie\n|move|p2a: Chansey|Thunder Wave|p1a: Starmie\n|-fail|p1a: Starmie|par\n|\n|upkeep\n|turn|160\n|inactive|LNumbers has 270 seconds left.\n|\n|t:|1789499245\n|move|p1a: Starmie|Recover|p1a: Starmie\n|-fail|p1a: Starmie\n|cant|p2a: Chansey|par\n|\n|upkeep\n|turn|161\n|\n|t:|1789499252\n|move|p1a: Starmie|Recover|p1a: Starmie\n|-fail|p1a: Starmie\n|move|p2a: Chansey|Thunder Wave|p1a: Starmie\n|-fail|p1a: Starmie|par\n|\n|upkeep\n|turn|162\n|\n|t:|1789499259\n|move|p1a: Starmie|Psychic|p2a: Chansey\n|-crit|p2a: Chansey\n|-damage|p2a: Chansey|70/100 par\n|move|p2a: Chansey|Seismic Toss|p1a: Starmie\n|-damage|p1a: Starmie|70/100 par\n|\n|upkeep\n|turn|163\n|\n|t:|1789499267\n|switch|p1a: Alakazam|Alakazam|100/100\n|cant|p2a: Chansey|par\n|\n|upkeep\n|turn|164\n|\n|t:|1789499275\n|switch|p1a: Starmie|Starmie|70/100 par\n|move|p2a: Chansey|Thunder Wave|p1a: Starmie\n|-fail|p1a: Starmie|par\n|\n|upkeep\n|turn|165\n|\n|t:|1789499287\n|cant|p1a: Starmie|par\n|cant|p2a: Chansey|par\n|\n|upkeep\n|turn|166\n|\n|t:|1789499295\n|cant|p1a: Starmie|par\n|move|p2a: Chansey|Seismic Toss|p1a: Starmie\n|-damage|p1a: Starmie|39/100 par\n|\n|upkeep\n|turn|167\n|\n|t:|1789499309\n|move|p1a: Starmie|Recover|p1a: Starmie\n|-heal|p1a: Starmie|88/100 par\n|move|p2a: Chansey|Seismic Toss|p1a: Starmie\n|-damage|p1a: Starmie|57/100 par\n|\n|upkeep\n|turn|168\n|\n|t:|1789499314\n|move|p1a: Starmie|Blizzard|p2a: Chansey\n|-damage|p2a: Chansey|57/100 par\n|move|p2a: Chansey|Soft-Boiled|p2a: Chansey\n|-heal|p2a: Chansey|100/100 par\n|\n|upkeep\n|turn|169\n|\n|t:|1789499325\n|move|p1a: Starmie|Blizzard|p2a: Chansey\n|-damage|p2a: Chansey|89/100 par\n|move|p2a: Chansey|Thunder Wave|p1a: Starmie\n|-fail|p1a: Starmie|par\n|\n|upkeep\n|turn|170\n|\n|t:|1789499342\n|move|p1a: Starmie|Struggle|p2a: Chansey\n|-crit|p2a: Chansey\n|-damage|p2a: Chansey|63/100 par\n|-damage|p1a: Starmie|30/100 par|[from] Recoil\n|move|p2a: Chansey|Seismic Toss|p1a: Starmie\n|-damage|p1a: Starmie|0 fnt\n|faint|p1a: Starmie\n|\n|t:|1789499345\n|switch|p1a: Alakazam|Alakazam|100/100\n|turn|171\n|\n|t:|1789499353\n|move|p1a: Alakazam|Psychic|p2a: Chansey\n|-damage|p2a: Chansey|46/100 par\n|move|p2a: Chansey|Thunder Wave|p1a: Alakazam\n|-status|p1a: Alakazam|par\n|\n|upkeep\n|turn|172\n|\n|t:|1789499357\n|move|p1a: Alakazam|Psychic|p2a: Chansey\n|-crit|p2a: Chansey\n|-damage|p2a: Chansey|9/100 par\n|move|p2a: Chansey|Soft-Boiled|p2a: Chansey\n|-heal|p2a: Chansey|59/100 par\n|\n|upkeep\n|turn|173\n|\n|t:|1789499362\n|move|p1a: Alakazam|Psychic|p2a: Chansey\n|-damage|p2a: Chansey|42/100 par\n|move|p2a: Chansey|Soft-Boiled|p2a: Chansey\n|-heal|p2a: Chansey|92/100 par\n|\n|upkeep\n|turn|174\n|\n|t:|1789499368\n|cant|p1a: Alakazam|par\n|move|p2a: Chansey|Seismic Toss|p1a: Alakazam\n|-damage|p1a: Alakazam|69/100 par\n|\n|upkeep\n|turn|175\n|\n|t:|1789499371\n|switch|p2a: Exeggutor|Exeggutor|57/100\n|cant|p1a: Alakazam|par\n|\n|upkeep\n|turn|176\n|\n|t:|1789499374\n|move|p2a: Exeggutor|Psychic|p1a: Alakazam\n|-resisted|p1a: Alakazam\n|-damage|p1a: Alakazam|54/100 par\n|move|p1a: Alakazam|Recover|p1a: Alakazam\n|-heal|p1a: Alakazam|100/100 par\n|\n|upkeep\n|turn|177\n|\n|t:|1789499377\n|move|p2a: Exeggutor|Psychic|p1a: Alakazam\n|-resisted|p1a: Alakazam\n|-damage|p1a: Alakazam|85/100 par\n|move|p1a: Alakazam|Thunder Wave|p2a: Exeggutor\n|-status|p2a: Exeggutor|par\n|\n|upkeep\n|turn|178\n|\n|t:|1789499387\n|move|p1a: Alakazam|Seismic Toss|p2a: Exeggutor\n|-damage|p2a: Exeggutor|32/100 par\n|cant|p2a: Exeggutor|par\n|\n|upkeep\n|turn|179\n|\n|t:|1789499401\n|cant|p1a: Alakazam|par\n|move|p2a: Exeggutor|Rest|p2a: Exeggutor\n|-status|p2a: Exeggutor|slp|[from] move: Rest\n|-heal|p2a: Exeggutor|100/100 slp|[silent]\n|\n|upkeep\n|turn|180\n|\n|t:|1789499405\n|move|p1a: Alakazam|Seismic Toss|p2a: Exeggutor\n|-damage|p2a: Exeggutor|75/100 slp\n|cant|p2a: Exeggutor|slp\n|\n|upkeep\n|turn|181\n|\n|t:|1789499408\n|move|p1a: Alakazam|Seismic Toss|p2a: Exeggutor\n|-damage|p2a: Exeggutor|50/100 slp\n|-curestatus|p2a: Exeggutor|slp|[msg]\n|\n|upkeep\n|turn|182\n|\n|t:|1789499427\n|move|p1a: Alakazam|Thunder Wave|p2a: Exeggutor\n|-status|p2a: Exeggutor|par\n|move|p2a: Exeggutor|Rest|p2a: Exeggutor\n|-status|p2a: Exeggutor|slp|[from] move: Rest\n|-heal|p2a: Exeggutor|100/100 slp|[silent]\n|\n|upkeep\n|turn|183\n|\n|t:|1789499436\n|move|p1a: Alakazam|Seismic Toss|p2a: Exeggutor\n|-damage|p2a: Exeggutor|75/100 slp\n|cant|p2a: Exeggutor|slp\n|\n|upkeep\n|turn|184\n|\n|t:|1789499438\n|move|p1a: Alakazam|Seismic Toss|p2a: Exeggutor\n|-damage|p2a: Exeggutor|50/100 slp\n|-curestatus|p2a: Exeggutor|slp|[msg]\n|\n|upkeep\n|turn|185\n|\n|t:|1789499440\n|move|p1a: Alakazam|Thunder Wave|p2a: Exeggutor\n|-status|p2a: Exeggutor|par\n|move|p2a: Exeggutor|Rest|p2a: Exeggutor\n|-status|p2a: Exeggutor|slp|[from] move: Rest\n|-heal|p2a: Exeggutor|100/100 slp|[silent]\n|\n|upkeep\n|turn|186\n|\n|t:|1789499446\n|cant|p1a: Alakazam|par\n|cant|p2a: Exeggutor|slp\n|\n|upkeep\n|turn|187\n|\n|t:|1789499448\n|cant|p1a: Alakazam|par\n|-curestatus|p2a: Exeggutor|slp|[msg]\n|\n|upkeep\n|turn|188\n|\n|t:|1789499455\n|cant|p1a: Alakazam|par\n|move|p2a: Exeggutor|Psychic|p1a: Alakazam\n|-resisted|p1a: Alakazam\n|-damage|p1a: Alakazam|70/100 par\n|\n|upkeep\n|turn|189\n|\n|t:|1789499458\n|move|p1a: Alakazam|Thunder Wave|p2a: Exeggutor\n|-status|p2a: Exeggutor|par\n|move|p2a: Exeggutor|Psychic|p1a: Alakazam\n|-resisted|p1a: Alakazam\n|-damage|p1a: Alakazam|54/100 par\n|-unboost|p1a: Alakazam|spa|1\n|-unboost|p1a: Alakazam|spd|1\n|\n|upkeep\n|turn|190\n|\n|t:|1789499462\n|cant|p1a: Alakazam|par\n|move|p2a: Exeggutor|Psychic|p1a: Alakazam\n|-resisted|p1a: Alakazam\n|-damage|p1a: Alakazam|31/100 par\n|\n|upkeep\n|turn|191\n|c|☆wooooo rby|bro we couldve played a bo9 while we are doing this\n|\n|t:|1789499475\n|move|p1a: Alakazam|Psychic|p2a: Exeggutor\n|-crit|p2a: Exeggutor\n|-resisted|p2a: Exeggutor\n|-damage|p2a: Exeggutor|71/100 par\n|-unboost|p2a: Exeggutor|spa|1\n|-unboost|p2a: Exeggutor|spd|1\n|move|p2a: Exeggutor|Psychic|p1a: Alakazam\n|-resisted|p1a: Alakazam\n|-damage|p1a: Alakazam|14/100 par\n|-unboost|p1a: Alakazam|spa|1\n|-unboost|p1a: Alakazam|spd|1\n|\n|upkeep\n|turn|192\n|c|☆LNumbers|it's what it is now, can't do a bo7 anymore\n|inactive|LNumbers has 270 seconds left.\n|c|☆LNumbers|already decided\n|c|☆LNumbers|gg\n|-message|LNumbers forfeited.\n|\n|win|wooooo rby\n|c|☆wooooo rby|gg\n|c|☆LNumbers|/log LNumbers made the replay of this battle unlisted.\n|player|p1|\n","uploadtime":1789499512,"views":"82","formatid":"gen1ou","rating":null,"private":2,"password":null}