{"id":"smogtours-gen1ou-826743","format":"[Gen 1] OU","players":["I ❤️ SZA","shiloh"],"log":"|inactive|Battle timer is ON: inactive players will automatically lose when time's up.\n|t:|1742749465\n|gametype|singles\n|player|p1|I ❤️ SZA|#splxviwolfpack2|\n|player|p2|shiloh|#splxvitigers|\n|teamsize|p1|6\n|teamsize|p2|6\n|gen|1\n|tier|[Gen 1] OU\n|rule|Desync Clause Mod: Desyncs changed to move failure.\n|rule|Sleep Clause Mod: Limit one foe put to sleep\n|rule|Freeze Clause Mod: Limit one foe frozen\n|rule|Species Clause: Limit one of each Pokémon\n|rule|OHKO Clause: OHKO moves are banned\n|rule|Evasion Moves Clause: Evasion moves are banned\n|rule|Endless Battle Clause: Forcing endless battles is banned\n|rule|HP Percentage Mod: HP is shown in percentages\n|\n|t:|1742749465\n|start\n|switch|p1a: Gengar|Gengar|100/100\n|switch|p2a: Son of Tanavast|Alakazam|100/100\n|turn|1\n|rated|Smogon Premier League\n|\n|t:|1742749489\n|switch|p2a: bo-ado-mishram|Gengar|100/100\n|switch|p1a: Exeggutor|Exeggutor|100/100\n|\n|upkeep\n|turn|2\n|\n|t:|1742749498\n|switch|p1a: Gengar|Gengar|100/100\n|move|p2a: bo-ado-mishram|Hypnosis|p1a: Gengar\n|-status|p1a: Gengar|slp|[from] move: Hypnosis\n|\n|upkeep\n|turn|3\n|\n|t:|1742749502\n|switch|p1a: Exeggutor|Exeggutor|100/100\n|switch|p2a: chiri-chiri|Articuno|100/100\n|\n|upkeep\n|turn|4\n|\n|t:|1742749509\n|switch|p1a: Starmie|Starmie|100/100\n|move|p2a: chiri-chiri|Blizzard|p1a: Starmie\n|-resisted|p1a: Starmie\n|-damage|p1a: Starmie|76/100\n|\n|upkeep\n|turn|5\n|\n|t:|1742749514\n|move|p1a: Starmie|Recover|p1a: Starmie\n|-heal|p1a: Starmie|100/100\n|move|p2a: chiri-chiri|Ice Beam|p1a: Starmie\n|-crit|p1a: Starmie\n|-resisted|p1a: Starmie\n|-damage|p1a: Starmie|64/100\n|\n|upkeep\n|turn|6\n|\n|t:|1742749516\n|move|p1a: Starmie|Recover|p1a: Starmie\n|-heal|p1a: Starmie|100/100\n|move|p2a: chiri-chiri|Ice Beam|p1a: Starmie\n|-resisted|p1a: Starmie\n|-damage|p1a: Starmie|79/100\n|\n|upkeep\n|turn|7\n|\n|t:|1742749517\n|move|p1a: Starmie|Thunderbolt|p2a: chiri-chiri\n|-supereffective|p2a: chiri-chiri\n|-damage|p2a: chiri-chiri|68/100\n|move|p2a: chiri-chiri|Ice Beam|p1a: Starmie\n|-resisted|p1a: Starmie\n|-damage|p1a: Starmie|58/100\n|\n|upkeep\n|turn|8\n|\n|t:|1742749523\n|move|p1a: Starmie|Recover|p1a: Starmie\n|-heal|p1a: Starmie|100/100\n|move|p2a: chiri-chiri|Ice Beam|p1a: Starmie\n|-resisted|p1a: Starmie\n|-damage|p1a: Starmie|79/100\n|\n|upkeep\n|turn|9\n|\n|t:|1742749527\n|switch|p2a: sylphrena|Chansey|100/100\n|move|p1a: Starmie|Thunderbolt|p2a: sylphrena\n|-damage|p2a: sylphrena|91/100\n|\n|upkeep\n|turn|10\n|\n|t:|1742749532\n|switch|p1a: Exeggutor|Exeggutor|100/100\n|move|p2a: sylphrena|Thunder Wave|p1a: Exeggutor\n|-status|p1a: Exeggutor|par\n|\n|upkeep\n|turn|11\n|\n|t:|1742749536\n|switch|p2a: chiri-chiri|Articuno|68/100\n|cant|p1a: Exeggutor|par\n|\n|upkeep\n|turn|12\n|\n|t:|1742749540\n|switch|p1a: Starmie|Starmie|79/100\n|move|p2a: chiri-chiri|Blizzard|p1a: Starmie\n|-resisted|p1a: Starmie\n|-damage|p1a: Starmie|54/100\n|\n|upkeep\n|turn|13\n|\n|t:|1742749544\n|move|p1a: Starmie|Recover|p1a: Starmie\n|-heal|p1a: Starmie|100/100\n|move|p2a: chiri-chiri|Ice Beam|p1a: Starmie\n|-crit|p1a: Starmie\n|-resisted|p1a: Starmie\n|-damage|p1a: Starmie|61/100\n|\n|upkeep\n|turn|14\n|\n|t:|1742749550\n|move|p1a: Starmie|Recover|p1a: Starmie\n|-heal|p1a: Starmie|100/100\n|move|p2a: chiri-chiri|Blizzard|p1a: Starmie\n|-resisted|p1a: Starmie\n|-damage|p1a: Starmie|76/100\n|\n|upkeep\n|turn|15\n|\n|t:|1742749556\n|switch|p2a: sylphrena|Chansey|91/100\n|move|p1a: Starmie|Psychic|p2a: sylphrena\n|-crit|p2a: sylphrena\n|-damage|p2a: sylphrena|60/100\n|-unboost|p2a: sylphrena|spa|1\n|-unboost|p2a: sylphrena|spd|1\n|\n|upkeep\n|turn|16\n|\n|t:|1742749559\n|switch|p1a: Exeggutor|Exeggutor|100/100 par\n|move|p2a: sylphrena|Soft-Boiled|p2a: sylphrena\n|-heal|p2a: sylphrena|100/100\n|\n|upkeep\n|turn|17\n|\n|t:|1742749563\n|switch|p2a: chiri-chiri|Articuno|68/100\n|move|p1a: Exeggutor|Sleep Powder|p2a: chiri-chiri\n|-status|p2a: chiri-chiri|slp|[from] move: Sleep Powder\n|\n|upkeep\n|turn|18\n|\n|t:|1742749583\n|cant|p2a: chiri-chiri|slp\n|move|p1a: Exeggutor|Psychic|p2a: chiri-chiri\n|-damage|p2a: chiri-chiri|41/100 slp\n|\n|upkeep\n|turn|19\n|\n|t:|1742749589\n|switch|p2a: Son of Tanavast|Alakazam|100/100\n|move|p1a: Exeggutor|Psychic|p2a: Son of Tanavast\n|-resisted|p2a: Son of Tanavast\n|-damage|p2a: Son of Tanavast|84/100\n|\n|upkeep\n|turn|20\n|\n|t:|1742749605\n|move|p2a: Son of Tanavast|Seismic Toss|p1a: Exeggutor\n|-damage|p1a: Exeggutor|75/100 par\n|move|p1a: Exeggutor|Stun Spore|p2a: Son of Tanavast\n|-status|p2a: Son of Tanavast|par\n|\n|upkeep\n|turn|21\n|inactive|I ❤️ SZA has 270 seconds left.\n|inactive|I ❤️ SZA has 240 seconds left.\n|\n|t:|1742749668\n|switch|p1a: Chansey|Chansey|100/100\n|cant|p2a: Son of Tanavast|par\n|\n|upkeep\n|turn|22\n|inactive|I ❤️ SZA has 240 seconds left.\n|\n|t:|1742749675\n|move|p1a: Chansey|Seismic Toss|p2a: Son of Tanavast\n|-damage|p2a: Son of Tanavast|52/100 par\n|move|p2a: Son of Tanavast|Thunder Wave|p1a: Chansey\n|-status|p1a: Chansey|par\n|\n|upkeep\n|turn|23\n|\n|t:|1742749677\n|move|p2a: Son of Tanavast|Recover|p2a: Son of Tanavast\n|-heal|p2a: Son of Tanavast|100/100 par\n|move|p1a: Chansey|Seismic Toss|p2a: Son of Tanavast\n|-damage|p2a: Son of Tanavast|69/100 par\n|\n|upkeep\n|turn|24\n|\n|t:|1742749680\n|cant|p2a: Son of Tanavast|par\n|move|p1a: Chansey|Seismic Toss|p2a: Son of Tanavast\n|-damage|p2a: Son of Tanavast|37/100 par\n|\n|upkeep\n|turn|25\n|\n|t:|1742749681\n|move|p2a: Son of Tanavast|Recover|p2a: Son of Tanavast\n|-heal|p2a: Son of Tanavast|86/100 par\n|cant|p1a: Chansey|par\n|\n|upkeep\n|turn|26\n|\n|t:|1742749684\n|move|p2a: Son of Tanavast|Psychic|p1a: Chansey\n|-damage|p1a: Chansey|83/100 par\n|cant|p1a: Chansey|par\n|\n|upkeep\n|turn|27\n|\n|t:|1742749688\n|move|p2a: Son of Tanavast|Psychic|p1a: Chansey\n|-damage|p1a: Chansey|64/100 par\n|-unboost|p1a: Chansey|spa|1\n|-unboost|p1a: Chansey|spd|1\n|move|p1a: Chansey|Soft-Boiled|p1a: Chansey\n|-heal|p1a: Chansey|100/100 par\n|\n|upkeep\n|turn|28\n|\n|t:|1742749691\n|cant|p2a: Son of Tanavast|par\n|move|p1a: Chansey|Seismic Toss|p2a: Son of Tanavast\n|-damage|p2a: Son of Tanavast|54/100 par\n|\n|upkeep\n|turn|29\n|\n|t:|1742749694\n|switch|p1a: Tauros|Tauros|100/100\n|move|p2a: Son of Tanavast|Recover|p2a: Son of Tanavast\n|-heal|p2a: Son of Tanavast|100/100 par\n|\n|upkeep\n|turn|30\n|\n|t:|1742749698\n|switch|p1a: Chansey|Chansey|100/100 par\n|switch|p2a: The Blackthorn|Snorlax|100/100\n|\n|upkeep\n|turn|31\n|\n|t:|1742749703\n|switch|p2a: Son of Tanavast|Alakazam|100/100 par\n|cant|p1a: Chansey|par\n|\n|upkeep\n|turn|32\n|\n|t:|1742749708\n|move|p2a: Son of Tanavast|Psychic|p1a: Chansey\n|-damage|p1a: Chansey|82/100 par\n|move|p1a: Chansey|Seismic Toss|p2a: Son of Tanavast\n|-damage|p2a: Son of Tanavast|69/100 par\n|\n|upkeep\n|turn|33\n|\n|t:|1742749713\n|move|p2a: Son of Tanavast|Recover|p2a: Son of Tanavast\n|-heal|p2a: Son of Tanavast|100/100 par\n|move|p1a: Chansey|Seismic Toss|p2a: Son of Tanavast\n|-damage|p2a: Son of Tanavast|69/100 par\n|\n|upkeep\n|turn|34\n|\n|t:|1742749715\n|move|p2a: Son of Tanavast|Recover|p2a: Son of Tanavast\n|-heal|p2a: Son of Tanavast|100/100 par\n|cant|p1a: Chansey|par\n|\n|upkeep\n|turn|35\n|\n|t:|1742749719\n|cant|p2a: Son of Tanavast|par\n|move|p1a: Chansey|Seismic Toss|p2a: Son of Tanavast\n|-damage|p2a: Son of Tanavast|69/100 par\n|\n|upkeep\n|turn|36\n|\n|t:|1742749721\n|move|p2a: Son of Tanavast|Recover|p2a: Son of Tanavast\n|-heal|p2a: Son of Tanavast|100/100 par\n|move|p1a: Chansey|Seismic Toss|p2a: Son of Tanavast\n|-damage|p2a: Son of Tanavast|69/100 par\n|\n|upkeep\n|turn|37\n|\n|t:|1742749722\n|move|p2a: Son of Tanavast|Recover|p2a: Son of Tanavast\n|-heal|p2a: Son of Tanavast|100/100 par\n|cant|p1a: Chansey|par\n|\n|upkeep\n|turn|38\n|\n|t:|1742749724\n|move|p2a: Son of Tanavast|Psychic|p1a: Chansey\n|-damage|p1a: Chansey|65/100 par\n|-unboost|p1a: Chansey|spa|1\n|-unboost|p1a: Chansey|spd|1\n|cant|p1a: Chansey|par\n|\n|upkeep\n|turn|39\n|\n|t:|1742749727\n|move|p2a: Son of Tanavast|Psychic|p1a: Chansey\n|-damage|p1a: Chansey|35/100 par\n|move|p1a: Chansey|Soft-Boiled|p1a: Chansey\n|-heal|p1a: Chansey|85/100 par\n|\n|upkeep\n|turn|40\n|\n|t:|1742749734\n|switch|p1a: Exeggutor|Exeggutor|75/100 par\n|move|p2a: Son of Tanavast|Thunder Wave|p1a: Exeggutor\n|-fail|p1a: Exeggutor|par\n|\n|upkeep\n|turn|41\n|\n|t:|1742749745\n|switch|p1a: Chansey|Chansey|85/100 par\n|move|p2a: Son of Tanavast|Psychic|p1a: Chansey\n|-crit|p1a: Chansey\n|-damage|p1a: Chansey|52/100 par\n|\n|upkeep\n|turn|42\n|\n|t:|1742749749\n|switch|p2a: The Blackthorn|Snorlax|100/100\n|move|p1a: Chansey|Soft-Boiled|p1a: Chansey\n|-heal|p1a: Chansey|100/100 par\n|\n|upkeep\n|turn|43\n|\n|t:|1742749755\n|switch|p2a: Son of Tanavast|Alakazam|100/100 par\n|move|p1a: Chansey|Soft-Boiled|p1a: Chansey\n|-fail|p1a: Chansey\n|\n|upkeep\n|turn|44\n|\n|t:|1742749760\n|move|p2a: Son of Tanavast|Psychic|p1a: Chansey\n|-damage|p1a: Chansey|83/100 par\n|move|p1a: Chansey|Seismic Toss|p2a: Son of Tanavast\n|-damage|p2a: Son of Tanavast|69/100 par\n|\n|upkeep\n|turn|45\n|\n|t:|1742749762\n|move|p2a: Son of Tanavast|Recover|p2a: Son of Tanavast\n|-heal|p2a: Son of Tanavast|100/100 par\n|move|p1a: Chansey|Seismic Toss|p2a: Son of Tanavast\n|-damage|p2a: Son of Tanavast|69/100 par\n|\n|upkeep\n|turn|46\n|\n|t:|1742749764\n|move|p2a: Son of Tanavast|Recover|p2a: Son of Tanavast\n|-heal|p2a: Son of Tanavast|100/100 par\n|move|p1a: Chansey|Seismic Toss|p2a: Son of Tanavast\n|-damage|p2a: Son of Tanavast|69/100 par\n|\n|upkeep\n|turn|47\n|\n|t:|1742749766\n|cant|p2a: Son of Tanavast|par\n|cant|p1a: Chansey|par\n|\n|upkeep\n|turn|48\n|\n|t:|1742749768\n|move|p2a: Son of Tanavast|Recover|p2a: Son of Tanavast\n|-heal|p2a: Son of Tanavast|100/100 par\n|move|p1a: Chansey|Seismic Toss|p2a: Son of Tanavast\n|-damage|p2a: Son of Tanavast|69/100 par\n|\n|upkeep\n|turn|49\n|\n|t:|1742749769\n|move|p2a: Son of Tanavast|Recover|p2a: Son of Tanavast\n|-heal|p2a: Son of Tanavast|100/100 par\n|move|p1a: Chansey|Seismic Toss|p2a: Son of Tanavast\n|-damage|p2a: Son of Tanavast|69/100 par\n|\n|upkeep\n|turn|50\n|\n|t:|1742749772\n|cant|p2a: Son of Tanavast|par\n|move|p1a: Chansey|Seismic Toss|p2a: Son of Tanavast\n|-damage|p2a: Son of Tanavast|37/100 par\n|\n|upkeep\n|turn|51\n|\n|t:|1742749774\n|switch|p1a: Tauros|Tauros|100/100\n|move|p2a: Son of Tanavast|Recover|p2a: Son of Tanavast\n|-heal|p2a: Son of Tanavast|86/100 par\n|\n|upkeep\n|turn|52\n|\n|t:|1742749785\n|switch|p2a: The Blackthorn|Snorlax|100/100\n|move|p1a: Tauros|Hyper Beam|p2a: The Blackthorn\n|-damage|p2a: The Blackthorn|55/100\n|-mustrecharge|p1a: Tauros\n|\n|upkeep\n|turn|53\n|\n|t:|1742749793\n|cant|p1a: Tauros|recharge\n|move|p2a: The Blackthorn|Body Slam|p1a: Tauros\n|-crit|p1a: Tauros\n|-damage|p1a: Tauros|35/100\n|\n|upkeep\n|turn|54\n|\n|t:|1742749806\n|switch|p1a: Rhydon|Rhydon|100/100\n|move|p2a: The Blackthorn|Hyper Beam|p1a: Rhydon\n|-resisted|p1a: Rhydon\n|-damage|p1a: Rhydon|79/100\n|-mustrecharge|p2a: The Blackthorn\n|\n|upkeep\n|turn|55\n|\n|t:|1742749812\n|move|p1a: Rhydon|Earthquake|p2a: The Blackthorn\n|-damage|p2a: The Blackthorn|18/100\n|cant|p2a: The Blackthorn|recharge\n|\n|upkeep\n|turn|56\n|\n|t:|1742749838\n|switch|p2a: LIFE BEFORE DEATH|Tauros|100/100\n|move|p1a: Rhydon|Earthquake|p2a: LIFE BEFORE DEATH\n|-damage|p2a: LIFE BEFORE DEATH|57/100\n|\n|upkeep\n|turn|57\n|inactive|I ❤️ SZA has 270 seconds left.\n|inactive|I ❤️ SZA has 240 seconds left.\n|inactive|I ❤️ SZA has 210 seconds left.\n|\n|t:|1742749914\n|switch|p1a: Gengar|Gengar|100/100 slp\n|move|p2a: LIFE BEFORE DEATH|Blizzard|p1a: Gengar\n|-damage|p1a: Gengar|81/100 slp\n|\n|upkeep\n|turn|58\n|\n|t:|1742749920\n|-curestatus|p1a: Gengar|slp|[msg]\n|move|p2a: LIFE BEFORE DEATH|Body Slam|p1a: Gengar\n|-immune|p1a: Gengar\n|\n|upkeep\n|turn|59\n|\n|t:|1742749931\n|switch|p2a: Son of Tanavast|Alakazam|86/100 par\n|move|p1a: Gengar|Thunderbolt|p2a: Son of Tanavast\n|-damage|p2a: Son of Tanavast|64/100 par\n|\n|upkeep\n|turn|60\n|inactive|I ❤️ SZA has 210 seconds left.\n|\n|t:|1742749950\n|switch|p1a: Chansey|Chansey|83/100 par\n|move|p2a: Son of Tanavast|Recover|p2a: Son of Tanavast\n|-heal|p2a: Son of Tanavast|100/100 par\n|\n|upkeep\n|turn|61\n|\n|t:|1742749956\n|move|p2a: Son of Tanavast|Psychic|p1a: Chansey\n|-damage|p1a: Chansey|66/100 par\n|cant|p1a: Chansey|par\n|\n|upkeep\n|turn|62\n|\n|t:|1742749959\n|move|p2a: Son of Tanavast|Psychic|p1a: Chansey\n|-crit|p1a: Chansey\n|-damage|p1a: Chansey|28/100 par\n|move|p1a: Chansey|Soft-Boiled|p1a: Chansey\n|-heal|p1a: Chansey|78/100 par\n|\n|upkeep\n|turn|63\n|\n|t:|1742749962\n|move|p2a: Son of Tanavast|Psychic|p1a: Chansey\n|-damage|p1a: Chansey|60/100 par\n|move|p1a: Chansey|Soft-Boiled|p1a: Chansey\n|-heal|p1a: Chansey|100/100 par\n|\n|upkeep\n|turn|64\n|\n|t:|1742749966\n|move|p2a: Son of Tanavast|Psychic|p1a: Chansey\n|-damage|p1a: Chansey|82/100 par\n|-unboost|p1a: Chansey|spa|1\n|-unboost|p1a: Chansey|spd|1\n|move|p1a: Chansey|Seismic Toss|p2a: Son of Tanavast\n|-damage|p2a: Son of Tanavast|69/100 par\n|\n|upkeep\n|turn|65\n|\n|t:|1742749976\n|switch|p1a: Exeggutor|Exeggutor|75/100 par\n|cant|p2a: Son of Tanavast|par\n|\n|upkeep\n|turn|66\n|\n|t:|1742749979\n|move|p2a: Son of Tanavast|Recover|p2a: Son of Tanavast\n|-heal|p2a: Son of Tanavast|100/100 par\n|move|p1a: Exeggutor|Psychic|p2a: Son of Tanavast\n|-resisted|p2a: Son of Tanavast\n|-damage|p2a: Son of Tanavast|83/100 par\n|-unboost|p2a: Son of Tanavast|spa|1\n|-unboost|p2a: Son of Tanavast|spd|1\n|\n|upkeep\n|turn|67\n|inactive|I ❤️ SZA has 270 seconds left.\n|\n|t:|1742749984\n|move|p1a: Exeggutor|Stun Spore|p2a: Son of Tanavast\n|-fail|p2a: Son of Tanavast|par\n|move|p2a: Son of Tanavast|Seismic Toss|p1a: Exeggutor\n|-damage|p1a: Exeggutor|50/100 par\n|\n|upkeep\n|turn|68\n|\n|t:|1742749988\n|switch|p2a: bo-ado-mishram|Gengar|100/100\n|move|p1a: Exeggutor|Rest|p1a: Exeggutor\n|-status|p1a: Exeggutor|slp|[from] move: Rest\n|-heal|p1a: Exeggutor|100/100 slp|[silent]\n|\n|upkeep\n|turn|69\n|\n|t:|1742749993\n|switch|p2a: sylphrena|Chansey|100/100\n|cant|p1a: Exeggutor|slp\n|\n|upkeep\n|turn|70\n|\n|t:|1742749996\n|switch|p1a: Chansey|Chansey|82/100 par\n|move|p2a: sylphrena|Thunder Wave|p1a: Chansey\n|-fail|p1a: Chansey|par\n|\n|upkeep\n|turn|71\n|\n|t:|1742750012\n|switch|p2a: Son of Tanavast|Alakazam|83/100 par\n|move|p1a: Chansey|Seismic Toss|p2a: Son of Tanavast\n|-damage|p2a: Son of Tanavast|51/100 par\n|\n|upkeep\n|turn|72\n|\n|t:|1742750016\n|move|p2a: Son of Tanavast|Recover|p2a: Son of Tanavast\n|-heal|p2a: Son of Tanavast|100/100 par\n|move|p1a: Chansey|Seismic Toss|p2a: Son of Tanavast\n|-damage|p2a: Son of Tanavast|69/100 par\n|\n|upkeep\n|turn|73\n|\n|t:|1742750018\n|move|p2a: Son of Tanavast|Recover|p2a: Son of Tanavast\n|-heal|p2a: Son of Tanavast|100/100 par\n|move|p1a: Chansey|Seismic Toss|p2a: Son of Tanavast\n|-damage|p2a: Son of Tanavast|69/100 par\n|\n|upkeep\n|turn|74\n|\n|t:|1742750020\n|move|p2a: Son of Tanavast|Recover|p2a: Son of Tanavast\n|-heal|p2a: Son of Tanavast|100/100 par\n|move|p1a: Chansey|Seismic Toss|p2a: Son of Tanavast\n|-damage|p2a: Son of Tanavast|69/100 par\n|\n|upkeep\n|turn|75\n|\n|t:|1742750022\n|move|p2a: Son of Tanavast|Recover|p2a: Son of Tanavast\n|-heal|p2a: Son of Tanavast|100/100 par\n|move|p1a: Chansey|Seismic Toss|p2a: Son of Tanavast\n|-damage|p2a: Son of Tanavast|69/100 par\n|\n|upkeep\n|turn|76\n|\n|t:|1742750024\n|switch|p1a: Exeggutor|Exeggutor|100/100 slp\n|move|p2a: Son of Tanavast|Recover|p2a: Son of Tanavast\n|-heal|p2a: Son of Tanavast|100/100 par\n|\n|upkeep\n|turn|77\n|\n|t:|1742750028\n|-curestatus|p1a: Exeggutor|slp|[msg]\n|move|p2a: Son of Tanavast|Thunder Wave|p1a: Exeggutor\n|-status|p1a: Exeggutor|par\n|\n|upkeep\n|turn|78\n|\n|t:|1742750031\n|cant|p2a: Son of Tanavast|par\n|move|p1a: Exeggutor|Psychic|p2a: Son of Tanavast\n|-resisted|p2a: Son of Tanavast\n|-damage|p2a: Son of Tanavast|84/100 par\n|\n|upkeep\n|turn|79\n|\n|t:|1742750035\n|move|p2a: Son of Tanavast|Seismic Toss|p1a: Exeggutor\n|-damage|p1a: Exeggutor|75/100 par\n|move|p1a: Exeggutor|Psychic|p2a: Son of Tanavast\n|-resisted|p2a: Son of Tanavast\n|-damage|p2a: Son of Tanavast|68/100 par\n|\n|upkeep\n|turn|80\n|\n|t:|1742750042\n|move|p2a: Son of Tanavast|Recover|p2a: Son of Tanavast\n|-heal|p2a: Son of Tanavast|100/100 par\n|move|p1a: Exeggutor|Psychic|p2a: Son of Tanavast\n|-resisted|p2a: Son of Tanavast\n|-damage|p2a: Son of Tanavast|84/100 par\n|-unboost|p2a: Son of Tanavast|spa|1\n|-unboost|p2a: Son of Tanavast|spd|1\n|\n|upkeep\n|turn|81\n|\n|t:|1742750045\n|move|p1a: Exeggutor|Psychic|p2a: Son of Tanavast\n|-resisted|p2a: Son of Tanavast\n|-damage|p2a: Son of Tanavast|58/100 par\n|-unboost|p2a: Son of Tanavast|spa|1\n|-unboost|p2a: Son of Tanavast|spd|1\n|move|p2a: Son of Tanavast|Seismic Toss|p1a: Exeggutor\n|-damage|p1a: Exeggutor|50/100 par\n|\n|upkeep\n|turn|82\n|\n|t:|1742750051\n|switch|p1a: Tauros|Tauros|35/100\n|cant|p2a: Son of Tanavast|par\n|\n|upkeep\n|turn|83\n|\n|t:|1742750065\n|switch|p2a: chiri-chiri|Articuno|41/100 slp\n|move|p1a: Tauros|Earthquake|p2a: chiri-chiri\n|-immune|p2a: chiri-chiri\n|\n|upkeep\n|turn|84\n|\n|t:|1742750072\n|move|p1a: Tauros|Rest|p1a: Tauros\n|-status|p1a: Tauros|slp|[from] move: Rest\n|-heal|p1a: Tauros|100/100 slp|[silent]\n|cant|p2a: chiri-chiri|slp\n|\n|upkeep\n|turn|85\n|\n|t:|1742750077\n|switch|p2a: LIFE BEFORE DEATH|Tauros|57/100\n|cant|p1a: Tauros|slp\n|\n|upkeep\n|turn|86\n|\n|t:|1742750085\n|-curestatus|p1a: Tauros|slp|[msg]\n|move|p2a: LIFE BEFORE DEATH|Blizzard|p1a: Tauros\n|-crit|p1a: Tauros\n|-damage|p1a: Tauros|51/100\n|\n|upkeep\n|turn|87\n|\n|t:|1742750089\n|move|p1a: Tauros|Body Slam|p2a: LIFE BEFORE DEATH\n|-damage|p2a: LIFE BEFORE DEATH|25/100\n|move|p2a: LIFE BEFORE DEATH|Blizzard|p1a: Tauros\n|-crit|p1a: Tauros\n|-damage|p1a: Tauros|0 fnt\n|faint|p1a: Tauros\n|\n|t:|1742750102\n|switch|p1a: Starmie|Starmie|76/100\n|turn|88\n|\n|t:|1742750108\n|switch|p2a: Son of Tanavast|Alakazam|58/100 par\n|move|p1a: Starmie|Psychic|p2a: Son of Tanavast\n|-resisted|p2a: Son of Tanavast\n|-damage|p2a: Son of Tanavast|44/100 par\n|\n|upkeep\n|turn|89\n|\n|t:|1742750110\n|move|p1a: Starmie|Thunderbolt|p2a: Son of Tanavast\n|-damage|p2a: Son of Tanavast|24/100 par\n|move|p2a: Son of Tanavast|Recover|p2a: Son of Tanavast\n|-heal|p2a: Son of Tanavast|74/100 par\n|\n|upkeep\n|turn|90\n|\n|t:|1742750113\n|switch|p1a: Chansey|Chansey|82/100 par\n|move|p2a: Son of Tanavast|Recover|p2a: Son of Tanavast\n|-heal|p2a: Son of Tanavast|100/100 par\n|\n|upkeep\n|turn|91\n|\n|t:|1742750117\n|move|p2a: Son of Tanavast|Psychic|p1a: Chansey\n|-damage|p1a: Chansey|64/100 par\n|move|p1a: Chansey|Seismic Toss|p2a: Son of Tanavast\n|-damage|p2a: Son of Tanavast|69/100 par\n|\n|upkeep\n|turn|92\n|\n|t:|1742750119\n|switch|p2a: The Blackthorn|Snorlax|18/100\n|move|p1a: Chansey|Seismic Toss|p2a: The Blackthorn\n|-damage|p2a: The Blackthorn|0 fnt\n|faint|p2a: The Blackthorn\n|\n|t:|1742750121\n|switch|p2a: LIFE BEFORE DEATH|Tauros|25/100\n|turn|93\n|\n|t:|1742750138\n|switch|p1a: Starmie|Starmie|76/100\n|move|p2a: LIFE BEFORE DEATH|Body Slam|p1a: Starmie\n|-damage|p1a: Starmie|42/100\n|\n|upkeep\n|turn|94\n|\n|t:|1742750144\n|switch|p2a: Son of Tanavast|Alakazam|69/100 par\n|move|p1a: Starmie|Recover|p1a: Starmie\n|-heal|p1a: Starmie|92/100\n|\n|upkeep\n|turn|95\n|\n|t:|1742750151\n|switch|p1a: Chansey|Chansey|64/100 par\n|switch|p2a: LIFE BEFORE DEATH|Tauros|25/100\n|\n|upkeep\n|turn|96\n|\n|t:|1742750156\n|move|p2a: LIFE BEFORE DEATH|Body Slam|p1a: Chansey\n|-crit|p1a: Chansey\n|-damage|p1a: Chansey|0 fnt\n|faint|p1a: Chansey\n|\n|t:|1742750174\n|switch|p1a: Gengar|Gengar|81/100\n|turn|97\n|\n|t:|1742750183\n|switch|p2a: sylphrena|Chansey|100/100\n|move|p1a: Gengar|Night Shade|p2a: sylphrena\n|-damage|p2a: sylphrena|86/100\n|\n|upkeep\n|turn|98\n|\n|t:|1742750190\n|move|p1a: Gengar|Thunderbolt|p2a: sylphrena\n|-damage|p2a: sylphrena|74/100\n|move|p2a: sylphrena|Ice Beam|p1a: Gengar\n|-damage|p1a: Gengar|61/100\n|\n|upkeep\n|turn|99\n|\n|t:|1742750198\n|switch|p2a: bo-ado-mishram|Gengar|100/100\n|move|p1a: Gengar|Thunderbolt|p2a: bo-ado-mishram\n|-crit|p2a: bo-ado-mishram\n|-damage|p2a: bo-ado-mishram|58/100\n|\n|upkeep\n|turn|100\n|\n|t:|1742750200\n|move|p2a: bo-ado-mishram|Night Shade|p1a: Gengar\n|-damage|p1a: Gengar|30/100\n|move|p1a: Gengar|Thunderbolt|p2a: bo-ado-mishram\n|-crit|p2a: bo-ado-mishram\n|-damage|p2a: bo-ado-mishram|13/100\n|\n|upkeep\n|turn|101\n|\n|t:|1742750225\n|move|p1a: Gengar|Night Shade|p2a: bo-ado-mishram\n|-damage|p2a: bo-ado-mishram|0 fnt\n|faint|p2a: bo-ado-mishram\n|\n|t:|1742750229\n|switch|p2a: Son of Tanavast|Alakazam|69/100 par\n|turn|102\n|inactive|I ❤️ SZA has 270 seconds left.\n|\n|t:|1742750260\n|move|p1a: Gengar|Thunderbolt|p2a: Son of Tanavast\n|-crit|p2a: Son of Tanavast\n|-damage|p2a: Son of Tanavast|24/100 par\n|move|p2a: Son of Tanavast|Psychic|p1a: Gengar\n|-supereffective|p1a: Gengar\n|-damage|p1a: Gengar|0 fnt\n|faint|p1a: Gengar\n|\n|t:|1742750266\n|switch|p1a: Rhydon|Rhydon|79/100\n|turn|103\n|inactive|shiloh has 270 seconds left.\n|inactive|shiloh has 240 seconds left.\n|\n|t:|1742750346\n|move|p1a: Rhydon|Earthquake|p2a: Son of Tanavast\n|-damage|p2a: Son of Tanavast|0 fnt\n|faint|p2a: Son of Tanavast\n|\n|t:|1742750347\n|switch|p2a: sylphrena|Chansey|74/100\n|turn|104\n|inactive|I ❤️ SZA has 270 seconds left.\n|\n|t:|1742750358\n|switch|p1a: Starmie|Starmie|92/100\n|move|p2a: sylphrena|Thunder Wave|p1a: Starmie\n|-status|p1a: Starmie|par\n|\n|upkeep\n|turn|105\n|\n|t:|1742750366\n|move|p2a: sylphrena|Thunderbolt|p1a: Starmie\n|-supereffective|p1a: Starmie\n|-damage|p1a: Starmie|44/100 par\n|move|p1a: Starmie|Thunder Wave|p2a: sylphrena\n|-status|p2a: sylphrena|par\n|\n|upkeep\n|turn|106\n|\n|t:|1742750373\n|move|p1a: Starmie|Recover|p1a: Starmie\n|-heal|p1a: Starmie|94/100 par\n|move|p2a: sylphrena|Thunderbolt|p1a: Starmie\n|-supereffective|p1a: Starmie\n|-damage|p1a: Starmie|43/100 par\n|\n|upkeep\n|turn|107\n|\n|t:|1742750377\n|move|p1a: Starmie|Recover|p1a: Starmie\n|-heal|p1a: Starmie|93/100 par\n|move|p2a: sylphrena|Thunderbolt|p1a: Starmie\n|-supereffective|p1a: Starmie\n|-damage|p1a: Starmie|46/100 par\n|\n|upkeep\n|turn|108\n|\n|t:|1742750382\n|cant|p1a: Starmie|par\n|move|p2a: sylphrena|Thunderbolt|p1a: Starmie\n|-supereffective|p1a: Starmie\n|-damage|p1a: Starmie|0 fnt\n|faint|p1a: Starmie\n|\n|t:|1742750384\n|switch|p1a: Rhydon|Rhydon|79/100\n|turn|109\n|\n|t:|1742750408\n|move|p1a: Rhydon|Earthquake|p2a: sylphrena\n|-crit|p2a: sylphrena\n|-damage|p2a: sylphrena|0 fnt\n|faint|p2a: sylphrena\n|\n|t:|1742750414\n|switch|p2a: LIFE BEFORE DEATH|Tauros|25/100\n|turn|110\n|\n|t:|1742750418\n|move|p2a: LIFE BEFORE DEATH|Blizzard|p1a: Rhydon\n|-supereffective|p1a: Rhydon\n|-damage|p1a: Rhydon|16/100\n|move|p1a: Rhydon|Earthquake|p2a: LIFE BEFORE DEATH\n|-damage|p2a: LIFE BEFORE DEATH|0 fnt\n|faint|p2a: LIFE BEFORE DEATH\n|\n|t:|1742750422\n|switch|p2a: chiri-chiri|Articuno|41/100 slp\n|turn|111\n|\n|t:|1742750425\n|cant|p2a: chiri-chiri|slp\n|move|p1a: Rhydon|Rock Slide|p2a: chiri-chiri\n|-supereffective|p2a: chiri-chiri\n|-damage|p2a: chiri-chiri|0 fnt\n|faint|p2a: chiri-chiri\n|\n|win|I ❤️ SZA\n","uploadtime":1742750425,"views":"1920","formatid":"gen1ou","rating":null,"private":0,"password":null}