{"id":"smogtours-gen1ou-949978","format":"[Gen 1] OU","players":["Acetylaldehyde","Deezcastforms"],"log":"|inactive|Battle timer is ON: inactive players will automatically lose when time's up.\n|t:|1782354293\n|gametype|singles\n|player|p1|Acetylaldehyde|scientist-gen1rb|\n|player|p2|Deezcastforms|#adpl8|\n|gen|1\n|tier|[Gen 1] OU\n|rule|Desync Clause Mod: Desyncs changed to move failure.\n|rule|HP Percentage Mod: HP is shown in percentages\n|rule|Endless Battle Clause: Forcing endless battles is banned\n|rule|Sleep Clause Mod: Limit one foe put to sleep\n|rule|Freeze Clause Mod: Limit one foe frozen\n|rule|Species Clause: Limit one of each Pokémon\n|rule|OHKO Clause: OHKO moves are banned\n|rule|Evasion Moves Clause: Evasion moves are banned\n|\n|t:|1782354293\n|teamsize|p1|6\n|teamsize|p2|6\n|start\n|switch|p1a: Alakazam|Alakazam|100/100\n|switch|p2a: Starmie|Starmie|100/100\n|turn|1\n|inactive|Acetylaldehyde also wants the timer to be on.\n|c|☆Deezcastforms|hf\n|c|☆Acetylaldehyde|glhf\n|\n|t:|1782354314\n|switch|p2a: Exeggutor|Exeggutor|100/100\n|move|p1a: Alakazam|Thunder Wave|p2a: Exeggutor\n|-status|p2a: Exeggutor|par\n|\n|upkeep\n|turn|2\n|\n|t:|1782354320\n|move|p1a: Alakazam|Seismic Toss|p2a: Exeggutor\n|-damage|p2a: Exeggutor|75/100 par\n|cant|p2a: Exeggutor|par\n|\n|upkeep\n|turn|3\n|\n|t:|1782354326\n|move|p1a: Alakazam|Seismic Toss|p2a: Exeggutor\n|-damage|p2a: Exeggutor|50/100 par\n|move|p2a: Exeggutor|Sleep Powder|p1a: Alakazam\n|-status|p1a: Alakazam|slp|[from] move: Sleep Powder\n|\n|upkeep\n|turn|4\n|\n|t:|1782354333\n|switch|p1a: Chansey|Chansey|100/100\n|switch|p2a: Tauros|Tauros|100/100\n|\n|upkeep\n|turn|5\n|\n|t:|1782354358\n|switch|p2a: Exeggutor|Exeggutor|50/100 par\n|move|p1a: Chansey|Seismic Toss|p2a: Exeggutor\n|-damage|p2a: Exeggutor|24/100 par\n|\n|upkeep\n|turn|6\n|\n|t:|1782354373\n|switch|p2a: Starmie|Starmie|100/100\n|move|p1a: Chansey|Seismic Toss|p2a: Starmie\n|-damage|p2a: Starmie|70/100\n|\n|upkeep\n|turn|7\n|\n|t:|1782354391\n|move|p2a: Starmie|Thunder Wave|p1a: Chansey\n|-status|p1a: Chansey|par\n|move|p1a: Chansey|Seismic Toss|p2a: Starmie\n|-damage|p2a: Starmie|39/100\n|\n|upkeep\n|turn|8\n|\n|t:|1782354402\n|switch|p1a: Exeggutor|Exeggutor|100/100\n|move|p2a: Starmie|Recover|p2a: Starmie\n|-heal|p2a: Starmie|88/100\n|\n|upkeep\n|turn|9\n|\n|t:|1782354414\n|move|p2a: Starmie|Thunder Wave|p1a: Exeggutor\n|-status|p1a: Exeggutor|par\n|move|p1a: Exeggutor|Sleep Powder|p2a: Starmie\n|-status|p2a: Starmie|slp|[from] move: Sleep Powder\n|\n|upkeep\n|turn|10\n|inactive|Deezcastforms has 270 seconds left.\n|\n|t:|1782354440\n|switch|p2a: Chansey|Chansey|100/100\n|switch|p1a: Snorlax|Snorlax|100/100\n|\n|upkeep\n|turn|11\n|inactive|Deezcastforms has 270 seconds left.\n|\n|t:|1782354451\n|switch|p2a: Snorlax|Snorlax|100/100\n|switch|p1a: Chansey|Chansey|100/100 par\n|\n|upkeep\n|turn|12\n|\n|t:|1782354456\n|move|p2a: Snorlax|Body Slam|p1a: Chansey\n|-damage|p1a: Chansey|62/100 par\n|move|p1a: Chansey|Reflect|p1a: Chansey\n|-start|p1a: Chansey|Reflect\n|\n|upkeep\n|turn|13\n|inactive|Deezcastforms has 270 seconds left.\n|\n|t:|1782354477\n|move|p2a: Snorlax|Body Slam|p1a: Chansey\n|-damage|p1a: Chansey|40/100 par\n|move|p1a: Chansey|Soft-Boiled|p1a: Chansey\n|-heal|p1a: Chansey|90/100 par\n|\n|upkeep\n|turn|14\n|inactive|Deezcastforms has 270 seconds left.\n|\n|t:|1782354498\n|move|p2a: Snorlax|Body Slam|p1a: Chansey\n|-damage|p1a: Chansey|68/100 par\n|cant|p1a: Chansey|par\n|\n|upkeep\n|turn|15\n|\n|t:|1782354512\n|switch|p2a: Exeggutor|Exeggutor|24/100 par\n|move|p1a: Chansey|Soft-Boiled|p1a: Chansey\n|-heal|p1a: Chansey|100/100 par\n|\n|upkeep\n|turn|16\n|\n|t:|1782354518\n|switch|p2a: Snorlax|Snorlax|100/100\n|move|p1a: Chansey|Seismic Toss|p2a: Snorlax\n|-damage|p2a: Snorlax|81/100\n|\n|upkeep\n|turn|17\n|\n|t:|1782354524\n|move|p2a: Snorlax|Body Slam|p1a: Chansey\n|-damage|p1a: Chansey|80/100 par\n|move|p1a: Chansey|Thunder Wave|p2a: Snorlax\n|-status|p2a: Snorlax|par\n|\n|upkeep\n|turn|18\n|\n|t:|1782354529\n|move|p1a: Chansey|Seismic Toss|p2a: Snorlax\n|-damage|p2a: Snorlax|62/100 par\n|move|p2a: Snorlax|Reflect|p2a: Snorlax\n|-start|p2a: Snorlax|Reflect\n|\n|upkeep\n|turn|19\n|\n|t:|1782354539\n|move|p1a: Chansey|Soft-Boiled|p1a: Chansey\n|-heal|p1a: Chansey|100/100 par\n|move|p2a: Snorlax|Rest|p2a: Snorlax\n|-status|p2a: Snorlax|slp|[from] move: Rest\n|-heal|p2a: Snorlax|100/100 slp|[silent]\n|\n|upkeep\n|turn|20\n|\n|t:|1782354545\n|move|p1a: Chansey|Seismic Toss|p2a: Snorlax\n|-damage|p2a: Snorlax|81/100 slp\n|cant|p2a: Snorlax|slp\n|\n|upkeep\n|turn|21\n|\n|t:|1782354553\n|move|p1a: Chansey|Seismic Toss|p2a: Snorlax\n|-damage|p2a: Snorlax|62/100 slp\n|-curestatus|p2a: Snorlax|slp|[msg]\n|\n|upkeep\n|turn|22\n|\n|t:|1782354557\n|move|p1a: Chansey|Thunder Wave|p2a: Snorlax\n|-status|p2a: Snorlax|par\n|move|p2a: Snorlax|Body Slam|p1a: Chansey\n|-damage|p1a: Chansey|80/100 par\n|\n|upkeep\n|turn|23\n|\n|t:|1782354566\n|switch|p1a: Exeggutor|Exeggutor|100/100 par\n|move|p2a: Snorlax|Body Slam|p1a: Exeggutor\n|-damage|p1a: Exeggutor|72/100 par\n|\n|upkeep\n|turn|24\n|\n|t:|1782354590\n|switch|p2a: Chansey|Chansey|100/100\n|cant|p1a: Exeggutor|par\n|\n|upkeep\n|turn|25\n|\n|t:|1782354598\n|switch|p2a: Exeggutor|Exeggutor|24/100 par\n|switch|p1a: Chansey|Chansey|80/100 par\n|\n|upkeep\n|turn|26\n|\n|t:|1782354604\n|switch|p1a: Alakazam|Alakazam|100/100 slp\n|move|p2a: Exeggutor|Explosion|p1a: Alakazam\n|-damage|p1a: Alakazam|0 fnt\n|faint|p1a: Alakazam\n|faint|p2a: Exeggutor\n|inactive|Deezcastforms has 270 seconds left.\n|\n|t:|1782354641\n|switch|p1a: Snorlax|Snorlax|100/100\n|switch|p2a: Chansey|Chansey|100/100\n|turn|27\n|\n|t:|1782354646\n|switch|p1a: Chansey|Chansey|80/100 par\n|move|p2a: Chansey|Sing|p1a: Chansey|[miss]\n|-miss|p2a: Chansey\n|\n|upkeep\n|turn|28\n|inactive|Deezcastforms has 270 seconds left.\n|inactive|Deezcastforms has 240 seconds left.\n|\n|t:|1782354699\n|switch|p2a: Snorlax|Snorlax|62/100 par\n|move|p1a: Chansey|Reflect|p1a: Chansey\n|-start|p1a: Chansey|Reflect\n|\n|upkeep\n|turn|29\n|inactive|Deezcastforms has 240 seconds left.\n|\n|t:|1782354706\n|move|p1a: Chansey|Seismic Toss|p2a: Snorlax\n|-damage|p2a: Snorlax|43/100 par\n|move|p2a: Snorlax|Rest|p2a: Snorlax\n|-status|p2a: Snorlax|slp|[from] move: Rest\n|-heal|p2a: Snorlax|100/100 slp|[silent]\n|\n|upkeep\n|turn|30\n|inactive|Deezcastforms has 240 seconds left.\n|inactive|Acetylaldehyde has 270 seconds left.\n|inactive|Acetylaldehyde has 240 seconds left.\n|inactive|Acetylaldehyde has 210 seconds left.\n|inactive|Acetylaldehyde has 180 seconds left.\n|\n|t:|1782354838\n|move|p1a: Chansey|Seismic Toss|p2a: Snorlax\n|-damage|p2a: Snorlax|81/100 slp\n|cant|p2a: Snorlax|slp\n|\n|upkeep\n|turn|31\n|\n|t:|1782354843\n|move|p1a: Chansey|Seismic Toss|p2a: Snorlax\n|-damage|p2a: Snorlax|62/100 slp\n|-curestatus|p2a: Snorlax|slp|[msg]\n|\n|upkeep\n|turn|32\n|\n|t:|1782354860\n|move|p1a: Chansey|Thunder Wave|p2a: Snorlax\n|-status|p2a: Snorlax|par\n|move|p2a: Snorlax|Reflect|p2a: Snorlax\n|-start|p2a: Snorlax|Reflect\n|\n|upkeep\n|turn|33\n|\n|t:|1782354869\n|move|p1a: Chansey|Soft-Boiled|p1a: Chansey\n|-heal|p1a: Chansey|100/100 par\n|move|p2a: Snorlax|Rest|p2a: Snorlax\n|-status|p2a: Snorlax|slp|[from] move: Rest\n|-heal|p2a: Snorlax|100/100 slp|[silent]\n|\n|upkeep\n|turn|34\n|\n|t:|1782354877\n|switch|p1a: Zapdos|Zapdos|100/100\n|cant|p2a: Snorlax|slp\n|\n|upkeep\n|turn|35\n|\n|t:|1782354883\n|switch|p1a: Tauros|Tauros|100/100\n|switch|p2a: Rhydon|Rhydon|100/100\n|\n|upkeep\n|turn|36\n|inactive|Deezcastforms has 270 seconds left.\n|inactive|Deezcastforms has 240 seconds left.\n|inactive|Deezcastforms has 210 seconds left.\n|inactive|Deezcastforms has 180 seconds left.\n|inactive|Deezcastforms has 150 seconds left.\n|\n|t:|1782355025\n|switch|p2a: Chansey|Chansey|100/100\n|move|p1a: Tauros|Body Slam|p2a: Chansey\n|-damage|p2a: Chansey|61/100\n|\n|upkeep\n|turn|37\n|inactive|Deezcastforms has 120 seconds left.\n|inactive|Deezcastforms has 90 seconds left.\n|\n|t:|1782355083\n|move|p1a: Tauros|Hyper Beam|p2a: Chansey\n|-damage|p2a: Chansey|0 fnt\n|faint|p2a: Chansey\n|inactive|Deezcastforms has 90 seconds left.\n|\n|t:|1782355099\n|switch|p2a: Tauros|Tauros|100/100\n|turn|38\n|\n|t:|1782355103\n|switch|p1a: Snorlax|Snorlax|100/100\n|move|p2a: Tauros|Body Slam|p1a: Snorlax\n|-damage|p1a: Snorlax|74/100\n|\n|upkeep\n|turn|39\n|inactive|Acetylaldehyde has 240 seconds left.\n|inactive|Deezcastforms has 90 seconds left.\n|inactive|Deezcastforms has 60 seconds left.\n|\n|t:|1782355162\n|move|p2a: Tauros|Blizzard|p1a: Snorlax\n|-damage|p1a: Snorlax|54/100\n|move|p1a: Snorlax|Body Slam|p2a: Tauros\n|-damage|p2a: Tauros|68/100\n|\n|upkeep\n|turn|40\n|\n|t:|1782355170\n|switch|p2a: Rhydon|Rhydon|100/100\n|move|p1a: Snorlax|Body Slam|p2a: Rhydon\n|-resisted|p2a: Rhydon\n|-damage|p2a: Rhydon|88/100\n|-status|p2a: Rhydon|par\n|\n|upkeep\n|turn|41\n|\n|t:|1782355177\n|move|p1a: Snorlax|Earthquake|p2a: Rhydon\n|-supereffective|p2a: Rhydon\n|-damage|p2a: Rhydon|52/100 par\n|cant|p2a: Rhydon|par\n|\n|upkeep\n|turn|42\n|inactive|Deezcastforms has 60 seconds left.\n|\n|t:|1782355196\n|switch|p2a: Snorlax|Snorlax|100/100 slp\n|move|p1a: Snorlax|Earthquake|p2a: Snorlax\n|-damage|p2a: Snorlax|79/100 slp\n|\n|upkeep\n|turn|43\n|\n|t:|1782355204\n|-curestatus|p2a: Snorlax|slp|[msg]\n|move|p1a: Snorlax|Body Slam|p2a: Snorlax\n|-damage|p2a: Snorlax|53/100\n|\n|upkeep\n|turn|44\n|inactive|Acetylaldehyde has 270 seconds left.\n|inactive|Deezcastforms has 60 seconds left.\n|\n|t:|1782355224\n|move|p2a: Snorlax|Reflect|p2a: Snorlax\n|-start|p2a: Snorlax|Reflect\n|move|p1a: Snorlax|Body Slam|p2a: Snorlax\n|-damage|p2a: Snorlax|39/100\n|\n|upkeep\n|turn|45\n|\n|t:|1782355233\n|switch|p1a: Zapdos|Zapdos|100/100\n|move|p2a: Snorlax|Rest|p2a: Snorlax\n|-status|p2a: Snorlax|slp|[from] move: Rest\n|-heal|p2a: Snorlax|100/100 slp|[silent]\n|\n|upkeep\n|turn|46\n|\n|t:|1782355239\n|move|p1a: Zapdos|Thunderbolt|p2a: Snorlax\n|-damage|p2a: Snorlax|68/100 slp\n|cant|p2a: Snorlax|slp\n|\n|upkeep\n|turn|47\n|inactive|Acetylaldehyde has 270 seconds left.\n|\n|t:|1782355270\n|move|p1a: Zapdos|Thunderbolt|p2a: Snorlax\n|-damage|p2a: Snorlax|35/100 slp\n|-curestatus|p2a: Snorlax|slp|[msg]\n|\n|upkeep\n|turn|48\n|\n|t:|1782355296\n|move|p1a: Zapdos|Thunderbolt|p2a: Snorlax\n|-damage|p2a: Snorlax|4/100\n|move|p2a: Snorlax|Body Slam|p1a: Zapdos\n|-damage|p1a: Zapdos|71/100\n|\n|upkeep\n|turn|49\n|inactive|Deezcastforms has 60 seconds left.\n|\n|t:|1782355317\n|switch|p2a: Rhydon|Rhydon|52/100 par\n|move|p1a: Zapdos|Drill Peck|p2a: Rhydon\n|-resisted|p2a: Rhydon\n|-damage|p2a: Rhydon|43/100 par\n|\n|upkeep\n|turn|50\n|inactive|Deezcastforms has 60 seconds left.\n|\n|t:|1782355326\n|switch|p2a: Tauros|Tauros|68/100\n|move|p1a: Zapdos|Drill Peck|p2a: Tauros\n|-damage|p2a: Tauros|41/100\n|\n|upkeep\n|turn|51\n|inactive|Deezcastforms has 60 seconds left.\n|\n|t:|1782355344\n|move|p2a: Tauros|Blizzard|p1a: Zapdos\n|-supereffective|p1a: Zapdos\n|-damage|p1a: Zapdos|35/100\n|move|p1a: Zapdos|Thunderbolt|p2a: Tauros\n|-damage|p2a: Tauros|0 fnt\n|faint|p2a: Tauros\n|\n|t:|1782355356\n|switch|p2a: Rhydon|Rhydon|43/100 par\n|turn|52\n|\n|t:|1782355359\n|move|p1a: Zapdos|Drill Peck|p2a: Rhydon\n|-resisted|p2a: Rhydon\n|-damage|p2a: Rhydon|34/100 par\n|move|p2a: Rhydon|Substitute|p2a: Rhydon\n|-start|p2a: Rhydon|Substitute\n|-damage|p2a: Rhydon|9/100 par\n|\n|upkeep\n|turn|53\n|\n|t:|1782355364\n|move|p1a: Zapdos|Drill Peck|p2a: Rhydon\n|-resisted|p2a: Rhydon\n|-activate|p2a: Rhydon|Substitute|[damage]\n|cant|p2a: Rhydon|par\n|\n|upkeep\n|turn|54\n|\n|t:|1782355369\n|move|p1a: Zapdos|Drill Peck|p2a: Rhydon\n|-resisted|p2a: Rhydon\n|-activate|p2a: Rhydon|Substitute|[damage]\n|move|p2a: Rhydon|Rock Slide|p1a: Zapdos\n|-supereffective|p1a: Zapdos\n|-damage|p1a: Zapdos|0 fnt\n|faint|p1a: Zapdos\n|\n|t:|1782355379\n|switch|p1a: Tauros|Tauros|100/100\n|turn|55\n|\n|t:|1782355383\n|move|p1a: Tauros|Earthquake|p2a: Rhydon\n|-supereffective|p2a: Rhydon\n|-end|p2a: Rhydon|Substitute\n|cant|p2a: Rhydon|par\n|\n|upkeep\n|turn|56\n|\n|t:|1782355388\n|move|p1a: Tauros|Body Slam|p2a: Rhydon\n|-resisted|p2a: Rhydon\n|-damage|p2a: Rhydon|0 fnt\n|faint|p2a: Rhydon\n|\n|t:|1782355389\n|switch|p2a: Starmie|Starmie|88/100 slp\n|turn|57\n|\n|t:|1782355393\n|cant|p2a: Starmie|slp\n|move|p1a: Tauros|Body Slam|p2a: Starmie\n|-crit|p2a: Starmie\n|-damage|p2a: Starmie|17/100 slp\n|\n|upkeep\n|turn|58\n|-message|Deezcastforms forfeited.\n|\n|win|Acetylaldehyde\n|player|p2|\n|player|p2|Deezcastforms|#adpl8|\n|c|☆Acetylaldehyde|gg\n","uploadtime":1782355401,"views":"69","formatid":"gen1ou","rating":null,"private":0,"password":null}