{"id":"smogtours-gen1ou-824057","format":"[Gen 1] OU","players":["shiloh","WarumFelix"],"log":"|inactive|Battle timer is ON: inactive players will automatically lose when time's up.\n|t:|1741532567\n|gametype|singles\n|player|p1|shiloh|#splxvitigers2|\n|player|p2|WarumFelix|lucas|\n|teamsize|p1|6\n|teamsize|p2|6\n|gen|1\n|tier|[Gen 1] OU\n|rule|Desync Clause Mod: Desyncs changed to move failure.\n|rule|Sleep Clause Mod: Limit one foe put to sleep\n|rule|Freeze Clause Mod: Limit one foe frozen\n|rule|Species Clause: Limit one of each Pokémon\n|rule|OHKO Clause: OHKO moves are banned\n|rule|Evasion Moves Clause: Evasion moves are banned\n|rule|Endless Battle Clause: Forcing endless battles is banned\n|rule|HP Percentage Mod: HP is shown in percentages\n|\n|t:|1741532567\n|start\n|switch|p1a: DEVOTION|Jolteon|100/100\n|switch|p2a: Gengar|Gengar|100/100\n|turn|1\n|c|☆WarumFelix|glhf\n|inactive|WarumFelix has 270 seconds left.\n|\n|t:|1741532614\n|move|p1a: DEVOTION|Thunder Wave|p2a: Gengar\n|-status|p2a: Gengar|par\n|move|p2a: Gengar|Hypnosis|p1a: DEVOTION|[miss]\n|-miss|p2a: Gengar\n|\n|upkeep\n|turn|2\n|\n|t:|1741532628\n|switch|p2a: Chansey|Chansey|100/100\n|move|p1a: DEVOTION|Thunderbolt|p2a: Chansey\n|-damage|p2a: Chansey|85/100\n|\n|upkeep\n|turn|3\n|\n|t:|1741532640\n|move|p1a: DEVOTION|Thunder Wave|p2a: Chansey\n|-status|p2a: Chansey|par\n|move|p2a: Chansey|Thunder Wave|p1a: DEVOTION\n|-status|p1a: DEVOTION|par\n|\n|upkeep\n|turn|4\n|rated|Smogon Premier League\n|\n|t:|1741532647\n|switch|p2a: Exeggutor|Exeggutor|100/100\n|move|p1a: DEVOTION|Double Kick|p2a: Exeggutor\n|-resisted|p2a: Exeggutor\n|-damage|p2a: Exeggutor|98/100\n|-damage|p2a: Exeggutor|95/100\n|-hitcount|p2a: Exeggutor|2\n|\n|upkeep\n|turn|5\n|\n|t:|1741532649\n|move|p2a: Exeggutor|Psychic|p1a: DEVOTION\n|-damage|p1a: DEVOTION|66/100 par\n|cant|p1a: DEVOTION|par\n|\n|upkeep\n|turn|6\n|inactive|WarumFelix has 270 seconds left.\n|\n|t:|1741532688\n|move|p2a: Exeggutor|Psychic|p1a: DEVOTION\n|-damage|p1a: DEVOTION|29/100 par\n|move|p1a: DEVOTION|Thunder Wave|p2a: Exeggutor\n|-status|p2a: Exeggutor|par\n|\n|upkeep\n|turn|7\n|inactive|WarumFelix has 270 seconds left.\n|\n|t:|1741532699\n|switch|p2a: Snorlax|Snorlax|100/100\n|move|p1a: DEVOTION|Pin Missile|p2a: Snorlax\n|-crit|p2a: Snorlax\n|-damage|p2a: Snorlax|96/100\n|-damage|p2a: Snorlax|92/100\n|-hitcount|p2a: Snorlax|2\n|\n|upkeep\n|turn|8\n|inactive|WarumFelix has 270 seconds left.\n|\n|t:|1741532732\n|switch|p1a: KORAVELLIUM AVAST|Exeggutor|100/100\n|move|p2a: Snorlax|Body Slam|p1a: KORAVELLIUM AVAST\n|-damage|p1a: KORAVELLIUM AVAST|70/100\n|\n|upkeep\n|turn|9\n|\n|t:|1741532737\n|switch|p2a: Exeggutor|Exeggutor|95/100 par\n|move|p1a: KORAVELLIUM AVAST|Psychic|p2a: Exeggutor\n|-resisted|p2a: Exeggutor\n|-damage|p2a: Exeggutor|83/100 par\n|\n|upkeep\n|turn|10\n|inactive|WarumFelix has 240 seconds left.\n|\n|t:|1741532765\n|move|p1a: KORAVELLIUM AVAST|Psychic|p2a: Exeggutor\n|-resisted|p2a: Exeggutor\n|-damage|p2a: Exeggutor|69/100 par\n|cant|p2a: Exeggutor|par\n|\n|upkeep\n|turn|11\n|\n|t:|1741532772\n|switch|p1a: DEVOTION|Jolteon|29/100 par\n|move|p2a: Exeggutor|Psychic|p1a: DEVOTION\n|-damage|p1a: DEVOTION|0 fnt\n|faint|p1a: DEVOTION\n|inactive|shiloh has 270 seconds left.\n|\n|t:|1741532806\n|switch|p1a: RETRIBUTION|Snorlax|100/100\n|turn|12\n|inactive|WarumFelix has 240 seconds left.\n|inactive|WarumFelix has 210 seconds left.\n|inactive|WarumFelix has 180 seconds left.\n|\n|t:|1741532891\n|switch|p2a: Gengar|Gengar|100/100 par\n|move|p1a: RETRIBUTION|Body Slam|p2a: Gengar\n|-immune|p2a: Gengar\n|\n|upkeep\n|turn|13\n|\n|t:|1741532897\n|switch|p2a: Zapdos|Zapdos|100/100\n|move|p1a: RETRIBUTION|Body Slam|p2a: Zapdos\n|-damage|p2a: Zapdos|69/100\n|\n|upkeep\n|turn|14\n|\n|t:|1741532908\n|move|p2a: Zapdos|Thunder Wave|p1a: RETRIBUTION\n|-status|p1a: RETRIBUTION|par\n|move|p1a: RETRIBUTION|Body Slam|p2a: Zapdos\n|-damage|p2a: Zapdos|36/100\n|-status|p2a: Zapdos|par\n|\n|upkeep\n|turn|15\n|\n|t:|1741532921\n|move|p2a: Zapdos|Thunderbolt|p1a: RETRIBUTION\n|-crit|p1a: RETRIBUTION\n|-damage|p1a: RETRIBUTION|42/100 par\n|move|p1a: RETRIBUTION|Hyper Beam|p2a: Zapdos\n|-damage|p2a: Zapdos|0 fnt\n|faint|p2a: Zapdos\n|\n|t:|1741532935\n|switch|p2a: Tauros|Tauros|100/100\n|turn|16\n|inactive|WarumFelix has 180 seconds left.\n|\n|t:|1741532985\n|switch|p1a: RUIN|Gengar|100/100\n|move|p2a: Tauros|Body Slam|p1a: RUIN\n|-immune|p1a: RUIN\n|\n|upkeep\n|turn|17\n|inactive|WarumFelix has 150 seconds left.\n|inactive|WarumFelix has 120 seconds left.\n|\n|t:|1741533033\n|switch|p2a: Exeggutor|Exeggutor|69/100 par\n|move|p1a: RUIN|Hypnosis|p2a: Exeggutor\n|-fail|p2a: Exeggutor\n|\n|upkeep\n|turn|18\n|\n|t:|1741533039\n|move|p1a: RUIN|Night Shade|p2a: Exeggutor\n|-damage|p2a: Exeggutor|43/100 par\n|move|p2a: Exeggutor|Psychic|p1a: RUIN\n|-supereffective|p1a: RUIN\n|-damage|p1a: RUIN|36/100\n|-unboost|p1a: RUIN|spa|1\n|-unboost|p1a: RUIN|spd|1\n|\n|upkeep\n|turn|19\n|inactive|WarumFelix has 120 seconds left.\n|\n|t:|1741533063\n|switch|p1a: KORAVELLIUM AVAST|Exeggutor|70/100\n|move|p2a: Exeggutor|Psychic|p1a: KORAVELLIUM AVAST\n|-resisted|p1a: KORAVELLIUM AVAST\n|-damage|p1a: KORAVELLIUM AVAST|57/100\n|-unboost|p1a: KORAVELLIUM AVAST|spa|1\n|-unboost|p1a: KORAVELLIUM AVAST|spd|1\n|\n|upkeep\n|turn|20\n|\n|t:|1741533069\n|move|p1a: KORAVELLIUM AVAST|Psychic|p2a: Exeggutor\n|-crit|p2a: Exeggutor\n|-resisted|p2a: Exeggutor\n|-damage|p2a: Exeggutor|18/100 par\n|-unboost|p2a: Exeggutor|spa|1\n|-unboost|p2a: Exeggutor|spd|1\n|move|p2a: Exeggutor|Rest|p2a: Exeggutor\n|-status|p2a: Exeggutor|slp|[from] move: Rest\n|-heal|p2a: Exeggutor|100/100 slp|[silent]\n|\n|upkeep\n|turn|21\n|inactive|WarumFelix has 120 seconds left.\n|\n|t:|1741533107\n|switch|p1a: RETRIBUTION|Snorlax|42/100 par\n|cant|p2a: Exeggutor|slp\n|\n|upkeep\n|turn|22\n|\n|t:|1741533114\n|switch|p2a: Gengar|Gengar|100/100 par\n|move|p1a: RETRIBUTION|Earthquake|p2a: Gengar\n|-supereffective|p2a: Gengar\n|-damage|p2a: Gengar|31/100 par\n|\n|upkeep\n|turn|23\n|inactive|WarumFelix has 90 seconds left.\n|\n|t:|1741533152\n|move|p2a: Gengar|Explosion|p1a: RETRIBUTION\n|-damage|p1a: RETRIBUTION|0 fnt\n|faint|p1a: RETRIBUTION\n|faint|p2a: Gengar\n|inactive|WarumFelix has 60 seconds left.\n|\n|t:|1741533189\n|switch|p2a: Chansey|Chansey|85/100 par\n|switch|p1a: KORAVELLIUM AVAST|Exeggutor|57/100\n|turn|24\n|inactive|WarumFelix has 60 seconds left.\n|\n|t:|1741533203\n|switch|p2a: Exeggutor|Exeggutor|100/100 slp\n|move|p1a: KORAVELLIUM AVAST|Explosion|p2a: Exeggutor\n|-damage|p2a: Exeggutor|29/100 slp\n|faint|p1a: KORAVELLIUM AVAST\n|\n|t:|1741533209\n|switch|p1a: STORMBLESSED|Tauros|100/100\n|turn|25\n|\n|t:|1741533215\n|move|p1a: STORMBLESSED|Body Slam|p2a: Exeggutor\n|-crit|p2a: Exeggutor\n|-damage|p2a: Exeggutor|0 fnt\n|faint|p2a: Exeggutor\n|\n|t:|1741533224\n|switch|p2a: Tauros|Tauros|100/100\n|turn|26\n|\n|t:|1741533226\n|move|p2a: Tauros|Body Slam|p1a: STORMBLESSED\n|-crit|p1a: STORMBLESSED\n|-damage|p1a: STORMBLESSED|46/100\n|move|p1a: STORMBLESSED|Body Slam|p2a: Tauros\n|-crit|p2a: Tauros\n|-damage|p2a: Tauros|42/100\n|\n|upkeep\n|turn|27\n|\n|t:|1741533254\n|move|p2a: Tauros|Hyper Beam|p1a: STORMBLESSED|[miss]\n|-miss|p2a: Tauros\n|move|p1a: STORMBLESSED|Body Slam|p2a: Tauros\n|-damage|p2a: Tauros|14/100\n|\n|upkeep\n|turn|28\n|inactive|WarumFelix has 60 seconds left.\n|\n|t:|1741533282\n|move|p2a: Tauros|Hyper Beam|p1a: STORMBLESSED\n|-damage|p1a: STORMBLESSED|0 fnt\n|faint|p1a: STORMBLESSED\n|\n|t:|1741533286\n|switch|p1a: REASON|Alakazam|100/100\n|turn|29\n|inactive|WarumFelix has 60 seconds left.\n|\n|t:|1741533318\n|switch|p2a: Chansey|Chansey|85/100 par\n|move|p1a: REASON|Psychic|p2a: Chansey\n|-damage|p2a: Chansey|66/100 par\n|\n|upkeep\n|turn|30\n|\n|t:|1741533325\n|move|p1a: REASON|Psychic|p2a: Chansey|[miss]\n|-miss|p1a: REASON\n|-hint|In Gen 1, moves with 100% accuracy can still miss 1/256 of the time.\n|move|p2a: Chansey|Thunder Wave|p1a: REASON\n|-status|p1a: REASON|par\n|\n|upkeep\n|turn|31\n|\n|t:|1741533330\n|move|p1a: REASON|Psychic|p2a: Chansey\n|-damage|p2a: Chansey|49/100 par\n|move|p2a: Chansey|Soft-Boiled|p2a: Chansey\n|-heal|p2a: Chansey|99/100 par\n|\n|upkeep\n|turn|32\n|\n|t:|1741533332\n|move|p1a: REASON|Psychic|p2a: Chansey\n|-damage|p2a: Chansey|81/100 par\n|move|p2a: Chansey|Seismic Toss|p1a: REASON\n|-damage|p1a: REASON|69/100 par\n|\n|upkeep\n|turn|33\n|\n|t:|1741533336\n|move|p1a: REASON|Recover|p1a: REASON\n|-heal|p1a: REASON|100/100 par\n|move|p2a: Chansey|Seismic Toss|p1a: REASON\n|-damage|p1a: REASON|69/100 par\n|\n|upkeep\n|turn|34\n|\n|t:|1741533338\n|move|p1a: REASON|Psychic|p2a: Chansey\n|-damage|p2a: Chansey|62/100 par\n|-unboost|p2a: Chansey|spa|1\n|-unboost|p2a: Chansey|spd|1\n|move|p2a: Chansey|Seismic Toss|p1a: REASON\n|-damage|p1a: REASON|37/100 par\n|\n|upkeep\n|turn|35\n|\n|t:|1741533340\n|switch|p2a: Snorlax|Snorlax|92/100\n|move|p1a: REASON|Recover|p1a: REASON\n|-heal|p1a: REASON|86/100 par\n|\n|upkeep\n|turn|36\n|\n|t:|1741533343\n|switch|p1a: RUIN|Gengar|36/100\n|move|p2a: Snorlax|Earthquake|p1a: RUIN\n|-supereffective|p1a: RUIN\n|-damage|p1a: RUIN|0 fnt\n|faint|p1a: RUIN\n|c|☆shiloh|gg\n|-message|shiloh forfeited.\n|\n|win|WarumFelix\n","uploadtime":1741533347,"views":"1732","formatid":"gen1ou","rating":null,"private":0,"password":null}