{"id":"smogtours-gen1ou-831138","format":"[Gen 1] OU","players":["Kaz","shiloh"],"log":"|inactive|Battle timer is ON: inactive players will automatically lose when time's up.\n|t:|1743960957\n|gametype|singles\n|player|p1|Kaz|#splxviclassiest2|\n|player|p2|shiloh|#splxvitigers2|\n|teamsize|p1|6\n|teamsize|p2|6\n|gen|1\n|tier|[Gen 1] OU\n|rule|Desync Clause Mod: Desyncs changed to move failure.\n|rule|Sleep Clause Mod: Limit one foe put to sleep\n|rule|Freeze Clause Mod: Limit one foe frozen\n|rule|Species Clause: Limit one of each Pokémon\n|rule|OHKO Clause: OHKO moves are banned\n|rule|Evasion Moves Clause: Evasion moves are banned\n|rule|Endless Battle Clause: Forcing endless battles is banned\n|rule|HP Percentage Mod: HP is shown in percentages\n|\n|t:|1743960957\n|start\n|switch|p1a: Starmie|Starmie|100/100\n|switch|p2a: 21-68|Gengar|100/100\n|turn|1\n|rated|Smogon Premier League\n|\n|t:|1743960980\n|switch|p2a: 64-448 / 27-192|Chansey|100/100\n|move|p1a: Starmie|Thunder Wave|p2a: 64-448 / 27-192\n|-status|p2a: 64-448 / 27-192|par\n|\n|upkeep\n|turn|2\n|\n|t:|1743961007\n|switch|p1a: Exeggutor|Exeggutor|100/100\n|move|p2a: 64-448 / 27-192|Ice Beam|p1a: Exeggutor\n|-supereffective|p1a: Exeggutor\n|-damage|p1a: Exeggutor|68/100\n|\n|upkeep\n|turn|3\n|\n|t:|1743961017\n|switch|p1a: Snorlax|Snorlax|100/100\n|move|p2a: 64-448 / 27-192|Ice Beam|p1a: Snorlax\n|-damage|p1a: Snorlax|83/100\n|\n|upkeep\n|turn|4\n|\n|t:|1743961025\n|switch|p2a: 35-138|Exeggutor|100/100\n|move|p1a: Snorlax|Body Slam|p2a: 35-138\n|-damage|p2a: 35-138|71/100\n|\n|upkeep\n|turn|5\n|\n|t:|1743961031\n|switch|p1a: Exeggutor|Exeggutor|68/100\n|move|p2a: 35-138|Sleep Powder|p1a: Exeggutor\n|-status|p1a: Exeggutor|slp|[from] move: Sleep Powder\n|\n|upkeep\n|turn|6\n|\n|t:|1743961040\n|switch|p2a: 28-98 STORMBLESSED|Tauros|100/100\n|cant|p1a: Exeggutor|slp\n|\n|upkeep\n|turn|7\n|\n|t:|1743961042\n|switch|p1a: Starmie|Starmie|100/100\n|move|p2a: 28-98 STORMBLESSED|Body Slam|p1a: Starmie\n|-damage|p1a: Starmie|66/100\n|-status|p1a: Starmie|par\n|\n|upkeep\n|turn|8\n|\n|t:|1743961047\n|switch|p2a: 64-448 / 27-192|Chansey|100/100 par\n|move|p1a: Starmie|Recover|p1a: Starmie\n|-heal|p1a: Starmie|100/100 par\n|\n|upkeep\n|turn|9\n|\n|t:|1743961052\n|switch|p1a: Snorlax|Snorlax|83/100\n|move|p2a: 64-448 / 27-192|Thunderbolt|p1a: Snorlax\n|-damage|p1a: Snorlax|64/100\n|\n|upkeep\n|turn|10\n|\n|t:|1743961055\n|switch|p2a: 51-268 / 2-12|Snorlax|100/100\n|move|p1a: Snorlax|Body Slam|p2a: 51-268 / 2-12\n|-damage|p2a: 51-268 / 2-12|72/100\n|\n|upkeep\n|turn|11\n|\n|t:|1743961058\n|move|p2a: 51-268 / 2-12|Body Slam|p1a: Snorlax\n|-damage|p1a: Snorlax|38/100\n|move|p1a: Snorlax|Reflect|p1a: Snorlax\n|-start|p1a: Snorlax|Reflect\n|\n|upkeep\n|turn|12\n|\n|t:|1743961064\n|switch|p2a: 21-68|Gengar|100/100\n|move|p1a: Snorlax|Body Slam|p2a: 21-68\n|-immune|p2a: 21-68\n|\n|upkeep\n|turn|13\n|\n|t:|1743961067\n|move|p2a: 21-68|Psychic|p1a: Snorlax\n|-damage|p1a: Snorlax|16/100\n|move|p1a: Snorlax|Rest|p1a: Snorlax\n|-status|p1a: Snorlax|slp|[from] move: Rest\n|-heal|p1a: Snorlax|100/100 slp|[silent]\n|\n|upkeep\n|turn|14\n|\n|t:|1743961089\n|move|p2a: 21-68|Psychic|p1a: Snorlax\n|-crit|p1a: Snorlax\n|-damage|p1a: Snorlax|58/100 slp\n|-unboost|p1a: Snorlax|spa|1\n|-unboost|p1a: Snorlax|spd|1\n|cant|p1a: Snorlax|slp\n|\n|upkeep\n|turn|15\n|\n|t:|1743961094\n|switch|p1a: Chansey|Chansey|100/100\n|move|p2a: 21-68|Psychic|p1a: Chansey\n|-damage|p1a: Chansey|89/100\n|\n|upkeep\n|turn|16\n|\n|t:|1743961105\n|switch|p2a: 64-448 / 27-192|Chansey|100/100 par\n|switch|p1a: Snorlax|Snorlax|58/100 slp\n|\n|upkeep\n|turn|17\n|inactive|shiloh has 270 seconds left.\n|inactive|shiloh has 240 seconds left.\n|\n|t:|1743961175\n|switch|p2a: 21-68|Gengar|100/100\n|-curestatus|p1a: Snorlax|slp|[msg]\n|\n|upkeep\n|turn|18\n|\n|t:|1743961181\n|switch|p2a: 35-138|Exeggutor|71/100\n|switch|p1a: Chansey|Chansey|89/100\n|\n|upkeep\n|turn|19\n|\n|t:|1743961186\n|switch|p2a: 64-448 / 27-192|Chansey|100/100 par\n|switch|p1a: Exeggutor|Exeggutor|68/100 slp\n|\n|upkeep\n|turn|20\n|\n|t:|1743961191\n|switch|p1a: Snorlax|Snorlax|58/100\n|cant|p2a: 64-448 / 27-192|par\n|\n|upkeep\n|turn|21\n|\n|t:|1743961197\n|switch|p2a: 21-68|Gengar|100/100\n|move|p1a: Snorlax|Body Slam|p2a: 21-68\n|-immune|p2a: 21-68\n|\n|upkeep\n|turn|22\n|\n|t:|1743961201\n|switch|p1a: Chansey|Chansey|89/100\n|move|p2a: 21-68|Psychic|p1a: Chansey\n|-damage|p1a: Chansey|77/100\n|-unboost|p1a: Chansey|spa|1\n|-unboost|p1a: Chansey|spd|1\n|\n|upkeep\n|turn|23\n|\n|t:|1743961209\n|switch|p2a: 64-448 / 27-192|Chansey|100/100 par\n|move|p1a: Chansey|Soft-Boiled|p1a: Chansey\n|-heal|p1a: Chansey|100/100\n|\n|upkeep\n|turn|24\n|\n|t:|1743961216\n|switch|p1a: Snorlax|Snorlax|58/100\n|move|p2a: 64-448 / 27-192|Thunder Wave|p1a: Snorlax\n|-status|p1a: Snorlax|par\n|\n|upkeep\n|turn|25\n|\n|t:|1743961221\n|move|p2a: 64-448 / 27-192|Ice Beam|p1a: Snorlax\n|-damage|p1a: Snorlax|41/100 par\n|cant|p1a: Snorlax|par\n|\n|upkeep\n|turn|26\n|\n|t:|1743961226\n|switch|p2a: 28-98 STORMBLESSED|Tauros|100/100\n|move|p1a: Snorlax|Rest|p1a: Snorlax\n|-status|p1a: Snorlax|slp|[from] move: Rest\n|-heal|p1a: Snorlax|100/100 slp|[silent]\n|\n|upkeep\n|turn|27\n|\n|t:|1743961230\n|move|p2a: 28-98 STORMBLESSED|Body Slam|p1a: Snorlax\n|-damage|p1a: Snorlax|75/100 slp\n|cant|p1a: Snorlax|slp\n|\n|upkeep\n|turn|28\n|\n|t:|1743961232\n|move|p2a: 28-98 STORMBLESSED|Body Slam|p1a: Snorlax\n|-damage|p1a: Snorlax|49/100 slp\n|-curestatus|p1a: Snorlax|slp|[msg]\n|\n|upkeep\n|turn|29\n|\n|t:|1743961234\n|switch|p2a: 21-68|Gengar|100/100\n|move|p1a: Snorlax|Body Slam|p2a: 21-68\n|-immune|p2a: 21-68\n|\n|upkeep\n|turn|30\n|\n|t:|1743961248\n|move|p2a: 21-68|Psychic|p1a: Snorlax\n|-damage|p1a: Snorlax|29/100\n|move|p1a: Snorlax|Rest|p1a: Snorlax\n|-status|p1a: Snorlax|slp|[from] move: Rest\n|-heal|p1a: Snorlax|100/100 slp|[silent]\n|\n|upkeep\n|turn|31\n|\n|t:|1743961255\n|switch|p2a: 28-98 STORMBLESSED|Tauros|100/100\n|cant|p1a: Snorlax|slp\n|\n|upkeep\n|turn|32\n|\n|t:|1743961257\n|move|p2a: 28-98 STORMBLESSED|Body Slam|p1a: Snorlax\n|-damage|p1a: Snorlax|76/100 slp\n|-curestatus|p1a: Snorlax|slp|[msg]\n|\n|upkeep\n|turn|33\n|\n|t:|1743961261\n|switch|p2a: 21-68|Gengar|100/100\n|switch|p1a: Rhydon|Rhydon|100/100\n|\n|upkeep\n|turn|34\n|\n|t:|1743961268\n|switch|p2a: 35-138|Exeggutor|71/100\n|move|p1a: Rhydon|Earthquake|p2a: 35-138\n|-resisted|p2a: 35-138\n|-damage|p2a: 35-138|51/100\n|\n|upkeep\n|turn|35\n|\n|t:|1743961280\n|switch|p1a: Starmie|Starmie|100/100 par\n|move|p2a: 35-138|Stun Spore|p1a: Starmie\n|-fail|p1a: Starmie|par\n|\n|upkeep\n|turn|36\n|inactive|Kaz has 270 seconds left.\n|inactive|shiloh has 270 seconds left.\n|\n|t:|1743961321\n|switch|p2a: 64-448 / 27-192|Chansey|100/100 par\n|move|p1a: Starmie|Blizzard|p2a: 64-448 / 27-192\n|-damage|p2a: 64-448 / 27-192|87/100 par\n|\n|upkeep\n|turn|37\n|\n|t:|1743961327\n|switch|p1a: Snorlax|Snorlax|76/100\n|move|p2a: 64-448 / 27-192|Thunder Wave|p1a: Snorlax\n|-status|p1a: Snorlax|par\n|\n|upkeep\n|turn|38\n|\n|t:|1743961332\n|switch|p2a: 21-68|Gengar|100/100\n|move|p1a: Snorlax|Body Slam|p2a: 21-68\n|-immune|p2a: 21-68\n|\n|upkeep\n|turn|39\n|\n|t:|1743961340\n|switch|p1a: Chansey|Chansey|100/100\n|move|p2a: 21-68|Psychic|p1a: Chansey\n|-damage|p1a: Chansey|88/100\n|\n|upkeep\n|turn|40\n|inactive|Kaz has 270 seconds left.\n|\n|t:|1743961361\n|switch|p2a: 64-448 / 27-192|Chansey|87/100 par\n|switch|p1a: Snorlax|Snorlax|76/100 par\n|\n|upkeep\n|turn|41\n|\n|t:|1743961365\n|switch|p2a: 21-68|Gengar|100/100\n|move|p1a: Snorlax|Rest|p1a: Snorlax\n|-status|p1a: Snorlax|slp|[from] move: Rest\n|-heal|p1a: Snorlax|100/100 slp|[silent]\n|\n|upkeep\n|turn|42\n|\n|t:|1743961369\n|move|p2a: 21-68|Psychic|p1a: Snorlax\n|-damage|p1a: Snorlax|80/100 slp\n|cant|p1a: Snorlax|slp\n|\n|upkeep\n|turn|43\n|\n|t:|1743961380\n|move|p2a: 21-68|Psychic|p1a: Snorlax\n|-damage|p1a: Snorlax|59/100 slp\n|-curestatus|p1a: Snorlax|slp|[msg]\n|\n|upkeep\n|turn|44\n|\n|t:|1743961388\n|switch|p1a: Chansey|Chansey|88/100\n|move|p2a: 21-68|Psychic|p1a: Chansey\n|-crit|p1a: Chansey\n|-damage|p1a: Chansey|67/100\n|\n|upkeep\n|turn|45\n|\n|t:|1743961407\n|switch|p2a: 64-448 / 27-192|Chansey|87/100 par\n|move|p1a: Chansey|Soft-Boiled|p1a: Chansey\n|-heal|p1a: Chansey|100/100\n|\n|upkeep\n|turn|46\n|\n|t:|1743961411\n|switch|p1a: Snorlax|Snorlax|59/100\n|move|p2a: 64-448 / 27-192|Ice Beam|p1a: Snorlax\n|-damage|p1a: Snorlax|41/100\n|\n|upkeep\n|turn|47\n|\n|t:|1743961422\n|switch|p1a: Rhydon|Rhydon|100/100\n|switch|p2a: 28-98 STORMBLESSED|Tauros|100/100\n|\n|upkeep\n|turn|48\n|\n|t:|1743961429\n|switch|p1a: Starmie|Starmie|100/100 par\n|move|p2a: 28-98 STORMBLESSED|Blizzard|p1a: Starmie\n|-resisted|p1a: Starmie\n|-damage|p1a: Starmie|89/100 par\n|\n|upkeep\n|turn|49\n|\n|t:|1743961436\n|switch|p2a: 64-448 / 27-192|Chansey|87/100 par\n|cant|p1a: Starmie|par\n|\n|upkeep\n|turn|50\n|\n|t:|1743961442\n|switch|p1a: Snorlax|Snorlax|41/100\n|move|p2a: 64-448 / 27-192|Thunder Wave|p1a: Snorlax\n|-status|p1a: Snorlax|par\n|\n|upkeep\n|turn|51\n|\n|t:|1743961446\n|switch|p2a: 28-98 STORMBLESSED|Tauros|100/100\n|cant|p1a: Snorlax|par\n|\n|upkeep\n|turn|52\n|\n|t:|1743961456\n|move|p2a: 28-98 STORMBLESSED|Body Slam|p1a: Snorlax\n|-damage|p1a: Snorlax|15/100 par\n|move|p1a: Snorlax|Hyper Beam|p2a: 28-98 STORMBLESSED\n|-damage|p2a: 28-98 STORMBLESSED|43/100\n|-mustrecharge|p1a: Snorlax\n|\n|upkeep\n|turn|53\n|\n|t:|1743961461\n|move|p2a: 28-98 STORMBLESSED|Body Slam|p1a: Snorlax\n|-crit|p1a: Snorlax\n|-damage|p1a: Snorlax|0 fnt\n|faint|p1a: Snorlax\n|\n|t:|1743961471\n|switch|p1a: Tauros|Tauros|100/100\n|turn|54\n|inactive|Kaz has 270 seconds left.\n|\n|t:|1743961527\n|switch|p2a: 21-68|Gengar|100/100\n|move|p1a: Tauros|Earthquake|p2a: 21-68\n|-supereffective|p2a: 21-68\n|-damage|p2a: 21-68|32/100\n|\n|upkeep\n|turn|55\n|inactive|Kaz has 240 seconds left.\n|inactive|shiloh has 270 seconds left.\n|inactive|Kaz has 210 seconds left.\n|\n|t:|1743961603\n|switch|p1a: Exeggutor|Exeggutor|68/100 slp\n|move|p2a: 21-68|Explosion|p1a: Exeggutor\n|-damage|p1a: Exeggutor|12/100 slp\n|faint|p2a: 21-68\n|inactive|shiloh has 240 seconds left.\n|\n|t:|1743961647\n|switch|p2a: 51-268 / 2-12|Snorlax|72/100\n|turn|56\n|inactive|Kaz has 180 seconds left.\n|inactive|Kaz has 150 seconds left.\n|inactive|Kaz has 120 seconds left.\n|\n|t:|1743961733\n|switch|p1a: Chansey|Chansey|100/100\n|move|p2a: 51-268 / 2-12|Body Slam|p1a: Chansey\n|-damage|p1a: Chansey|60/100\n|\n|upkeep\n|turn|57\n|\n|t:|1743961737\n|switch|p1a: Rhydon|Rhydon|100/100\n|switch|p2a: 64-448 / 27-192|Chansey|87/100 par\n|\n|upkeep\n|turn|58\n|\n|t:|1743961748\n|move|p1a: Rhydon|Earthquake|p2a: 64-448 / 27-192\n|-crit|p2a: 64-448 / 27-192\n|-damage|p2a: 64-448 / 27-192|0 fnt\n|faint|p2a: 64-448 / 27-192\n|inactive|shiloh has 240 seconds left.\n|\n|t:|1743961771\n|switch|p2a: 28-98 STORMBLESSED|Tauros|43/100\n|turn|59\n|inactive|Kaz has 120 seconds left.\n|\n|t:|1743961805\n|switch|p1a: Exeggutor|Exeggutor|12/100 slp\n|move|p2a: 28-98 STORMBLESSED|Body Slam|p1a: Exeggutor\n|-damage|p1a: Exeggutor|0 fnt\n|faint|p1a: Exeggutor\n|\n|t:|1743961811\n|switch|p1a: Tauros|Tauros|100/100\n|turn|60\n|\n|t:|1743961819\n|move|p2a: 28-98 STORMBLESSED|Body Slam|p1a: Tauros\n|-crit|p1a: Tauros\n|-damage|p1a: Tauros|48/100\n|move|p1a: Tauros|Body Slam|p2a: 28-98 STORMBLESSED\n|-damage|p2a: 28-98 STORMBLESSED|14/100\n|\n|upkeep\n|turn|61\n|inactive|Kaz has 120 seconds left.\n|inactive|shiloh has 240 seconds left.\n|\n|t:|1743961850\n|switch|p2a: 51-268 / 2-12|Snorlax|72/100\n|move|p1a: Tauros|Body Slam|p2a: 51-268 / 2-12\n|-damage|p2a: 51-268 / 2-12|45/100\n|\n|upkeep\n|turn|62\n|inactive|Kaz has 90 seconds left.\n|\n|t:|1743961872\n|switch|p1a: Rhydon|Rhydon|100/100\n|move|p2a: 51-268 / 2-12|Earthquake|p1a: Rhydon\n|-supereffective|p1a: Rhydon\n|-damage|p1a: Rhydon|67/100\n|\n|upkeep\n|turn|63\n|inactive|Kaz has 90 seconds left.\n|\n|t:|1743961882\n|switch|p2a: 35-138|Exeggutor|51/100\n|move|p1a: Rhydon|Earthquake|p2a: 35-138\n|-resisted|p2a: 35-138\n|-damage|p2a: 35-138|32/100\n|\n|upkeep\n|turn|64\n|inactive|Kaz has 90 seconds left.\n|\n|t:|1743961907\n|switch|p1a: Starmie|Starmie|89/100 par\n|move|p2a: 35-138|Psychic|p1a: Starmie\n|-crit|p1a: Starmie\n|-resisted|p1a: Starmie\n|-damage|p1a: Starmie|51/100 par\n|\n|upkeep\n|turn|65\n|inactive|shiloh has 240 seconds left.\n|inactive|Kaz has 60 seconds left.\n|\n|t:|1743961936\n|move|p2a: 35-138|Explosion|p1a: Starmie\n|-damage|p1a: Starmie|0 fnt\n|faint|p1a: Starmie\n|faint|p2a: 35-138\n|inactive|Kaz has 60 seconds left.\n|inactive|shiloh has 210 seconds left.\n|\n|t:|1743961969\n|switch|p2a: 51-268 / 2-12|Snorlax|45/100\n|switch|p1a: Tauros|Tauros|48/100\n|turn|66\n|inactive|shiloh has 210 seconds left.\n|inactive|Kaz has 30 seconds left.\n|\n|t:|1743962002\n|move|p1a: Tauros|Hyper Beam|p2a: 51-268 / 2-12\n|-damage|p2a: 51-268 / 2-12|0 fnt\n|faint|p2a: 51-268 / 2-12\n|inactive|Kaz has 30 seconds left this turn.\n|\n|t:|1743962008\n|switch|p2a: 28-98 STORMBLESSED|Tauros|14/100\n|turn|67\n|\n|t:|1743962027\n|move|p1a: Tauros|Body Slam|p2a: 28-98 STORMBLESSED\n|-crit|p2a: 28-98 STORMBLESSED\n|-damage|p2a: 28-98 STORMBLESSED|0 fnt\n|faint|p2a: 28-98 STORMBLESSED\n|\n|t:|1743962030\n|switch|p2a: 34-128|Zapdos|100/100\n|turn|68\n|c|☆shiloh|gg\n|\n|t:|1743962035\n|move|p1a: Tauros|Body Slam|p2a: 34-128\n|-damage|p2a: 34-128|73/100\n|move|p2a: 34-128|Thunderbolt|p1a: Tauros\n|-damage|p1a: Tauros|0 fnt\n|faint|p1a: Tauros\n|\n|t:|1743962042\n|switch|p1a: Chansey|Chansey|60/100\n|turn|69\n|\n|t:|1743962046\n|move|p2a: 34-128|Thunder Wave|p1a: Chansey\n|-status|p1a: Chansey|par\n|move|p1a: Chansey|Thunder Wave|p2a: 34-128\n|-status|p2a: 34-128|par\n|\n|upkeep\n|turn|70\n|\n|t:|1743962053\n|switch|p1a: Rhydon|Rhydon|67/100\n|cant|p2a: 34-128|par\n|\n|upkeep\n|turn|71\n|-message|shiloh forfeited.\n|\n|win|Kaz\n","uploadtime":1743962056,"views":"1735","formatid":"gen1ou","rating":null,"private":0,"password":null}