{"id":"smogtours-gen1ou-956226","format":"[Gen 1] OU","players":["Isza","shiloh"],"log":"|inactive|Battle timer is ON: inactive players will automatically lose when time's up.\n|t:|1784160034\n|gametype|singles\n|player|p1|Isza|#rbywc2024|\n|player|p2|shiloh|#rozes|\n|gen|1\n|tier|[Gen 1] OU\n|rule|Desync Clause Mod: Desyncs resolve to link battle behavior from the acting player's perspective.\n|rule|HP Percentage Mod: HP is shown in percentages\n|rule|Endless Battle Clause: Forcing endless battles is banned\n|rule|Sleep Clause Mod: Limit one foe put to sleep\n|rule|Freeze Clause Mod: Limit one foe frozen\n|rule|Species Clause: Limit one of each Pokémon\n|rule|OHKO Clause: OHKO moves are banned\n|rule|Evasion Moves Clause: Evasion moves are banned\n|\n|t:|1784160034\n|teamsize|p1|6\n|teamsize|p2|6\n|start\n|switch|p1a: Starmie|Starmie|100/100\n|switch|p2a: Chansey|Chansey|100/100\n|turn|1\n|inactive|shiloh also wants the timer to be on.\n|\n|t:|1784160063\n|move|p1a: Starmie|Blizzard|p2a: Chansey\n|-crit|p2a: Chansey\n|-damage|p2a: Chansey|75/100\n|move|p2a: Chansey|Sing|p1a: Starmie|[miss]\n|-miss|p2a: Chansey\n|\n|upkeep\n|turn|2\n|\n|t:|1784160068\n|move|p1a: Starmie|Blizzard|p2a: Chansey\n|-damage|p2a: Chansey|62/100\n|move|p2a: Chansey|Sing|p1a: Starmie|[miss]\n|-miss|p2a: Chansey\n|\n|upkeep\n|turn|3\n|\n|t:|1784160072\n|switch|p1a: Chansey|Chansey|100/100\n|move|p2a: Chansey|Sing|p1a: Chansey\n|-status|p1a: Chansey|slp|[from] move: Sing\n|\n|upkeep\n|turn|4\n|\n|t:|1784160077\n|switch|p1a: Exeggutor|Exeggutor|100/100\n|move|p2a: Chansey|Soft-Boiled|p2a: Chansey\n|-heal|p2a: Chansey|100/100\n|\n|upkeep\n|turn|5\n|\n|t:|1784160079\n|move|p1a: Exeggutor|Sleep Powder|p2a: Chansey\n|-status|p2a: Chansey|slp|[from] move: Sleep Powder\n|cant|p2a: Chansey|slp\n|\n|upkeep\n|turn|6\n|\n|t:|1784160081\n|move|p1a: Exeggutor|Psychic|p2a: Chansey\n|-damage|p2a: Chansey|84/100 slp\n|cant|p2a: Chansey|slp\n|\n|upkeep\n|turn|7\n|\n|t:|1784160087\n|move|p1a: Exeggutor|Psychic|p2a: Chansey\n|-damage|p2a: Chansey|67/100 slp\n|-curestatus|p2a: Chansey|slp|[msg]\n|\n|upkeep\n|turn|8\n|\n|t:|1784160090\n|move|p1a: Exeggutor|Sleep Powder|p2a: Chansey\n|-status|p2a: Chansey|slp|[from] move: Sleep Powder\n|cant|p2a: Chansey|slp\n|\n|upkeep\n|turn|9\n|\n|t:|1784160092\n|switch|p2a: Starmie|Starmie|100/100\n|move|p1a: Exeggutor|Psychic|p2a: Starmie\n|-resisted|p2a: Starmie\n|-damage|p2a: Starmie|82/100\n|\n|upkeep\n|turn|10\n|\n|t:|1784160095\n|switch|p1a: Chansey|Chansey|100/100 slp\n|move|p2a: Starmie|Thunder Wave|p1a: Chansey\n|-fail|p1a: Chansey\n|\n|upkeep\n|turn|11\n|\n|t:|1784160097\n|switch|p2a: STORMBLESSED|Tauros|100/100\n|cant|p1a: Chansey|slp\n|\n|upkeep\n|turn|12\n|\n|t:|1784160100\n|switch|p1a: Snorlax|Snorlax|100/100\n|move|p2a: STORMBLESSED|Body Slam|p1a: Snorlax\n|-damage|p1a: Snorlax|75/100\n|\n|upkeep\n|turn|13\n|\n|t:|1784160103\n|move|p2a: STORMBLESSED|Blizzard|p1a: Snorlax\n|-crit|p1a: Snorlax\n|-damage|p1a: Snorlax|40/100\n|move|p1a: Snorlax|Body Slam|p2a: STORMBLESSED\n|-damage|p2a: STORMBLESSED|67/100\n|\n|upkeep\n|turn|14\n|\n|t:|1784160113\n|switch|p1a: Starmie|Starmie|100/100\n|move|p2a: STORMBLESSED|Body Slam|p1a: Starmie\n|-crit|p1a: Starmie\n|-damage|p1a: Starmie|39/100\n|\n|upkeep\n|turn|15\n|\n|t:|1784160118\n|move|p1a: Starmie|Recover|p1a: Starmie\n|-heal|p1a: Starmie|88/100\n|move|p2a: STORMBLESSED|Body Slam|p1a: Starmie\n|-damage|p1a: Starmie|54/100\n|\n|upkeep\n|turn|16\n|\n|t:|1784160122\n|move|p1a: Starmie|Thunder Wave|p2a: STORMBLESSED\n|-status|p2a: STORMBLESSED|par\n|cant|p2a: STORMBLESSED|par\n|\n|upkeep\n|turn|17\n|\n|t:|1784160126\n|move|p1a: Starmie|Recover|p1a: Starmie\n|-heal|p1a: Starmie|100/100\n|move|p2a: STORMBLESSED|Body Slam|p1a: Starmie\n|-damage|p1a: Starmie|69/100\n|\n|upkeep\n|turn|18\n|\n|t:|1784160129\n|switch|p2a: Starmie|Starmie|82/100\n|move|p1a: Starmie|Psychic|p2a: Starmie\n|-resisted|p2a: Starmie\n|-damage|p2a: Starmie|67/100\n|-unboost|p2a: Starmie|spa|1\n|-unboost|p2a: Starmie|spd|1\n|\n|upkeep\n|turn|19\n|\n|t:|1784160132\n|move|p1a: Starmie|Thunder Wave|p2a: Starmie\n|-status|p2a: Starmie|par\n|cant|p2a: Starmie|par\n|\n|upkeep\n|turn|20\n|\n|t:|1784160139\n|switch|p1a: Snorlax|Snorlax|40/100\n|move|p2a: Starmie|Recover|p2a: Starmie\n|-heal|p2a: Starmie|100/100 par\n|\n|upkeep\n|turn|21\n|\n|t:|1784160143\n|switch|p2a: Snorlax|Snorlax|100/100\n|move|p1a: Snorlax|Body Slam|p2a: Snorlax\n|-damage|p2a: Snorlax|74/100\n|\n|upkeep\n|turn|22\n|\n|t:|1784160147\n|move|p2a: Snorlax|Reflect|p2a: Snorlax\n|-start|p2a: Snorlax|Reflect\n|move|p1a: Snorlax|Reflect|p1a: Snorlax\n|-start|p1a: Snorlax|Reflect\n|\n|upkeep\n|turn|23\n|\n|t:|1784160151\n|move|p1a: Snorlax|Rest|p1a: Snorlax\n|-status|p1a: Snorlax|slp|[from] move: Rest\n|-heal|p1a: Snorlax|100/100 slp|[silent]\n|move|p2a: Snorlax|Body Slam|p1a: Snorlax\n|-damage|p1a: Snorlax|87/100 slp\n|\n|upkeep\n|turn|24\n|\n|t:|1784160155\n|cant|p1a: Snorlax|slp\n|move|p2a: Snorlax|Body Slam|p1a: Snorlax\n|-damage|p1a: Snorlax|73/100 slp\n|\n|upkeep\n|turn|25\n|\n|t:|1784160157\n|move|p2a: Snorlax|Body Slam|p1a: Snorlax\n|-damage|p1a: Snorlax|60/100 slp\n|-curestatus|p1a: Snorlax|slp|[msg]\n|\n|upkeep\n|turn|26\n|\n|t:|1784160158\n|move|p2a: Snorlax|Ice Beam|p1a: Snorlax\n|-damage|p1a: Snorlax|46/100\n|move|p1a: Snorlax|Body Slam|p2a: Snorlax\n|-damage|p2a: Snorlax|61/100\n|\n|upkeep\n|turn|27\n|\n|t:|1784160166\n|move|p2a: Snorlax|Ice Beam|p1a: Snorlax\n|-damage|p1a: Snorlax|32/100\n|-status|p1a: Snorlax|frz\n|cant|p1a: Snorlax|frz\n|\n|upkeep\n|turn|28\n|\n|t:|1784160170\n|cant|p1a: Snorlax|frz\n|move|p2a: Snorlax|Body Slam|p1a: Snorlax\n|-damage|p1a: Snorlax|20/100 frz\n|\n|upkeep\n|turn|29\n|\n|t:|1784160173\n|move|p2a: Snorlax|Body Slam|p1a: Snorlax\n|-damage|p1a: Snorlax|6/100 frz\n|cant|p1a: Snorlax|frz\n|\n|upkeep\n|turn|30\n|\n|t:|1784160175\n|cant|p1a: Snorlax|frz\n|move|p2a: Snorlax|Body Slam|p1a: Snorlax\n|-damage|p1a: Snorlax|0 fnt\n|faint|p1a: Snorlax\n|\n|t:|1784160182\n|switch|p1a: Exeggutor|Exeggutor|100/100\n|turn|31\n|\n|t:|1784160189\n|switch|p2a: Starmie|Starmie|100/100 par\n|move|p1a: Exeggutor|Psychic|p2a: Starmie\n|-resisted|p2a: Starmie\n|-damage|p2a: Starmie|81/100 par\n|\n|upkeep\n|turn|32\n|\n|t:|1784160193\n|switch|p1a: Chansey|Chansey|100/100 slp\n|move|p2a: Starmie|Thunder Wave|p1a: Chansey\n|-fail|p1a: Chansey\n|\n|upkeep\n|turn|33\n|\n|t:|1784160195\n|switch|p2a: Snorlax|Snorlax|61/100\n|-curestatus|p1a: Chansey|slp|[msg]\n|\n|upkeep\n|turn|34\n|\n|t:|1784160203\n|move|p1a: Chansey|Thunder Wave|p2a: Snorlax\n|-status|p2a: Snorlax|par\n|move|p2a: Snorlax|Rest|p2a: Snorlax\n|-status|p2a: Snorlax|slp|[from] move: Rest\n|-heal|p2a: Snorlax|100/100 slp|[silent]\n|\n|upkeep\n|turn|35\n|\n|t:|1784160210\n|move|p1a: Chansey|Seismic Toss|p2a: Snorlax\n|-damage|p2a: Snorlax|81/100 slp\n|cant|p2a: Snorlax|slp\n|\n|upkeep\n|turn|36\n|\n|t:|1784160212\n|switch|p2a: Exeggutor|Exeggutor|100/100\n|move|p1a: Chansey|Seismic Toss|p2a: Exeggutor\n|-damage|p2a: Exeggutor|75/100\n|\n|upkeep\n|turn|37\n|\n|t:|1784160215\n|move|p2a: Exeggutor|Sleep Powder|p1a: Chansey|[miss]\n|-miss|p2a: Exeggutor\n|move|p1a: Chansey|Thunder Wave|p2a: Exeggutor\n|-status|p2a: Exeggutor|par\n|\n|upkeep\n|turn|38\n|\n|t:|1784160220\n|move|p1a: Chansey|Seismic Toss|p2a: Exeggutor\n|-damage|p2a: Exeggutor|50/100 par\n|move|p2a: Exeggutor|Sleep Powder|p1a: Chansey\n|-status|p1a: Chansey|slp|[from] move: Sleep Powder\n|\n|upkeep\n|turn|39\n|\n|t:|1784160223\n|cant|p1a: Chansey|slp\n|move|p2a: Exeggutor|Psychic|p1a: Chansey\n|-damage|p1a: Chansey|83/100 slp\n|\n|upkeep\n|turn|40\n|\n|t:|1784160224\n|cant|p1a: Chansey|slp\n|move|p2a: Exeggutor|Psychic|p1a: Chansey\n|-crit|p1a: Chansey\n|-damage|p1a: Chansey|49/100 slp\n|\n|upkeep\n|turn|41\n|\n|t:|1784160227\n|-curestatus|p1a: Chansey|slp|[msg]\n|move|p2a: Exeggutor|Psychic|p1a: Chansey\n|-damage|p1a: Chansey|31/100\n|\n|upkeep\n|turn|42\n|\n|t:|1784160230\n|move|p1a: Chansey|Seismic Toss|p2a: Exeggutor\n|-damage|p2a: Exeggutor|24/100 par\n|cant|p2a: Exeggutor|par\n|\n|upkeep\n|turn|43\n|\n|t:|1784160235\n|switch|p2a: Chansey|Chansey|67/100 slp\n|move|p1a: Chansey|Seismic Toss|p2a: Chansey\n|-damage|p2a: Chansey|53/100 slp\n|\n|upkeep\n|turn|44\n|\n|t:|1784160237\n|cant|p2a: Chansey|slp\n|move|p1a: Chansey|Soft-Boiled|p1a: Chansey\n|-heal|p1a: Chansey|81/100\n|\n|upkeep\n|turn|45\n|\n|t:|1784160238\n|switch|p1a: Tauros|Tauros|100/100\n|cant|p2a: Chansey|slp\n|\n|upkeep\n|turn|46\n|\n|t:|1784160242\n|switch|p2a: Exeggutor|Exeggutor|24/100 par\n|move|p1a: Tauros|Body Slam|p2a: Exeggutor\n|-damage|p2a: Exeggutor|0 fnt\n|faint|p2a: Exeggutor\n|\n|t:|1784160243\n|switch|p2a: Starmie|Starmie|81/100 par\n|turn|47\n|inactive|Isza has 270 seconds left.\n|inactive|Isza has 240 seconds left.\n|\n|t:|1784160308\n|switch|p1a: Chansey|Chansey|81/100\n|move|p2a: Starmie|Recover|p2a: Starmie\n|-heal|p2a: Starmie|100/100 par\n|\n|upkeep\n|turn|48\n|\n|t:|1784160312\n|switch|p2a: Snorlax|Snorlax|81/100 slp\n|move|p1a: Chansey|Seismic Toss|p2a: Snorlax\n|-damage|p2a: Snorlax|62/100 slp\n|\n|upkeep\n|turn|49\n|\n|t:|1784160317\n|move|p1a: Chansey|Seismic Toss|p2a: Snorlax\n|-damage|p2a: Snorlax|43/100 slp\n|-curestatus|p2a: Snorlax|slp|[msg]\n|\n|upkeep\n|turn|50\n|\n|t:|1784160319\n|move|p1a: Chansey|Thunder Wave|p2a: Snorlax\n|-status|p2a: Snorlax|par\n|cant|p2a: Snorlax|par\n|\n|upkeep\n|turn|51\n|\n|t:|1784160321\n|switch|p1a: Zapdos|Zapdos|100/100\n|move|p2a: Snorlax|Rest|p2a: Snorlax\n|-status|p2a: Snorlax|slp|[from] move: Rest\n|-heal|p2a: Snorlax|100/100 slp|[silent]\n|\n|upkeep\n|turn|52\n|\n|t:|1784160325\n|switch|p2a: Rhydon|Rhydon|100/100\n|move|p1a: Zapdos|Thunderbolt|p2a: Rhydon\n|-immune|p2a: Rhydon\n|\n|upkeep\n|turn|53\n|\n|t:|1784160331\n|switch|p1a: Exeggutor|Exeggutor|100/100\n|move|p2a: Rhydon|Body Slam|p1a: Exeggutor\n|-damage|p1a: Exeggutor|79/100\n|\n|upkeep\n|turn|54\n|\n|t:|1784160339\n|switch|p2a: Starmie|Starmie|100/100 par\n|move|p1a: Exeggutor|Mega Drain|p2a: Starmie\n|-supereffective|p2a: Starmie\n|-damage|p2a: Starmie|64/100 par\n|-heal|p1a: Exeggutor|94/100|[from] drain|[of] p2a: Starmie\n|\n|upkeep\n|turn|55\n|\n|t:|1784160345\n|switch|p1a: Chansey|Chansey|81/100\n|move|p2a: Starmie|Thunder Wave|p1a: Chansey\n|-status|p1a: Chansey|par\n|\n|upkeep\n|turn|56\n|\n|t:|1784160347\n|move|p2a: Starmie|Recover|p2a: Starmie\n|-heal|p2a: Starmie|100/100 par\n|move|p1a: Chansey|Seismic Toss|p2a: Starmie\n|-damage|p2a: Starmie|70/100 par\n|\n|upkeep\n|turn|57\n|\n|t:|1784160348\n|move|p2a: Starmie|Recover|p2a: Starmie\n|-heal|p2a: Starmie|100/100 par\n|move|p1a: Chansey|Seismic Toss|p2a: Starmie\n|-damage|p2a: Starmie|70/100 par\n|\n|upkeep\n|turn|58\n|\n|t:|1784160350\n|move|p2a: Starmie|Recover|p2a: Starmie\n|-heal|p2a: Starmie|100/100 par\n|move|p1a: Chansey|Seismic Toss|p2a: Starmie\n|-damage|p2a: Starmie|70/100 par\n|\n|upkeep\n|turn|59\n|\n|t:|1784160352\n|move|p2a: Starmie|Recover|p2a: Starmie\n|-heal|p2a: Starmie|100/100 par\n|cant|p1a: Chansey|par\n|\n|upkeep\n|turn|60\n|\n|t:|1784160354\n|switch|p2a: Snorlax|Snorlax|100/100 slp\n|cant|p1a: Chansey|par\n|\n|upkeep\n|turn|61\n|\n|t:|1784160359\n|switch|p1a: Exeggutor|Exeggutor|94/100\n|cant|p2a: Snorlax|slp\n|\n|upkeep\n|turn|62\n|\n|t:|1784160366\n|switch|p2a: Starmie|Starmie|100/100 par\n|move|p1a: Exeggutor|Psychic|p2a: Starmie\n|-resisted|p2a: Starmie\n|-damage|p2a: Starmie|83/100 par\n|-unboost|p2a: Starmie|spa|1\n|-unboost|p2a: Starmie|spd|1\n|\n|upkeep\n|turn|63\n|\n|t:|1784160368\n|move|p1a: Exeggutor|Mega Drain|p2a: Starmie\n|-supereffective|p2a: Starmie\n|-damage|p2a: Starmie|29/100 par\n|-heal|p1a: Exeggutor|100/100|[from] drain|[of] p2a: Starmie\n|move|p2a: Starmie|Thunder Wave|p1a: Exeggutor\n|-status|p1a: Exeggutor|par\n|\n|upkeep\n|turn|64\n|\n|t:|1784160372\n|switch|p2a: Chansey|Chansey|53/100 slp\n|move|p1a: Exeggutor|Mega Drain|p2a: Chansey\n|-crit|p2a: Chansey\n|-damage|p2a: Chansey|37/100 slp\n|\n|upkeep\n|turn|65\n|\n|t:|1784160374\n|switch|p1a: Tauros|Tauros|100/100\n|cant|p2a: Chansey|slp\n|\n|upkeep\n|turn|66\n|\n|t:|1784160376\n|move|p1a: Tauros|Body Slam|p2a: Chansey\n|-damage|p2a: Chansey|2/100 slp\n|-curestatus|p2a: Chansey|slp|[msg]\n|\n|upkeep\n|turn|67\n|\n|t:|1784160382\n|move|p1a: Tauros|Body Slam|p2a: Chansey\n|-damage|p2a: Chansey|0 fnt\n|faint|p2a: Chansey\n|\n|t:|1784160385\n|switch|p2a: Snorlax|Snorlax|100/100 slp\n|turn|68\n|\n|t:|1784160411\n|move|p1a: Tauros|Body Slam|p2a: Snorlax\n|-damage|p2a: Snorlax|74/100 slp\n|-curestatus|p2a: Snorlax|slp|[msg]\n|\n|upkeep\n|turn|69\n|\n|t:|1784160415\n|move|p1a: Tauros|Body Slam|p2a: Snorlax\n|-crit|p2a: Snorlax\n|-damage|p2a: Snorlax|24/100\n|move|p2a: Snorlax|Reflect|p2a: Snorlax\n|-start|p2a: Snorlax|Reflect\n|\n|upkeep\n|turn|70\n|inactive|Isza has 270 seconds left.\n|\n|t:|1784160457\n|switch|p1a: Starmie|Starmie|69/100\n|move|p2a: Snorlax|Rest|p2a: Snorlax\n|-status|p2a: Snorlax|slp|[from] move: Rest\n|-heal|p2a: Snorlax|100/100 slp|[silent]\n|\n|upkeep\n|turn|71\n|\n|t:|1784160462\n|move|p1a: Starmie|Psychic|p2a: Snorlax\n|-damage|p2a: Snorlax|73/100 slp\n|cant|p2a: Snorlax|slp\n|\n|upkeep\n|turn|72\n|\n|t:|1784160466\n|switch|p2a: STORMBLESSED|Tauros|67/100 par\n|move|p1a: Starmie|Psychic|p2a: STORMBLESSED\n|-damage|p2a: STORMBLESSED|31/100 par\n|\n|upkeep\n|turn|73\n|\n|t:|1784160469\n|move|p1a: Starmie|Psychic|p2a: STORMBLESSED\n|-damage|p2a: STORMBLESSED|0 fnt\n|faint|p2a: STORMBLESSED\n|\n|t:|1784160470\n|switch|p2a: Starmie|Starmie|29/100 par\n|turn|74\n|\n|t:|1784160475\n|move|p1a: Starmie|Psychic|p2a: Starmie\n|-resisted|p2a: Starmie\n|-damage|p2a: Starmie|12/100 par\n|move|p2a: Starmie|Recover|p2a: Starmie\n|-heal|p2a: Starmie|62/100 par\n|\n|upkeep\n|turn|75\n|\n|t:|1784160480\n|switch|p1a: Chansey|Chansey|81/100 par\n|move|p2a: Starmie|Recover|p2a: Starmie\n|-heal|p2a: Starmie|100/100 par\n|\n|upkeep\n|turn|76\n|\n|t:|1784160485\n|switch|p2a: Snorlax|Snorlax|73/100 slp\n|cant|p1a: Chansey|par\n|\n|upkeep\n|turn|77\n|\n|t:|1784160489\n|-curestatus|p2a: Snorlax|slp|[msg]\n|move|p1a: Chansey|Sing|p2a: Snorlax|[miss]\n|-miss|p1a: Chansey\n|\n|upkeep\n|turn|78\n|\n|t:|1784160501\n|switch|p1a: Zapdos|Zapdos|100/100\n|move|p2a: Snorlax|Body Slam|p1a: Zapdos\n|-damage|p1a: Zapdos|67/100\n|-status|p1a: Zapdos|par\n|\n|upkeep\n|turn|79\n|\n|t:|1784160506\n|switch|p2a: Rhydon|Rhydon|100/100\n|move|p1a: Zapdos|Thunder Wave|p2a: Rhydon\n|-immune|p2a: Rhydon\n|\n|upkeep\n|turn|80\n|\n|t:|1784160511\n|switch|p1a: Exeggutor|Exeggutor|100/100 par\n|move|p2a: Rhydon|Rock Slide|p1a: Exeggutor\n|-damage|p1a: Exeggutor|73/100 par\n|\n|upkeep\n|turn|81\n|\n|t:|1784160515\n|switch|p2a: Starmie|Starmie|100/100 par\n|move|p1a: Exeggutor|Mega Drain|p2a: Starmie\n|-supereffective|p2a: Starmie\n|-damage|p2a: Starmie|63/100 par\n|-heal|p1a: Exeggutor|88/100 par|[from] drain|[of] p2a: Starmie\n|\n|upkeep\n|turn|82\n|\n|t:|1784160520\n|switch|p1a: Chansey|Chansey|81/100 par\n|move|p2a: Starmie|Recover|p2a: Starmie\n|-heal|p2a: Starmie|100/100 par\n|\n|upkeep\n|turn|83\n|\n|t:|1784160524\n|switch|p2a: Rhydon|Rhydon|100/100\n|move|p1a: Chansey|Sing|p2a: Rhydon|[miss]\n|-miss|p1a: Chansey\n|\n|upkeep\n|turn|84\n|\n|t:|1784160528\n|switch|p1a: Exeggutor|Exeggutor|88/100 par\n|move|p2a: Rhydon|Rock Slide|p1a: Exeggutor\n|-damage|p1a: Exeggutor|57/100 par\n|\n|upkeep\n|turn|85\n|\n|t:|1784160532\n|move|p2a: Rhydon|Substitute|p2a: Rhydon\n|-start|p2a: Rhydon|Substitute\n|-damage|p2a: Rhydon|76/100\n|move|p1a: Exeggutor|Mega Drain|p2a: Rhydon\n|-supereffective|p2a: Rhydon\n|-end|p2a: Rhydon|Substitute\n|\n|upkeep\n|turn|86\n|\n|t:|1784160536\n|move|p2a: Rhydon|Substitute|p2a: Rhydon\n|-start|p2a: Rhydon|Substitute\n|-damage|p2a: Rhydon|51/100\n|move|p1a: Exeggutor|Sleep Powder|p2a: Rhydon\n|-status|p2a: Rhydon|slp|[from] move: Sleep Powder\n|\n|upkeep\n|turn|87\n|\n|t:|1784160545\n|cant|p2a: Rhydon|slp\n|move|p1a: Exeggutor|Psychic|p2a: Rhydon\n|-end|p2a: Rhydon|Substitute\n|\n|upkeep\n|turn|88\n|\n|t:|1784160549\n|switch|p2a: Starmie|Starmie|100/100 par\n|move|p1a: Exeggutor|Mega Drain|p2a: Starmie\n|-supereffective|p2a: Starmie\n|-damage|p2a: Starmie|63/100 par\n|-heal|p1a: Exeggutor|73/100 par|[from] drain|[of] p2a: Starmie\n|\n|upkeep\n|turn|89\n|\n|t:|1784160553\n|switch|p1a: Chansey|Chansey|81/100 par\n|move|p2a: Starmie|Recover|p2a: Starmie\n|-heal|p2a: Starmie|100/100 par\n|\n|upkeep\n|turn|90\n|\n|t:|1784160557\n|switch|p2a: Snorlax|Snorlax|73/100\n|move|p1a: Chansey|Thunder Wave|p2a: Snorlax\n|-status|p2a: Snorlax|par\n|\n|upkeep\n|turn|91\n|inactive|Isza has 270 seconds left.\n|inactive|Isza has 240 seconds left.\n|inactive|Isza has 210 seconds left.\n|\n|t:|1784160666\n|switch|p1a: Zapdos|Zapdos|67/100 par\n|move|p2a: Snorlax|Body Slam|p1a: Zapdos\n|-damage|p1a: Zapdos|35/100 par\n|\n|upkeep\n|turn|92\n|\n|t:|1784160670\n|switch|p2a: Rhydon|Rhydon|51/100 slp\n|cant|p1a: Zapdos|par\n|\n|upkeep\n|turn|93\n|\n|t:|1784160673\n|switch|p2a: Starmie|Starmie|100/100 par\n|switch|p1a: Tauros|Tauros|100/100\n|\n|upkeep\n|turn|94\n|\n|t:|1784160677\n|switch|p1a: Chansey|Chansey|81/100 par\n|switch|p2a: Snorlax|Snorlax|73/100 par\n|\n|upkeep\n|turn|95\n|\n|t:|1784160681\n|switch|p1a: Zapdos|Zapdos|35/100 par\n|cant|p2a: Snorlax|par\n|\n|upkeep\n|turn|96\n|\n|t:|1784160683\n|switch|p2a: Rhydon|Rhydon|51/100 slp\n|move|p1a: Zapdos|Thunderbolt|p2a: Rhydon\n|-immune|p2a: Rhydon\n|\n|upkeep\n|turn|97\n|\n|t:|1784160686\n|switch|p1a: Tauros|Tauros|100/100\n|cant|p2a: Rhydon|slp\n|\n|upkeep\n|turn|98\n|\n|t:|1784160690\n|switch|p2a: Starmie|Starmie|100/100 par\n|move|p1a: Tauros|Body Slam|p2a: Starmie\n|-damage|p2a: Starmie|68/100 par\n|\n|upkeep\n|turn|99\n|\n|t:|1784160693\n|switch|p1a: Chansey|Chansey|81/100 par\n|cant|p2a: Starmie|par\n|\n|upkeep\n|turn|100\n|\n|t:|1784160696\n|move|p2a: Starmie|Recover|p2a: Starmie\n|-heal|p2a: Starmie|100/100 par\n|move|p1a: Chansey|Seismic Toss|p2a: Starmie\n|-damage|p2a: Starmie|70/100 par\n|\n|upkeep\n|turn|101\n|\n|t:|1784160698\n|move|p2a: Starmie|Recover|p2a: Starmie\n|-heal|p2a: Starmie|100/100 par\n|move|p1a: Chansey|Seismic Toss|p2a: Starmie\n|-damage|p2a: Starmie|70/100 par\n|\n|upkeep\n|turn|102\n|\n|t:|1784160699\n|move|p2a: Starmie|Recover|p2a: Starmie\n|-heal|p2a: Starmie|100/100 par\n|move|p1a: Chansey|Seismic Toss|p2a: Starmie\n|-damage|p2a: Starmie|70/100 par\n|\n|upkeep\n|turn|103\n|\n|t:|1784160701\n|move|p2a: Starmie|Recover|p2a: Starmie\n|-heal|p2a: Starmie|100/100 par\n|move|p1a: Chansey|Seismic Toss|p2a: Starmie\n|-damage|p2a: Starmie|70/100 par\n|\n|upkeep\n|turn|104\n|\n|t:|1784160702\n|cant|p2a: Starmie|par\n|move|p1a: Chansey|Seismic Toss|p2a: Starmie\n|-damage|p2a: Starmie|39/100 par\n|\n|upkeep\n|turn|105\n|\n|t:|1784160705\n|move|p2a: Starmie|Recover|p2a: Starmie\n|-heal|p2a: Starmie|88/100 par\n|cant|p1a: Chansey|par\n|\n|upkeep\n|turn|106\n|\n|t:|1784160708\n|move|p2a: Starmie|Recover|p2a: Starmie\n|-heal|p2a: Starmie|100/100 par\n|move|p1a: Chansey|Seismic Toss|p2a: Starmie\n|-damage|p2a: Starmie|70/100 par\n|\n|upkeep\n|turn|107\n|\n|t:|1784160710\n|move|p2a: Starmie|Recover|p2a: Starmie\n|-heal|p2a: Starmie|100/100 par\n|move|p1a: Chansey|Seismic Toss|p2a: Starmie\n|-damage|p2a: Starmie|70/100 par\n|\n|upkeep\n|turn|108\n|\n|t:|1784160712\n|move|p2a: Starmie|Recover|p2a: Starmie\n|-heal|p2a: Starmie|100/100 par\n|move|p1a: Chansey|Seismic Toss|p2a: Starmie\n|-damage|p2a: Starmie|70/100 par\n|\n|upkeep\n|turn|109\n|\n|t:|1784160714\n|switch|p1a: Zapdos|Zapdos|35/100 par\n|cant|p2a: Starmie|par\n|\n|upkeep\n|turn|110\n|\n|t:|1784160717\n|switch|p1a: Chansey|Chansey|81/100 par\n|cant|p2a: Starmie|par\n|\n|upkeep\n|turn|111\n|\n|t:|1784160719\n|cant|p2a: Starmie|par\n|move|p1a: Chansey|Seismic Toss|p2a: Starmie\n|-damage|p2a: Starmie|39/100 par\n|\n|upkeep\n|turn|112\n|\n|t:|1784160723\n|switch|p1a: Exeggutor|Exeggutor|73/100 par\n|cant|p2a: Starmie|par\n|\n|upkeep\n|turn|113\n|\n|t:|1784160725\n|move|p2a: Starmie|Recover|p2a: Starmie\n|-heal|p2a: Starmie|88/100 par\n|move|p1a: Exeggutor|Mega Drain|p2a: Starmie\n|-supereffective|p2a: Starmie\n|-damage|p2a: Starmie|52/100 par\n|-heal|p1a: Exeggutor|88/100 par|[from] drain|[of] p2a: Starmie\n|\n|upkeep\n|turn|114\n|\n|t:|1784160727\n|move|p2a: Starmie|Recover|p2a: Starmie\n|-heal|p2a: Starmie|100/100 par\n|cant|p1a: Exeggutor|par\n|\n|upkeep\n|turn|115\n|\n|t:|1784160729\n|switch|p1a: Chansey|Chansey|81/100 par\n|move|p2a: Starmie|Blizzard|p1a: Chansey\n|-damage|p1a: Chansey|68/100 par\n|\n|upkeep\n|turn|116\n|\n|t:|1784160738\n|switch|p2a: Snorlax|Snorlax|73/100 par\n|cant|p1a: Chansey|par\n|\n|upkeep\n|turn|117\n|\n|t:|1784160742\n|switch|p1a: Zapdos|Zapdos|35/100 par\n|move|p2a: Snorlax|Body Slam|p1a: Zapdos\n|-damage|p1a: Zapdos|4/100 par\n|\n|upkeep\n|turn|118\n|\n|t:|1784160745\n|switch|p2a: Rhydon|Rhydon|51/100 slp\n|cant|p1a: Zapdos|par\n|\n|upkeep\n|turn|119\n|\n|t:|1784160747\n|-curestatus|p2a: Rhydon|slp|[msg]\n|cant|p1a: Zapdos|par\n|\n|upkeep\n|turn|120\n|\n|t:|1784160750\n|switch|p1a: Exeggutor|Exeggutor|88/100 par\n|move|p2a: Rhydon|Body Slam|p1a: Exeggutor\n|-damage|p1a: Exeggutor|64/100 par\n|\n|upkeep\n|turn|121\n|\n|t:|1784160754\n|switch|p2a: Starmie|Starmie|100/100 par\n|cant|p1a: Exeggutor|par\n|\n|upkeep\n|turn|122\n|\n|t:|1784160757\n|switch|p2a: Rhydon|Rhydon|51/100\n|switch|p1a: Chansey|Chansey|68/100 par\n|\n|upkeep\n|turn|123\n|\n|t:|1784160760\n|switch|p1a: Exeggutor|Exeggutor|64/100 par\n|move|p2a: Rhydon|Earthquake|p1a: Exeggutor\n|-resisted|p1a: Exeggutor\n|-damage|p1a: Exeggutor|45/100 par\n|\n|upkeep\n|turn|124\n|\n|t:|1784160763\n|switch|p2a: Starmie|Starmie|100/100 par\n|move|p1a: Exeggutor|Mega Drain|p2a: Starmie\n|-supereffective|p2a: Starmie\n|-damage|p2a: Starmie|67/100 par\n|-heal|p1a: Exeggutor|58/100 par|[from] drain|[of] p2a: Starmie\n|\n|upkeep\n|turn|125\n|\n|t:|1784160767\n|cant|p2a: Starmie|par\n|move|p1a: Exeggutor|Explosion|p2a: Starmie\n|-damage|p2a: Starmie|0 fnt\n|faint|p2a: Starmie\n|faint|p1a: Exeggutor\n|\n|t:|1784160775\n|switch|p2a: Snorlax|Snorlax|73/100 par\n|switch|p1a: Tauros|Tauros|100/100\n|turn|126\n|\n|t:|1784160777\n|move|p1a: Tauros|Body Slam|p2a: Snorlax\n|-damage|p2a: Snorlax|49/100 par\n|move|p2a: Snorlax|Reflect|p2a: Snorlax\n|-start|p2a: Snorlax|Reflect\n|\n|upkeep\n|turn|127\n|\n|t:|1784160781\n|move|p1a: Tauros|Body Slam|p2a: Snorlax\n|-crit|p2a: Snorlax\n|-damage|p2a: Snorlax|5/100 par\n|move|p2a: Snorlax|Body Slam|p1a: Tauros\n|-damage|p1a: Tauros|70/100\n|\n|upkeep\n|turn|128\n|c|☆shiloh|gg\n|\n|t:|1784160783\n|move|p1a: Tauros|Body Slam|p2a: Snorlax\n|-damage|p2a: Snorlax|0 fnt\n|faint|p2a: Snorlax\n|-message|shiloh forfeited.\n|\n|win|Isza\n|player|p2|\n","uploadtime":1784160784,"views":"86","formatid":"gen1ou","rating":null,"private":0,"password":null}