{"id":"smogtours-gen1ou-958614","format":"[Gen 1] OU","players":["oakdeon","1000papercranes"],"log":"|inactive|Battle timer is ON: inactive players will automatically lose when time's up.\n|t:|1784928437\n|gametype|singles\n|player|p1|oakdeon|#adpl|\n|player|p2|1000papercranes|psychic-gen1rb|\n|gen|1\n|tier|[Gen 1] OU\n|rule|Desync Clause Mod: Desyncs resolve to link battle behavior from the acting player's perspective.\n|rule|HP Percentage Mod: HP is shown in percentages\n|rule|Endless Battle Clause: Forcing endless battles is banned\n|rule|Sleep Clause Mod: Limit one foe put to sleep\n|rule|Freeze Clause Mod: Limit one foe frozen\n|rule|Species Clause: Limit one of each Pokémon\n|rule|OHKO Clause: OHKO moves are banned\n|rule|Evasion Moves Clause: Evasion moves are banned\n|\n|t:|1784928437\n|teamsize|p1|6\n|teamsize|p2|6\n|start\n|switch|p1a: Gengar|Gengar|100/100\n|switch|p2a: Jolteon|Jolteon|100/100\n|turn|1\n|c|☆oakdeon|hf bro\n|c|☆1000papercranes|GL HF\n|\n|t:|1784928449\n|move|p2a: Jolteon|Thunder Wave|p1a: Gengar\n|-status|p1a: Gengar|par\n|cant|p1a: Gengar|par\n|\n|upkeep\n|turn|2\n|\n|t:|1784928452\n|move|p2a: Jolteon|Thunderbolt|p1a: Gengar\n|-damage|p1a: Gengar|69/100 par\n|move|p1a: Gengar|Hypnosis|p2a: Jolteon\n|-status|p2a: Jolteon|slp|[from] move: Hypnosis\n|\n|upkeep\n|turn|3\n|\n|t:|1784928470\n|switch|p2a: Exeggutor|Exeggutor|100/100\n|cant|p1a: Gengar|par\n|\n|upkeep\n|turn|4\n|\n|t:|1784928484\n|move|p2a: Exeggutor|Psychic|p1a: Gengar\n|-supereffective|p1a: Gengar\n|-damage|p1a: Gengar|1/100 par\n|move|p1a: Gengar|Explosion|p2a: Exeggutor\n|-damage|p2a: Exeggutor|46/100\n|faint|p1a: Gengar\n|\n|t:|1784928491\n|switch|p1a: Cloyster|Cloyster|100/100\n|turn|5\n|\n|t:|1784928495\n|switch|p2a: Jynx|Jynx|100/100\n|move|p1a: Cloyster|Blizzard|p2a: Jynx|[miss]\n|-miss|p1a: Cloyster\n|\n|upkeep\n|turn|6\n|\n|t:|1784928501\n|switch|p1a: Starmie|Starmie|100/100\n|move|p2a: Jynx|Lovely Kiss|p1a: Starmie\n|-status|p1a: Starmie|slp|[from] move: Lovely Kiss\n|\n|upkeep\n|turn|7\n|\n|t:|1784928509\n|switch|p1a: Chansey|Chansey|100/100\n|switch|p2a: Starmie|Starmie|100/100\n|\n|upkeep\n|turn|8\n|\n|t:|1784928514\n|switch|p2a: Jolteon|Jolteon|100/100 slp\n|move|p1a: Chansey|Thunder Wave|p2a: Jolteon\n|-fail|p2a: Jolteon\n|\n|upkeep\n|turn|9\n|\n|t:|1784928516\n|-curestatus|p2a: Jolteon|slp|[msg]\n|move|p1a: Chansey|Thunder Wave|p2a: Jolteon\n|-status|p2a: Jolteon|par\n|\n|upkeep\n|turn|10\n|\n|t:|1784928519\n|switch|p1a: Rhydon|Rhydon|100/100\n|move|p2a: Jolteon|Thunder Wave|p1a: Rhydon\n|-immune|p1a: Rhydon\n|\n|upkeep\n|turn|11\n|\n|t:|1784928523\n|switch|p2a: Exeggutor|Exeggutor|46/100\n|move|p1a: Rhydon|Body Slam|p2a: Exeggutor\n|-damage|p2a: Exeggutor|25/100\n|\n|upkeep\n|turn|12\n|\n|t:|1784928531\n|switch|p1a: Chansey|Chansey|100/100\n|move|p2a: Exeggutor|Stun Spore|p1a: Chansey|[miss]\n|-miss|p2a: Exeggutor\n|\n|upkeep\n|turn|13\n|\n|t:|1784928538\n|move|p2a: Exeggutor|Explosion|p1a: Chansey\n|-damage|p1a: Chansey|0 fnt\n|faint|p1a: Chansey\n|faint|p2a: Exeggutor\n|\n|t:|1784928544\n|switch|p2a: Starmie|Starmie|100/100\n|switch|p1a: Tauros|Tauros|100/100\n|turn|14\n|\n|t:|1784928549\n|switch|p2a: Snorlax|Snorlax|100/100\n|move|p1a: Tauros|Body Slam|p2a: Snorlax\n|-damage|p2a: Snorlax|78/100\n|\n|upkeep\n|turn|15\n|\n|t:|1784928554\n|move|p1a: Tauros|Blizzard|p2a: Snorlax\n|-damage|p2a: Snorlax|59/100\n|move|p2a: Snorlax|Body Slam|p1a: Tauros\n|-damage|p1a: Tauros|68/100\n|\n|upkeep\n|turn|16\n|\n|t:|1784928557\n|move|p1a: Tauros|Hyper Beam|p2a: Snorlax\n|-damage|p2a: Snorlax|13/100\n|-mustrecharge|p1a: Tauros\n|move|p2a: Snorlax|Body Slam|p1a: Tauros\n|-damage|p1a: Tauros|35/100\n|\n|upkeep\n|turn|17\n|\n|t:|1784928562\n|cant|p1a: Tauros|recharge\n|move|p2a: Snorlax|Self-Destruct|p1a: Tauros\n|-damage|p1a: Tauros|0 fnt\n|faint|p1a: Tauros\n|faint|p2a: Snorlax\n|\n|t:|1784928568\n|switch|p1a: Cloyster|Cloyster|100/100\n|switch|p2a: Starmie|Starmie|100/100\n|turn|18\n|\n|t:|1784928571\n|move|p2a: Starmie|Thunderbolt|p1a: Cloyster\n|-crit|p1a: Cloyster\n|-supereffective|p1a: Cloyster\n|-damage|p1a: Cloyster|0 fnt\n|faint|p1a: Cloyster\n|\n|t:|1784928573\n|switch|p1a: Rhydon|Rhydon|100/100\n|turn|19\n|\n|t:|1784928575\n|move|p2a: Starmie|Blizzard|p1a: Rhydon\n|-supereffective|p1a: Rhydon\n|-damage|p1a: Rhydon|24/100\n|move|p1a: Rhydon|Earthquake|p2a: Starmie\n|-damage|p2a: Starmie|53/100\n|\n|upkeep\n|turn|20\n|\n|t:|1784928580\n|move|p2a: Starmie|Blizzard|p1a: Rhydon|[miss]\n|-miss|p2a: Starmie\n|move|p1a: Rhydon|Earthquake|p2a: Starmie\n|-damage|p2a: Starmie|1/100\n|\n|upkeep\n|turn|21\n|\n|t:|1784928583\n|move|p2a: Starmie|Blizzard|p1a: Rhydon\n|-supereffective|p1a: Rhydon\n|-damage|p1a: Rhydon|0 fnt\n|faint|p1a: Rhydon\n|\n|t:|1784928585\n|switch|p1a: Starmie|Starmie|100/100 slp\n|turn|22\n|\n|t:|1784928587\n|move|p2a: Starmie|Thunderbolt|p1a: Starmie\n|-crit|p1a: Starmie\n|-supereffective|p1a: Starmie\n|-damage|p1a: Starmie|12/100 slp\n|cant|p1a: Starmie|slp\n|\n|upkeep\n|turn|23\n|\n|t:|1784928589\n|move|p2a: Starmie|Thunderbolt|p1a: Starmie\n|-supereffective|p1a: Starmie\n|-damage|p1a: Starmie|0 fnt\n|faint|p1a: Starmie\n|\n|win|1000papercranes\n|c|☆1000papercranes|ggs\n|c|☆oakdeon|ggs\n|player|p1|\n|player|p2|\n","uploadtime":1784928589,"views":"56","formatid":"gen1ou","rating":null,"private":0,"password":null}