{"id":"smogtours-gen1ou-825148","format":"[Gen 1] OU","players":["I ❤️ SZA","abyssal ruins"],"log":"|inactive|Battle timer is ON: inactive players will automatically lose when time's up.\n|t:|1742091698\n|gametype|singles\n|player|p1|I ❤️ SZA|#rbywc2024|\n|player|p2|abyssal ruins|#roaplviiipichus|\n|teamsize|p1|6\n|teamsize|p2|6\n|gen|1\n|tier|[Gen 1] OU\n|rule|Desync Clause Mod: Desyncs changed to move failure.\n|rule|Sleep Clause Mod: Limit one foe put to sleep\n|rule|Freeze Clause Mod: Limit one foe frozen\n|rule|Species Clause: Limit one of each Pokémon\n|rule|OHKO Clause: OHKO moves are banned\n|rule|Evasion Moves Clause: Evasion moves are banned\n|rule|Endless Battle Clause: Forcing endless battles is banned\n|rule|HP Percentage Mod: HP is shown in percentages\n|\n|t:|1742091698\n|start\n|switch|p1a: 3DS Nokia|Chansey|100/100\n|switch|p2a: starry blankussy|Starmie|100/100\n|turn|1\n|rated|Smogon Premier League\n|c|☆I ❤️ SZA|hf\n|c|☆abyssal ruins|u2\n|inactive|I ❤️ SZA has 270 seconds left.\n|inactive|abyssal ruins has 270 seconds left.\n|inactive|I ❤️ SZA has 240 seconds left.\n|inactive|abyssal ruins has 240 seconds left.\n|\n|t:|1742091775\n|move|p2a: starry blankussy|Blizzard|p1a: 3DS Nokia\n|-damage|p1a: 3DS Nokia|88/100\n|move|p1a: 3DS Nokia|Sing|p2a: starry blankussy|[miss]\n|-miss|p1a: 3DS Nokia\n|\n|upkeep\n|turn|2\n|inactive|abyssal ruins has 270 seconds left.\n|\n|t:|1742091809\n|move|p2a: starry blankussy|Blizzard|p1a: 3DS Nokia\n|-crit|p1a: 3DS Nokia\n|-damage|p1a: 3DS Nokia|64/100\n|move|p1a: 3DS Nokia|Sing|p2a: starry blankussy|[miss]\n|-miss|p1a: 3DS Nokia\n|\n|upkeep\n|turn|3\n|inactive|abyssal ruins has 270 seconds left.\n|\n|t:|1742091820\n|move|p2a: starry blankussy|Blizzard|p1a: 3DS Nokia|[miss]\n|-miss|p2a: starry blankussy\n|move|p1a: 3DS Nokia|Soft-Boiled|p1a: 3DS Nokia\n|-hint|In Gen 1, recovery moves fail if (user's maximum HP - user's current HP + 1) is divisible by 256, unless the current hp is also divisible by 256.\n|-fail|p1a: 3DS Nokia\n|\n|upkeep\n|turn|4\n|inactive|abyssal ruins has 270 seconds left.\n|\n|t:|1742091833\n|move|p2a: starry blankussy|Thunder Wave|p1a: 3DS Nokia\n|-status|p1a: 3DS Nokia|par\n|move|p1a: 3DS Nokia|Sing|p2a: starry blankussy\n|-status|p2a: starry blankussy|slp|[from] move: Sing\n|\n|upkeep\n|turn|5\n|inactive|abyssal ruins has 270 seconds left.\n|inactive|abyssal ruins has 240 seconds left.\n|\n|t:|1742091873\n|switch|p2a: rorussy|Snorlax|100/100\n|switch|p1a: Starmie|Starmie|100/100\n|\n|upkeep\n|turn|6\n|inactive|abyssal ruins has 240 seconds left.\n|inactive|I ❤️ SZA has 270 seconds left.\n|inactive|abyssal ruins has 210 seconds left.\n|inactive|abyssal ruins has 180 seconds left.\n|\n|t:|1742091956\n|move|p1a: Starmie|Thunder Wave|p2a: rorussy\n|-status|p2a: rorussy|par\n|move|p2a: rorussy|Body Slam|p1a: Starmie\n|-damage|p1a: Starmie|66/100\n|\n|upkeep\n|turn|7\n|inactive|I ❤️ SZA has 240 seconds left.\n|\n|t:|1742091995\n|switch|p1a: Snorlax|Snorlax|100/100\n|move|p2a: rorussy|Body Slam|p1a: Snorlax|[miss]\n|-miss|p2a: rorussy\n|-hint|In Gen 1, moves with 100% accuracy can still miss 1/256 of the time.\n|\n|upkeep\n|turn|8\n|\n|t:|1742092001\n|move|p1a: Snorlax|Body Slam|p2a: rorussy\n|-damage|p2a: rorussy|73/100 par\n|move|p2a: rorussy|Reflect|p2a: rorussy\n|-start|p2a: rorussy|Reflect\n|\n|upkeep\n|turn|9\n|inactive|I ❤️ SZA has 240 seconds left.\n|\n|t:|1742092013\n|move|p1a: Snorlax|Reflect|p1a: Snorlax\n|-start|p1a: Snorlax|Reflect\n|move|p2a: rorussy|Rest|p2a: rorussy\n|-status|p2a: rorussy|slp|[from] move: Rest\n|-heal|p2a: rorussy|100/100 slp|[silent]\n|\n|upkeep\n|turn|10\n|inactive|I ❤️ SZA has 240 seconds left.\n|\n|t:|1742092021\n|switch|p1a: Starmie|Starmie|66/100\n|cant|p2a: rorussy|slp\n|\n|upkeep\n|turn|11\n|\n|t:|1742092029\n|switch|p2a: kjdussy|Chansey|100/100\n|move|p1a: Starmie|Surf|p2a: kjdussy\n|-damage|p2a: kjdussy|86/100\n|\n|upkeep\n|turn|12\n|inactive|abyssal ruins has 180 seconds left.\n|inactive|abyssal ruins has 150 seconds left.\n|inactive|abyssal ruins has 120 seconds left.\n|\n|t:|1742092108\n|move|p1a: Starmie|Thunder Wave|p2a: kjdussy\n|-status|p2a: kjdussy|par\n|move|p2a: kjdussy|Sing|p1a: Starmie\n|-status|p1a: Starmie|slp|[from] move: Sing\n|\n|upkeep\n|turn|13\n|\n|t:|1742092129\n|switch|p1a: Snorlax|Snorlax|100/100\n|switch|p2a: pjussy|Cloyster|100/100\n|\n|upkeep\n|turn|14\n|\n|t:|1742092140\n|move|p2a: pjussy|Clamp|p1a: Snorlax|[miss]\n|-miss|p2a: pjussy\n|move|p1a: Snorlax|Body Slam|p2a: pjussy\n|-damage|p2a: pjussy|76/100\n|\n|upkeep\n|turn|15\n|\n|t:|1742092147\n|switch|p1a: 3DS Nokia|Chansey|64/100 par\n|move|p2a: pjussy|Clamp|p1a: 3DS Nokia\n|-damage|p1a: 3DS Nokia|59/100 par\n|\n|upkeep\n|turn|16\n|\n|t:|1742092151\n|switch|p1a: Starmie|Starmie|66/100 slp\n|move|p2a: pjussy|Clamp|p1a: Starmie\n|-resisted|p1a: Starmie\n|-damage|p1a: Starmie|60/100 slp\n|\n|upkeep\n|turn|17\n|\n|t:|1742092159\n|cant|p1a: Starmie|slp\n|move|p2a: pjussy|Clamp|p1a: Starmie|[from]Clamp\n|-damage|p1a: Starmie|53/100 slp\n|\n|upkeep\n|turn|18\n|\n|t:|1742092162\n|switch|p2a: groudussy|Tauros|100/100\n|cant|p1a: Starmie|slp\n|\n|upkeep\n|turn|19\n|inactive|I ❤️ SZA has 270 seconds left.\n|inactive|I ❤️ SZA has 240 seconds left.\n|inactive|I ❤️ SZA has 210 seconds left.\n|\n|t:|1742092262\n|switch|p1a: Snorlax|Snorlax|100/100\n|move|p2a: groudussy|Body Slam|p1a: Snorlax\n|-damage|p1a: Snorlax|75/100\n|\n|upkeep\n|turn|20\n|inactive|abyssal ruins has 150 seconds left.\n|\n|t:|1742092281\n|switch|p2a: rorussy|Snorlax|100/100 slp\n|move|p1a: Snorlax|Body Slam|p2a: rorussy\n|-damage|p2a: rorussy|72/100 slp\n|\n|upkeep\n|turn|21\n|\n|t:|1742092289\n|move|p1a: Snorlax|Body Slam|p2a: rorussy\n|-damage|p2a: rorussy|48/100 slp\n|-curestatus|p2a: rorussy|slp|[msg]\n|\n|upkeep\n|turn|22\n|inactive|abyssal ruins has 150 seconds left.\n|inactive|I ❤️ SZA has 210 seconds left.\n|inactive|abyssal ruins has 120 seconds left.\n|inactive|I ❤️ SZA has 180 seconds left.\n|inactive|abyssal ruins has 90 seconds left.\n|\n|t:|1742092388\n|switch|p2a: pjussy|Cloyster|76/100\n|switch|p1a: Gengar|Gengar|100/100\n|\n|upkeep\n|turn|23\n|inactive|I ❤️ SZA has 150 seconds left.\n|inactive|abyssal ruins has 60 seconds left.\n|\n|t:|1742092420\n|switch|p2a: kjdussy|Chansey|86/100 par\n|move|p1a: Gengar|Thunderbolt|p2a: kjdussy\n|-damage|p2a: kjdussy|73/100 par\n|\n|upkeep\n|turn|24\n|inactive|I ❤️ SZA has 150 seconds left.\n|\n|t:|1742092438\n|switch|p1a: Snorlax|Snorlax|75/100\n|move|p2a: kjdussy|Ice Beam|p1a: Snorlax\n|-damage|p1a: Snorlax|57/100\n|\n|upkeep\n|turn|25\n|inactive|abyssal ruins has 60 seconds left.\n|\n|t:|1742092448\n|switch|p2a: pjussy|Cloyster|76/100\n|move|p1a: Snorlax|Body Slam|p2a: pjussy\n|-damage|p2a: pjussy|52/100\n|-status|p2a: pjussy|par\n|\n|upkeep\n|turn|26\n|inactive|abyssal ruins has 60 seconds left.\n|\n|t:|1742092463\n|switch|p1a: Gengar|Gengar|100/100\n|move|p2a: pjussy|Blizzard|p1a: Gengar\n|-damage|p1a: Gengar|68/100\n|\n|upkeep\n|turn|27\n|\n|t:|1742092472\n|switch|p1a: Snorlax|Snorlax|57/100\n|switch|p2a: kjdussy|Chansey|73/100 par\n|\n|upkeep\n|turn|28\n|inactive|I ❤️ SZA has 150 seconds left.\n|\n|t:|1742092485\n|move|p1a: Snorlax|Body Slam|p2a: kjdussy\n|-damage|p2a: kjdussy|33/100 par\n|cant|p2a: kjdussy|par\n|\n|upkeep\n|turn|29\n|inactive|I ❤️ SZA has 150 seconds left.\n|inactive|abyssal ruins has 60 seconds left.\n|\n|t:|1742092522\n|switch|p2a: rorussy|Snorlax|48/100\n|move|p1a: Snorlax|Body Slam|p2a: rorussy\n|-damage|p2a: rorussy|20/100\n|\n|upkeep\n|turn|30\n|\n|t:|1742092542\n|switch|p1a: Gengar|Gengar|68/100\n|move|p2a: rorussy|Rest|p2a: rorussy\n|-status|p2a: rorussy|slp|[from] move: Rest\n|-heal|p2a: rorussy|100/100 slp|[silent]\n|\n|upkeep\n|turn|31\n|\n|t:|1742092546\n|move|p1a: Gengar|Thunderbolt|p2a: rorussy\n|-crit|p2a: rorussy\n|-damage|p2a: rorussy|54/100 slp\n|cant|p2a: rorussy|slp\n|\n|upkeep\n|turn|32\n|inactive|I ❤️ SZA has 150 seconds left.\n|\n|t:|1742092554\n|switch|p2a: kazussy|Jolteon|100/100\n|move|p1a: Gengar|Thunderbolt|p2a: kazussy\n|-crit|p2a: kazussy\n|-resisted|p2a: kazussy\n|-damage|p2a: kazussy|74/100\n|\n|upkeep\n|turn|33\n|inactive|abyssal ruins has 60 seconds left.\n|c|☆I ❤️ SZA|Ooo\n|inactive|I ❤️ SZA has 150 seconds left.\n|\n|t:|1742092566\n|move|p2a: kazussy|Thunderbolt|p1a: Gengar\n|-damage|p1a: Gengar|35/100\n|move|p1a: Gengar|Explosion|p2a: kazussy\n|-crit|p2a: kazussy\n|-damage|p2a: kazussy|0 fnt\n|faint|p2a: kazussy\n|faint|p1a: Gengar\n|inactive|abyssal ruins has 60 seconds left.\n|inactive|I ❤️ SZA has 150 seconds left.\n|inactive|abyssal ruins has 30 seconds left.\n|inactive|I ❤️ SZA has 120 seconds left.\n|inactive|I ❤️ SZA has 90 seconds left.\n|\n|t:|1742092658\n|switch|p2a: groudussy|Tauros|100/100\n|switch|p1a: Tauros|Tauros|100/100\n|turn|34\n|\n|t:|1742092666\n|move|p2a: groudussy|Body Slam|p1a: Tauros\n|-damage|p1a: Tauros|70/100\n|move|p1a: Tauros|Hyper Beam|p2a: groudussy\n|-damage|p2a: groudussy|52/100\n|-mustrecharge|p1a: Tauros\n|\n|upkeep\n|turn|35\n|\n|t:|1742092679\n|move|p2a: groudussy|Blizzard|p1a: Tauros\n|-damage|p1a: Tauros|44/100\n|cant|p1a: Tauros|recharge\n|\n|upkeep\n|turn|36\n|inactive|abyssal ruins has 30 seconds left.\n|inactive|I ❤️ SZA has 60 seconds left.\n|\n|t:|1742092716\n|move|p1a: Tauros|Body Slam|p2a: groudussy\n|-crit|p2a: groudussy\n|-damage|p2a: groudussy|0 fnt\n|faint|p2a: groudussy\n|inactive|abyssal ruins has 30 seconds left.\n|\n|t:|1742092722\n|switch|p2a: pjussy|Cloyster|52/100 par\n|turn|37\n|inactive|I ❤️ SZA has 60 seconds left.\n|inactive|abyssal ruins has 30 seconds left.\n|\n|t:|1742092740\n|move|p1a: Tauros|Body Slam|p2a: pjussy\n|-crit|p2a: pjussy\n|-damage|p2a: pjussy|13/100 par\n|move|p2a: pjussy|Blizzard|p1a: Tauros\n|-damage|p1a: Tauros|0 fnt\n|faint|p1a: Tauros\n|\n|t:|1742092746\n|switch|p1a: Zapdos|Zapdos|100/100\n|turn|38\n|inactive|abyssal ruins has 30 seconds left.\n|inactive|abyssal ruins has 20 seconds left.\n|\n|t:|1742092774\n|move|p1a: Zapdos|Thunderbolt|p2a: pjussy\n|-supereffective|p2a: pjussy\n|-damage|p2a: pjussy|0 fnt\n|faint|p2a: pjussy\n|inactive|abyssal ruins has 25 seconds left this turn.\n|inactive|abyssal ruins has 20 seconds left.\n|inactive|abyssal ruins has 15 seconds left.\n|inactive|abyssal ruins has 10 seconds left.\n|\n|t:|1742092793\n|switch|p2a: starry blankussy|Starmie|100/100 slp\n|turn|39\n|inactive|abyssal ruins has 20 seconds left this turn.\n|\n|t:|1742092795\n|cant|p2a: starry blankussy|slp\n|move|p1a: Zapdos|Thunderbolt|p2a: starry blankussy\n|-supereffective|p2a: starry blankussy\n|-damage|p2a: starry blankussy|18/100 slp\n|\n|upkeep\n|turn|40\n|inactive|abyssal ruins has 30 seconds left this turn.\n|\n|t:|1742092799\n|cant|p2a: starry blankussy|slp\n|move|p1a: Zapdos|Thunderbolt|p2a: starry blankussy\n|-supereffective|p2a: starry blankussy\n|-damage|p2a: starry blankussy|0 fnt\n|faint|p2a: starry blankussy\n|\n|t:|1742092801\n|switch|p2a: kjdussy|Chansey|33/100 par\n|turn|41\n|\n|t:|1742092805\n|move|p1a: Zapdos|Drill Peck|p2a: kjdussy\n|-damage|p2a: kjdussy|0 fnt\n|faint|p2a: kjdussy\n|\n|t:|1742092807\n|switch|p2a: rorussy|Snorlax|54/100 slp\n|turn|42\n|\n|t:|1742092811\n|move|p1a: Zapdos|Thunderbolt|p2a: rorussy\n|-damage|p2a: rorussy|22/100 slp\n|-curestatus|p2a: rorussy|slp|[msg]\n|\n|upkeep\n|turn|43\n|\n|t:|1742092814\n|move|p1a: Zapdos|Thunderbolt|p2a: rorussy\n|-crit|p2a: rorussy\n|-damage|p2a: rorussy|0 fnt\n|faint|p2a: rorussy\n|\n|win|I ❤️ SZA\n|c|☆abyssal ruins|gg\n|c|☆I ❤️ SZA|gg\n","uploadtime":1742092814,"views":"1578","formatid":"gen1ou","rating":null,"private":0,"password":null}