{"id":"smogtours-gen1ou-909595","format":"[Gen 1] OU","players":["sadisticnarwhal","Ct0wn"],"log":"|inactive|Battle timer is ON: inactive players will automatically lose when time's up.\n|t:|1771187678\n|gametype|singles\n|player|p1|sadisticnarwhal|#rcop2023useast|\n|player|p2|Ct0wn|#splxviiclassiest2|\n|gen|1\n|tier|[Gen 1] OU\n|rule|Desync Clause Mod: Desyncs changed to move failure.\n|rule|Sleep Clause Mod: Limit one foe put to sleep\n|rule|Freeze Clause Mod: Limit one foe frozen\n|rule|Species Clause: Limit one of each Pokémon\n|rule|OHKO Clause: OHKO moves are banned\n|rule|Evasion Moves Clause: Evasion moves are banned\n|rule|Endless Battle Clause: Forcing endless battles is banned\n|rule|HP Percentage Mod: HP is shown in percentages\n|\n|t:|1771187678\n|teamsize|p1|6\n|teamsize|p2|6\n|start\n|switch|p1a: Gengar|Gengar|100/100\n|switch|p2a: Jynx|Jynx|100/100\n|turn|1\n|c|☆sadisticnarwhal|hf\n|c|☆Ct0wn|Hf\n|\n|t:|1771187707\n|move|p1a: Gengar|Explosion|p2a: Jynx\n|-damage|p2a: Jynx|0 fnt\n|faint|p2a: Jynx\n|faint|p1a: Gengar\n|\n|t:|1771187711\n|switch|p1a: Jynx|Jynx|100/100\n|switch|p2a: Tauros|Tauros|100/100\n|turn|2\n|\n|t:|1771187719\n|move|p2a: Tauros|Body Slam|p1a: Jynx\n|-damage|p1a: Jynx|50/100\n|-status|p1a: Jynx|par\n|move|p1a: Jynx|Lovely Kiss|p2a: Tauros|[miss]\n|-miss|p1a: Jynx\n|\n|upkeep\n|turn|3\n|\n|t:|1771187728\n|switch|p1a: Starmie|Starmie|100/100\n|move|p2a: Tauros|Body Slam|p1a: Starmie\n|-damage|p1a: Starmie|68/100\n|\n|upkeep\n|turn|4\n|\n|t:|1771187746\n|switch|p2a: Alakazam|Alakazam|100/100\n|move|p1a: Starmie|Thunder Wave|p2a: Alakazam\n|-status|p2a: Alakazam|par\n|\n|upkeep\n|turn|5\n|\n|t:|1771187752\n|move|p1a: Starmie|Recover|p1a: Starmie\n|-heal|p1a: Starmie|100/100\n|move|p2a: Alakazam|Thunder Wave|p1a: Starmie\n|-status|p1a: Starmie|par\n|\n|upkeep\n|turn|6\n|\n|t:|1771187755\n|cant|p2a: Alakazam|par\n|move|p1a: Starmie|Psychic|p2a: Alakazam\n|-resisted|p2a: Alakazam\n|-damage|p2a: Alakazam|87/100 par\n|\n|upkeep\n|turn|7\n|\n|t:|1771187759\n|move|p2a: Alakazam|Seismic Toss|p1a: Starmie\n|-damage|p1a: Starmie|70/100 par\n|move|p1a: Starmie|Psychic|p2a: Alakazam\n|-resisted|p2a: Alakazam\n|-damage|p2a: Alakazam|74/100 par\n|\n|upkeep\n|turn|8\n|\n|t:|1771187762\n|move|p2a: Alakazam|Seismic Toss|p1a: Starmie\n|-damage|p1a: Starmie|39/100 par\n|cant|p1a: Starmie|par\n|\n|upkeep\n|turn|9\n|\n|t:|1771187764\n|move|p2a: Alakazam|Psychic|p1a: Starmie\n|-resisted|p1a: Starmie\n|-damage|p1a: Starmie|18/100 par\n|move|p1a: Starmie|Recover|p1a: Starmie\n|-heal|p1a: Starmie|67/100 par\n|\n|upkeep\n|turn|10\n|\n|t:|1771187767\n|cant|p2a: Alakazam|par\n|move|p1a: Starmie|Recover|p1a: Starmie\n|-heal|p1a: Starmie|100/100 par\n|\n|upkeep\n|turn|11\n|rated|Smogon Premier League\n|\n|t:|1771187769\n|switch|p1a: Snorlax|Snorlax|100/100\n|move|p2a: Alakazam|Psychic|p1a: Snorlax\n|-damage|p1a: Snorlax|66/100\n|\n|upkeep\n|turn|12\n|\n|t:|1771187774\n|switch|p2a: Cloyster|Cloyster|100/100\n|move|p1a: Snorlax|Body Slam|p2a: Cloyster\n|-damage|p2a: Cloyster|76/100\n|\n|upkeep\n|turn|13\n|\n|t:|1771187778\n|switch|p1a: Starmie|Starmie|100/100 par\n|move|p2a: Cloyster|Blizzard|p1a: Starmie\n|-resisted|p1a: Starmie\n|-damage|p1a: Starmie|79/100 par\n|\n|upkeep\n|turn|14\n|\n|t:|1771187784\n|move|p2a: Cloyster|Clamp|p1a: Starmie|[miss]\n|-miss|p2a: Cloyster\n|move|p1a: Starmie|Psychic|p2a: Cloyster\n|-crit|p2a: Cloyster\n|-damage|p2a: Cloyster|0 fnt\n|faint|p2a: Cloyster\n|\n|t:|1771187790\n|switch|p2a: Alakazam|Alakazam|74/100 par\n|turn|15\n|\n|t:|1771187793\n|cant|p2a: Alakazam|par\n|move|p1a: Starmie|Recover|p1a: Starmie\n|-heal|p1a: Starmie|100/100 par\n|\n|upkeep\n|turn|16\n|\n|t:|1771187797\n|move|p2a: Alakazam|Psychic|p1a: Starmie\n|-resisted|p1a: Starmie\n|-damage|p1a: Starmie|81/100 par\n|cant|p1a: Starmie|par\n|\n|upkeep\n|turn|17\n|\n|t:|1771187800\n|move|p2a: Alakazam|Psychic|p1a: Starmie\n|-crit|p1a: Starmie\n|-resisted|p1a: Starmie\n|-damage|p1a: Starmie|44/100 par\n|cant|p1a: Starmie|par\n|\n|upkeep\n|turn|18\n|\n|t:|1771187804\n|cant|p2a: Alakazam|par\n|move|p1a: Starmie|Recover|p1a: Starmie\n|-heal|p1a: Starmie|94/100 par\n|\n|upkeep\n|turn|19\n|\n|t:|1771187807\n|move|p2a: Alakazam|Seismic Toss|p1a: Starmie\n|-damage|p1a: Starmie|63/100 par\n|move|p1a: Starmie|Psychic|p2a: Alakazam\n|-resisted|p2a: Alakazam\n|-damage|p2a: Alakazam|60/100 par\n|\n|upkeep\n|turn|20\n|\n|t:|1771187809\n|move|p2a: Alakazam|Psychic|p1a: Starmie\n|-resisted|p1a: Starmie\n|-damage|p1a: Starmie|44/100 par\n|-unboost|p1a: Starmie|spa|1\n|-unboost|p1a: Starmie|spd|1\n|move|p1a: Starmie|Recover|p1a: Starmie\n|-heal|p1a: Starmie|94/100 par\n|\n|upkeep\n|turn|21\n|\n|t:|1771187836\n|move|p2a: Alakazam|Psychic|p1a: Starmie\n|-resisted|p1a: Starmie\n|-damage|p1a: Starmie|65/100 par\n|move|p1a: Starmie|Recover|p1a: Starmie\n|-heal|p1a: Starmie|100/100 par\n|\n|upkeep\n|turn|22\n|\n|t:|1771187846\n|move|p2a: Alakazam|Psychic|p1a: Starmie\n|-crit|p1a: Starmie\n|-resisted|p1a: Starmie\n|-damage|p1a: Starmie|62/100 par\n|-unboost|p1a: Starmie|spa|1\n|-unboost|p1a: Starmie|spd|1\n|move|p1a: Starmie|Psychic|p2a: Alakazam\n|-resisted|p2a: Alakazam\n|-damage|p2a: Alakazam|53/100 par\n|\n|upkeep\n|turn|23\n|\n|t:|1771187852\n|move|p2a: Alakazam|Recover|p2a: Alakazam\n|-heal|p2a: Alakazam|100/100 par\n|move|p1a: Starmie|Recover|p1a: Starmie\n|-heal|p1a: Starmie|100/100 par\n|\n|upkeep\n|turn|24\n|inactive|sadisticnarwhal has 270 seconds left.\n|\n|t:|1771187889\n|switch|p1a: Jynx|Jynx|50/100 par\n|move|p2a: Alakazam|Psychic|p1a: Jynx\n|-resisted|p1a: Jynx\n|-damage|p1a: Jynx|30/100 par\n|\n|upkeep\n|turn|25\n|\n|t:|1771187895\n|switch|p1a: Starmie|Starmie|100/100 par\n|move|p2a: Alakazam|Psychic|p1a: Starmie\n|-resisted|p1a: Starmie\n|-damage|p1a: Starmie|81/100 par\n|\n|upkeep\n|turn|26\n|\n|t:|1771187900\n|move|p2a: Alakazam|Seismic Toss|p1a: Starmie\n|-damage|p1a: Starmie|50/100 par\n|move|p1a: Starmie|Recover|p1a: Starmie\n|-heal|p1a: Starmie|99/100 par\n|\n|upkeep\n|turn|27\n|\n|t:|1771187905\n|move|p2a: Alakazam|Seismic Toss|p1a: Starmie\n|-damage|p1a: Starmie|69/100 par\n|move|p1a: Starmie|Psychic|p2a: Alakazam\n|-resisted|p2a: Alakazam\n|-damage|p2a: Alakazam|87/100 par\n|\n|upkeep\n|turn|28\n|\n|t:|1771187906\n|cant|p2a: Alakazam|par\n|cant|p1a: Starmie|par\n|\n|upkeep\n|turn|29\n|\n|t:|1771187908\n|move|p2a: Alakazam|Seismic Toss|p1a: Starmie\n|-damage|p1a: Starmie|38/100 par\n|cant|p1a: Starmie|par\n|\n|upkeep\n|turn|30\n|\n|t:|1771187910\n|move|p2a: Alakazam|Psychic|p1a: Starmie\n|-resisted|p1a: Starmie\n|-damage|p1a: Starmie|17/100 par\n|-unboost|p1a: Starmie|spa|1\n|-unboost|p1a: Starmie|spd|1\n|move|p1a: Starmie|Recover|p1a: Starmie\n|-heal|p1a: Starmie|66/100 par\n|\n|upkeep\n|turn|31\n|\n|t:|1771187913\n|move|p2a: Alakazam|Seismic Toss|p1a: Starmie\n|-damage|p1a: Starmie|35/100 par\n|move|p1a: Starmie|Recover|p1a: Starmie\n|-heal|p1a: Starmie|85/100 par\n|\n|upkeep\n|turn|32\n|\n|t:|1771187916\n|move|p2a: Alakazam|Psychic|p1a: Starmie\n|-resisted|p1a: Starmie\n|-damage|p1a: Starmie|55/100 par\n|-unboost|p1a: Starmie|spa|1\n|-unboost|p1a: Starmie|spd|1\n|move|p1a: Starmie|Recover|p1a: Starmie\n|-heal|p1a: Starmie|100/100 par\n|\n|upkeep\n|turn|33\n|inactive|sadisticnarwhal has 270 seconds left.\n|inactive|sadisticnarwhal has 240 seconds left.\n|inactive|sadisticnarwhal has 210 seconds left.\n|\n|t:|1771188026\n|switch|p1a: Alakazam|Alakazam|100/100\n|move|p2a: Alakazam|Psychic|p1a: Alakazam\n|-resisted|p1a: Alakazam\n|-damage|p1a: Alakazam|83/100\n|-unboost|p1a: Alakazam|spa|1\n|-unboost|p1a: Alakazam|spd|1\n|\n|upkeep\n|turn|34\n|\n|t:|1771188032\n|switch|p1a: Starmie|Starmie|100/100 par\n|move|p2a: Alakazam|Seismic Toss|p1a: Starmie\n|-damage|p1a: Starmie|70/100 par\n|\n|upkeep\n|turn|35\n|\n|t:|1771188036\n|move|p2a: Alakazam|Seismic Toss|p1a: Starmie\n|-damage|p1a: Starmie|39/100 par\n|move|p1a: Starmie|Recover|p1a: Starmie\n|-heal|p1a: Starmie|88/100 par\n|\n|upkeep\n|turn|36\n|\n|t:|1771188038\n|move|p2a: Alakazam|Seismic Toss|p1a: Starmie|[miss]\n|-miss|p2a: Alakazam\n|-hint|In Gen 1, moves with 100% accuracy can still miss 1/256 of the time.\n|move|p1a: Starmie|Recover|p1a: Starmie\n|-heal|p1a: Starmie|100/100 par\n|\n|upkeep\n|turn|37\n|\n|t:|1771188040\n|move|p2a: Alakazam|Seismic Toss|p1a: Starmie\n|-damage|p1a: Starmie|70/100 par\n|move|p1a: Starmie|Psychic|p2a: Alakazam\n|-crit|p2a: Alakazam\n|-resisted|p2a: Alakazam\n|-damage|p2a: Alakazam|60/100 par\n|-unboost|p2a: Alakazam|spa|1\n|-unboost|p2a: Alakazam|spd|1\n|\n|upkeep\n|turn|38\n|\n|t:|1771188048\n|switch|p2a: Snorlax|Snorlax|100/100\n|move|p1a: Starmie|Recover|p1a: Starmie\n|-heal|p1a: Starmie|100/100 par\n|\n|upkeep\n|turn|39\n|\n|t:|1771188055\n|switch|p2a: Alakazam|Alakazam|60/100 par\n|move|p1a: Starmie|Thunder Wave|p2a: Alakazam\n|-fail|p2a: Alakazam|par\n|\n|upkeep\n|turn|40\n|\n|t:|1771188059\n|move|p2a: Alakazam|Recover|p2a: Alakazam\n|-heal|p2a: Alakazam|100/100 par\n|move|p1a: Starmie|Psychic|p2a: Alakazam\n|-crit|p2a: Alakazam\n|-resisted|p2a: Alakazam\n|-damage|p2a: Alakazam|74/100 par\n|\n|upkeep\n|turn|41\n|\n|t:|1771188062\n|move|p2a: Alakazam|Seismic Toss|p1a: Starmie\n|-damage|p1a: Starmie|70/100 par\n|move|p1a: Starmie|Psychic|p2a: Alakazam\n|-resisted|p2a: Alakazam\n|-damage|p2a: Alakazam|60/100 par\n|\n|upkeep\n|turn|42\n|\n|t:|1771188064\n|move|p2a: Alakazam|Seismic Toss|p1a: Starmie\n|-damage|p1a: Starmie|39/100 par\n|move|p1a: Starmie|Recover|p1a: Starmie\n|-heal|p1a: Starmie|88/100 par\n|\n|upkeep\n|turn|43\n|\n|t:|1771188066\n|move|p2a: Alakazam|Seismic Toss|p1a: Starmie\n|-damage|p1a: Starmie|57/100 par\n|cant|p1a: Starmie|par\n|\n|upkeep\n|turn|44\n|\n|t:|1771188068\n|move|p2a: Alakazam|Seismic Toss|p1a: Starmie\n|-damage|p1a: Starmie|27/100 par\n|move|p1a: Starmie|Recover|p1a: Starmie\n|-heal|p1a: Starmie|76/100 par\n|\n|upkeep\n|turn|45\n|\n|t:|1771188070\n|move|p2a: Alakazam|Seismic Toss|p1a: Starmie\n|-damage|p1a: Starmie|45/100 par\n|move|p1a: Starmie|Recover|p1a: Starmie\n|-heal|p1a: Starmie|95/100 par\n|\n|upkeep\n|turn|46\n|\n|t:|1771188072\n|move|p2a: Alakazam|Seismic Toss|p1a: Starmie\n|-damage|p1a: Starmie|64/100 par\n|cant|p1a: Starmie|par\n|\n|upkeep\n|turn|47\n|\n|t:|1771188075\n|move|p2a: Alakazam|Seismic Toss|p1a: Starmie\n|-damage|p1a: Starmie|33/100 par\n|move|p1a: Starmie|Recover|p1a: Starmie\n|-heal|p1a: Starmie|83/100 par\n|\n|upkeep\n|turn|48\n|\n|t:|1771188077\n|move|p2a: Alakazam|Seismic Toss|p1a: Starmie\n|-damage|p1a: Starmie|52/100 par\n|move|p1a: Starmie|Recover|p1a: Starmie\n|-heal|p1a: Starmie|100/100 par\n|\n|upkeep\n|turn|49\n|\n|t:|1771188081\n|cant|p2a: Alakazam|par\n|cant|p1a: Starmie|par\n|\n|upkeep\n|turn|50\n|\n|t:|1771188083\n|move|p2a: Alakazam|Recover|p2a: Alakazam\n|-heal|p2a: Alakazam|100/100 par\n|move|p1a: Starmie|Psychic|p2a: Alakazam\n|-resisted|p2a: Alakazam\n|-damage|p2a: Alakazam|87/100 par\n|-unboost|p2a: Alakazam|spa|1\n|-unboost|p2a: Alakazam|spd|1\n|\n|upkeep\n|turn|51\n|\n|t:|1771188087\n|move|p1a: Starmie|Blizzard|p2a: Alakazam\n|-damage|p2a: Alakazam|52/100 par\n|move|p2a: Alakazam|Seismic Toss|p1a: Starmie\n|-damage|p1a: Starmie|70/100 par\n|\n|upkeep\n|turn|52\n|\n|t:|1771188090\n|switch|p2a: Snorlax|Snorlax|100/100\n|move|p1a: Starmie|Recover|p1a: Starmie\n|-heal|p1a: Starmie|100/100 par\n|\n|upkeep\n|turn|53\n|\n|t:|1771188128\n|move|p2a: Snorlax|Body Slam|p1a: Starmie\n|-damage|p1a: Starmie|63/100 par\n|move|p1a: Starmie|Thunder Wave|p2a: Snorlax\n|-status|p2a: Snorlax|par\n|\n|upkeep\n|turn|54\n|\n|t:|1771188133\n|move|p1a: Starmie|Recover|p1a: Starmie\n|-heal|p1a: Starmie|100/100 par\n|move|p2a: Snorlax|Body Slam|p1a: Starmie\n|-damage|p1a: Starmie|62/100 par\n|\n|upkeep\n|turn|55\n|\n|t:|1771188143\n|move|p1a: Starmie|Recover|p1a: Starmie\n|-heal|p1a: Starmie|100/100 par\n|move|p2a: Snorlax|Body Slam|p1a: Starmie\n|-crit|p1a: Starmie\n|-damage|p1a: Starmie|23/100 par\n|\n|upkeep\n|turn|56\n|\n|t:|1771188146\n|move|p1a: Starmie|Recover|p1a: Starmie\n|-heal|p1a: Starmie|73/100 par\n|move|p2a: Snorlax|Body Slam|p1a: Starmie\n|-damage|p1a: Starmie|36/100 par\n|\n|upkeep\n|turn|57\n|\n|t:|1771188148\n|cant|p1a: Starmie|par\n|cant|p2a: Snorlax|par\n|\n|upkeep\n|turn|58\n|\n|t:|1771188150\n|move|p1a: Starmie|Recover|p1a: Starmie\n|-heal|p1a: Starmie|86/100 par\n|cant|p2a: Snorlax|par\n|\n|upkeep\n|turn|59\n|\n|t:|1771188153\n|cant|p1a: Starmie|par\n|move|p2a: Snorlax|Body Slam|p1a: Starmie\n|-damage|p1a: Starmie|52/100 par\n|\n|upkeep\n|turn|60\n|\n|t:|1771188155\n|move|p1a: Starmie|Recover|p1a: Starmie\n|-heal|p1a: Starmie|100/100 par\n|move|p2a: Snorlax|Body Slam|p1a: Starmie\n|-damage|p1a: Starmie|63/100 par\n|\n|upkeep\n|turn|61\n|\n|t:|1771188157\n|move|p1a: Starmie|Psychic|p2a: Snorlax\n|-damage|p2a: Snorlax|74/100 par\n|-unboost|p2a: Snorlax|spa|1\n|-unboost|p2a: Snorlax|spd|1\n|cant|p2a: Snorlax|par\n|\n|upkeep\n|turn|62\n|\n|t:|1771188168\n|move|p1a: Starmie|Psychic|p2a: Snorlax\n|-damage|p2a: Snorlax|37/100 par\n|move|p2a: Snorlax|Body Slam|p1a: Starmie\n|-damage|p1a: Starmie|28/100 par\n|\n|upkeep\n|turn|63\n|\n|t:|1771188172\n|move|p1a: Starmie|Recover|p1a: Starmie\n|-heal|p1a: Starmie|78/100 par\n|move|p2a: Snorlax|Self-Destruct|p1a: Starmie\n|-crit|p1a: Starmie\n|-damage|p1a: Starmie|0 fnt\n|faint|p1a: Starmie\n|faint|p2a: Snorlax\n|inactive|sadisticnarwhal has 270 seconds left.\n|inactive|sadisticnarwhal has 240 seconds left.\n|inactive|sadisticnarwhal has 210 seconds left.\n|inactive|sadisticnarwhal has 180 seconds left.\n|\n|t:|1771188315\n|switch|p1a: Snorlax|Snorlax|66/100\n|switch|p2a: Exeggutor|Exeggutor|100/100\n|turn|64\n|inactive|sadisticnarwhal has 150 seconds left.\n|inactive|sadisticnarwhal has 120 seconds left.\n|\n|t:|1771188392\n|move|p2a: Exeggutor|Sleep Powder|p1a: Snorlax\n|-status|p1a: Snorlax|slp|[from] move: Sleep Powder\n|cant|p1a: Snorlax|slp\n|\n|upkeep\n|turn|65\n|\n|t:|1771188400\n|switch|p1a: Alakazam|Alakazam|83/100\n|move|p2a: Exeggutor|Psychic|p1a: Alakazam\n|-resisted|p1a: Alakazam\n|-damage|p1a: Alakazam|66/100\n|\n|upkeep\n|turn|66\n|inactive|sadisticnarwhal has 90 seconds left.\n|\n|t:|1771188433\n|move|p1a: Alakazam|Thunder Wave|p2a: Exeggutor\n|-status|p2a: Exeggutor|par\n|move|p2a: Exeggutor|Stun Spore|p1a: Alakazam\n|-status|p1a: Alakazam|par\n|\n|upkeep\n|turn|67\n|inactive|sadisticnarwhal has 90 seconds left.\n|\n|t:|1771188444\n|switch|p2a: Alakazam|Alakazam|52/100 par\n|move|p1a: Alakazam|Seismic Toss|p2a: Alakazam\n|-damage|p2a: Alakazam|20/100 par\n|\n|upkeep\n|turn|68\n|inactive|sadisticnarwhal has 90 seconds left.\n|\n|t:|1771188459\n|move|p1a: Alakazam|Recover|p1a: Alakazam\n|-heal|p1a: Alakazam|100/100 par\n|move|p2a: Alakazam|Psychic|p1a: Alakazam\n|-resisted|p1a: Alakazam\n|-damage|p1a: Alakazam|85/100 par\n|\n|upkeep\n|turn|69\n|\n|t:|1771188465\n|move|p1a: Alakazam|Seismic Toss|p2a: Alakazam\n|-damage|p2a: Alakazam|0 fnt\n|faint|p2a: Alakazam\n|\n|t:|1771188467\n|switch|p2a: Tauros|Tauros|100/100\n|turn|70\n|inactive|sadisticnarwhal has 90 seconds left.\n|inactive|sadisticnarwhal has 60 seconds left.\n|\n|t:|1771188535\n|switch|p1a: Snorlax|Snorlax|66/100 slp\n|move|p2a: Tauros|Hyper Beam|p1a: Snorlax\n|-damage|p1a: Snorlax|25/100 slp\n|-mustrecharge|p2a: Tauros\n|\n|upkeep\n|turn|71\n|\n|t:|1771188542\n|switch|p1a: Tauros|Tauros|100/100\n|cant|p2a: Tauros|recharge\n|\n|upkeep\n|turn|72\n|\n|t:|1771188547\n|move|p1a: Tauros|Body Slam|p2a: Tauros\n|-crit|p2a: Tauros\n|-damage|p2a: Tauros|41/100\n|move|p2a: Tauros|Body Slam|p1a: Tauros\n|-crit|p1a: Tauros\n|-damage|p1a: Tauros|43/100\n|\n|upkeep\n|turn|73\n|\n|t:|1771188561\n|move|p1a: Tauros|Hyper Beam|p2a: Tauros\n|-damage|p2a: Tauros|0 fnt\n|faint|p2a: Tauros\n|\n|t:|1771188563\n|switch|p2a: Exeggutor|Exeggutor|100/100 par\n|turn|74\n|\n|t:|1771188568\n|switch|p1a: Snorlax|Snorlax|25/100 slp\n|move|p2a: Exeggutor|Psychic|p1a: Snorlax\n|-damage|p1a: Snorlax|0 fnt\n|faint|p1a: Snorlax\n|inactive|sadisticnarwhal has 60 seconds left.\n|\n|t:|1771188579\n|switch|p1a: Alakazam|Alakazam|85/100 par\n|turn|75\n|\n|t:|1771188584\n|move|p1a: Alakazam|Seismic Toss|p2a: Exeggutor\n|-damage|p2a: Exeggutor|75/100 par\n|move|p2a: Exeggutor|Psychic|p1a: Alakazam\n|-resisted|p1a: Alakazam\n|-damage|p1a: Alakazam|69/100 par\n|\n|upkeep\n|turn|76\n|\n|t:|1771188587\n|cant|p1a: Alakazam|par\n|move|p2a: Exeggutor|Psychic|p1a: Alakazam\n|-resisted|p1a: Alakazam\n|-damage|p1a: Alakazam|52/100 par\n|\n|upkeep\n|turn|77\n|\n|t:|1771188588\n|move|p1a: Alakazam|Recover|p1a: Alakazam\n|-heal|p1a: Alakazam|100/100 par\n|move|p2a: Exeggutor|Psychic|p1a: Alakazam\n|-resisted|p1a: Alakazam\n|-damage|p1a: Alakazam|84/100 par\n|-unboost|p1a: Alakazam|spa|1\n|-unboost|p1a: Alakazam|spd|1\n|\n|upkeep\n|turn|78\n|\n|t:|1771188593\n|move|p2a: Exeggutor|Psychic|p1a: Alakazam\n|-resisted|p1a: Alakazam\n|-damage|p1a: Alakazam|60/100 par\n|-unboost|p1a: Alakazam|spa|1\n|-unboost|p1a: Alakazam|spd|1\n|move|p1a: Alakazam|Seismic Toss|p2a: Exeggutor\n|-damage|p2a: Exeggutor|50/100 par\n|\n|upkeep\n|turn|79\n|\n|t:|1771188601\n|move|p2a: Exeggutor|Psychic|p1a: Alakazam\n|-resisted|p1a: Alakazam\n|-damage|p1a: Alakazam|29/100 par\n|move|p1a: Alakazam|Seismic Toss|p2a: Exeggutor\n|-damage|p2a: Exeggutor|24/100 par\n|\n|upkeep\n|turn|80\n|\n|t:|1771188606\n|move|p2a: Exeggutor|Psychic|p1a: Alakazam\n|-resisted|p1a: Alakazam\n|-damage|p1a: Alakazam|0 fnt\n|faint|p1a: Alakazam\n|\n|t:|1771188608\n|switch|p1a: Tauros|Tauros|43/100\n|turn|81\n|\n|t:|1771188610\n|move|p1a: Tauros|Body Slam|p2a: Exeggutor\n|-damage|p2a: Exeggutor|0 fnt\n|faint|p2a: Exeggutor\n|\n|win|sadisticnarwhal\n|c|☆Ct0wn|Gg\n|c|☆sadisticnarwhal|gg\n|player|p1|\n","uploadtime":1771188610,"views":"850","formatid":"gen1ou","rating":null,"private":0,"password":null}