{"id":"smogtours-gen1ou-906867","format":"[Gen 1] OU","players":["Sceptross","Malekith"],"log":"|inactive|Battle timer is ON: inactive players will automatically lose when time's up.\n|t:|1770563822\n|gametype|singles\n|player|p1|Sceptross|#splxviicryonicles2|\n|player|p2|Malekith|#splxviisharks2|\n|gen|1\n|tier|[Gen 1] OU\n|rule|Desync Clause Mod: Desyncs changed to move failure.\n|rule|Sleep Clause Mod: Limit one foe put to sleep\n|rule|Freeze Clause Mod: Limit one foe frozen\n|rule|Species Clause: Limit one of each Pokémon\n|rule|OHKO Clause: OHKO moves are banned\n|rule|Evasion Moves Clause: Evasion moves are banned\n|rule|Endless Battle Clause: Forcing endless battles is banned\n|rule|HP Percentage Mod: HP is shown in percentages\n|\n|t:|1770563822\n|teamsize|p1|6\n|teamsize|p2|6\n|start\n|switch|p1a: Alakazam|Alakazam|100/100\n|switch|p2a: Hopus Pocus|Jynx|100/100\n|turn|1\n|c|☆Malekith|hf\n|c|☆Sceptross|gl hf\n|inactive|Sceptross has 270 seconds left.\n|inactive|Malekith has 270 seconds left.\n|\n|t:|1770563872\n|move|p1a: Alakazam|Thunder Wave|p2a: Hopus Pocus\n|-status|p2a: Hopus Pocus|par\n|move|p2a: Hopus Pocus|Lovely Kiss|p1a: Alakazam\n|-status|p1a: Alakazam|slp|[from] move: Lovely Kiss\n|\n|upkeep\n|turn|2\n|\n|t:|1770563892\n|cant|p1a: Alakazam|slp\n|cant|p2a: Hopus Pocus|par\n|\n|upkeep\n|turn|3\n|rated|Smogon Premier League\n|\n|t:|1770563898\n|cant|p1a: Alakazam|slp\n|cant|p2a: Hopus Pocus|par\n|\n|upkeep\n|turn|4\n|\n|t:|1770563907\n|switch|p1a: Chansey|Chansey|100/100\n|cant|p2a: Hopus Pocus|par\n|\n|upkeep\n|turn|5\n|\n|t:|1770563918\n|move|p1a: Chansey|Thunderbolt|p2a: Hopus Pocus\n|-damage|p2a: Hopus Pocus|78/100 par\n|move|p2a: Hopus Pocus|Blizzard|p1a: Chansey\n|-crit|p1a: Chansey\n|-damage|p1a: Chansey|62/100\n|-status|p1a: Chansey|frz\n|\n|upkeep\n|turn|6\n|inactive|Malekith has 270 seconds left.\n|inactive|Malekith has 240 seconds left.\n|\n|t:|1770564003\n|switch|p1a: Starmie|Starmie|100/100\n|switch|p2a: Esther Winchester|Tauros|100/100\n|\n|upkeep\n|turn|7\n|inactive|Sceptross has 270 seconds left.\n|\n|t:|1770564034\n|switch|p1a: Exeggutor|Exeggutor|100/100\n|switch|p2a: Golfa|Chansey|100/100\n|\n|upkeep\n|turn|8\n|inactive|Malekith has 210 seconds left.\n|\n|t:|1770564065\n|switch|p2a: Hopus Pocus|Jynx|78/100 par\n|move|p1a: Exeggutor|Psychic|p2a: Hopus Pocus\n|-resisted|p2a: Hopus Pocus\n|-damage|p2a: Hopus Pocus|59/100 par\n|\n|upkeep\n|turn|9\n|inactive|Malekith has 210 seconds left.\n|inactive|Sceptross has 270 seconds left.\n|\n|t:|1770564103\n|switch|p1a: Starmie|Starmie|100/100\n|cant|p2a: Hopus Pocus|par\n|\n|upkeep\n|turn|10\n|inactive|Malekith has 180 seconds left.\n|\n|t:|1770564123\n|move|p1a: Starmie|Surf|p2a: Hopus Pocus\n|-damage|p2a: Hopus Pocus|27/100 par\n|move|p2a: Hopus Pocus|Blizzard|p1a: Starmie\n|-crit|p1a: Starmie\n|-resisted|p1a: Starmie\n|-damage|p1a: Starmie|61/100\n|\n|upkeep\n|turn|11\n|inactive|Malekith has 180 seconds left.\n|inactive|Sceptross has 240 seconds left.\n|\n|t:|1770564144\n|switch|p2a: Golfa|Chansey|100/100\n|move|p1a: Starmie|Recover|p1a: Starmie\n|-heal|p1a: Starmie|100/100\n|\n|upkeep\n|turn|12\n|inactive|Malekith has 180 seconds left.\n|\n|t:|1770564153\n|switch|p1a: Alakazam|Alakazam|100/100 slp\n|move|p2a: Golfa|Thunder Wave|p1a: Alakazam\n|-fail|p1a: Alakazam\n|\n|upkeep\n|turn|13\n|inactive|Malekith has 180 seconds left.\n|\n|t:|1770564182\n|switch|p1a: Snorlax|Snorlax|100/100\n|move|p2a: Golfa|Ice Beam|p1a: Snorlax\n|-crit|p1a: Snorlax\n|-damage|p1a: Snorlax|60/100\n|\n|upkeep\n|turn|14\n|inactive|Sceptross has 240 seconds left.\n|\n|t:|1770564225\n|switch|p2a: Hidalgo|Snorlax|100/100\n|move|p1a: Snorlax|Reflect|p1a: Snorlax\n|-start|p1a: Snorlax|Reflect\n|\n|upkeep\n|turn|15\n|\n|t:|1770564232\n|move|p2a: Hidalgo|Reflect|p2a: Hidalgo\n|-start|p2a: Hidalgo|Reflect\n|move|p1a: Snorlax|Body Slam|p2a: Hidalgo\n|-damage|p2a: Hidalgo|88/100\n|\n|upkeep\n|turn|16\n|inactive|Malekith has 180 seconds left.\n|\n|t:|1770564240\n|move|p1a: Snorlax|Rest|p1a: Snorlax\n|-status|p1a: Snorlax|slp|[from] move: Rest\n|-heal|p1a: Snorlax|100/100 slp|[silent]\n|move|p2a: Hidalgo|Body Slam|p1a: Snorlax\n|-damage|p1a: Snorlax|87/100 slp\n|\n|upkeep\n|turn|17\n|inactive|Malekith has 180 seconds left.\n|\n|t:|1770564255\n|move|p2a: Hidalgo|Body Slam|p1a: Snorlax\n|-damage|p1a: Snorlax|74/100 slp\n|cant|p1a: Snorlax|slp\n|\n|upkeep\n|turn|18\n|\n|t:|1770564258\n|-curestatus|p1a: Snorlax|slp|[msg]\n|move|p2a: Hidalgo|Body Slam|p1a: Snorlax\n|-damage|p1a: Snorlax|60/100\n|\n|upkeep\n|turn|19\n|\n|t:|1770564267\n|move|p2a: Hidalgo|Body Slam|p1a: Snorlax\n|-damage|p1a: Snorlax|47/100\n|move|p1a: Snorlax|Rest|p1a: Snorlax\n|-status|p1a: Snorlax|slp|[from] move: Rest\n|-heal|p1a: Snorlax|100/100 slp|[silent]\n|\n|upkeep\n|turn|20\n|\n|t:|1770564272\n|move|p2a: Hidalgo|Body Slam|p1a: Snorlax\n|-damage|p1a: Snorlax|86/100 slp\n|cant|p1a: Snorlax|slp\n|\n|upkeep\n|turn|21\n|\n|t:|1770564275\n|move|p2a: Hidalgo|Body Slam|p1a: Snorlax\n|-damage|p1a: Snorlax|72/100 slp\n|-curestatus|p1a: Snorlax|slp|[msg]\n|\n|upkeep\n|turn|22\n|\n|t:|1770564280\n|move|p1a: Snorlax|Body Slam|p2a: Hidalgo\n|-damage|p2a: Hidalgo|75/100\n|move|p2a: Hidalgo|Body Slam|p1a: Snorlax\n|-damage|p1a: Snorlax|59/100\n|\n|upkeep\n|turn|23\n|\n|t:|1770564284\n|move|p1a: Snorlax|Rest|p1a: Snorlax\n|-status|p1a: Snorlax|slp|[from] move: Rest\n|-heal|p1a: Snorlax|100/100 slp|[silent]\n|move|p2a: Hidalgo|Body Slam|p1a: Snorlax\n|-damage|p1a: Snorlax|88/100 slp\n|\n|upkeep\n|turn|24\n|\n|t:|1770564286\n|move|p2a: Hidalgo|Body Slam|p1a: Snorlax\n|-damage|p1a: Snorlax|75/100 slp\n|cant|p1a: Snorlax|slp\n|\n|upkeep\n|turn|25\n|\n|t:|1770564289\n|move|p2a: Hidalgo|Body Slam|p1a: Snorlax\n|-damage|p1a: Snorlax|62/100 slp\n|-curestatus|p1a: Snorlax|slp|[msg]\n|\n|upkeep\n|turn|26\n|\n|t:|1770564294\n|move|p2a: Hidalgo|Body Slam|p1a: Snorlax\n|-damage|p1a: Snorlax|48/100\n|move|p1a: Snorlax|Body Slam|p2a: Hidalgo\n|-damage|p2a: Hidalgo|61/100\n|\n|upkeep\n|turn|27\n|\n|t:|1770564298\n|switch|p2a: StarmariN|Starmie|100/100\n|move|p1a: Snorlax|Rest|p1a: Snorlax\n|-status|p1a: Snorlax|slp|[from] move: Rest\n|-heal|p1a: Snorlax|100/100 slp|[silent]\n|\n|upkeep\n|turn|28\n|inactive|Malekith has 270 seconds left.\n|\n|t:|1770564313\n|switch|p1a: Chansey|Chansey|62/100 frz\n|move|p2a: StarmariN|Psychic|p1a: Chansey\n|-damage|p1a: Chansey|48/100 frz\n|\n|upkeep\n|turn|29\n|inactive|Malekith has 270 seconds left.\n|\n|t:|1770564326\n|switch|p1a: Alakazam|Alakazam|100/100 slp\n|move|p2a: StarmariN|Thunder Wave|p1a: Alakazam\n|-fail|p1a: Alakazam\n|\n|upkeep\n|turn|30\n|\n|t:|1770564336\n|switch|p2a: Esther Winchester|Tauros|100/100\n|cant|p1a: Alakazam|slp\n|\n|upkeep\n|turn|31\n|\n|t:|1770564350\n|switch|p1a: Chansey|Chansey|48/100 frz\n|move|p2a: Esther Winchester|Body Slam|p1a: Chansey\n|-damage|p1a: Chansey|6/100 frz\n|\n|upkeep\n|turn|32\n|inactive|Malekith has 270 seconds left.\n|inactive|Malekith has 240 seconds left.\n|\n|t:|1770564437\n|switch|p2a: Do Bronxs|Zapdos|100/100\n|cant|p1a: Chansey|frz\n|\n|upkeep\n|turn|33\n|inactive|Malekith has 210 seconds left.\n|\n|t:|1770564468\n|move|p2a: Do Bronxs|Thunder Wave|p1a: Chansey\n|-fail|p1a: Chansey\n|cant|p1a: Chansey|frz\n|\n|upkeep\n|turn|34\n|\n|t:|1770564470\n|move|p2a: Do Bronxs|Agility|p2a: Do Bronxs\n|-boost|p2a: Do Bronxs|spe|2\n|cant|p1a: Chansey|frz\n|\n|upkeep\n|turn|35\n|inactive|Malekith has 210 seconds left.\n|\n|t:|1770564476\n|move|p2a: Do Bronxs|Drill Peck|p1a: Chansey\n|-damage|p1a: Chansey|0 fnt\n|faint|p1a: Chansey\n|\n|t:|1770564480\n|switch|p1a: Exeggutor|Exeggutor|100/100\n|turn|36\n|inactive|Malekith has 210 seconds left.\n|inactive|Malekith has 180 seconds left.\n|\n|t:|1770564525\n|switch|p2a: Hopus Pocus|Jynx|27/100 par\n|move|p1a: Exeggutor|Sleep Powder|p2a: Hopus Pocus\n|-fail|p2a: Hopus Pocus\n|\n|upkeep\n|turn|37\n|inactive|Malekith has 180 seconds left.\n|\n|t:|1770564555\n|switch|p1a: Starmie|Starmie|100/100\n|switch|p2a: StarmariN|Starmie|100/100\n|\n|upkeep\n|turn|38\n|\n|t:|1770564583\n|switch|p1a: Alakazam|Alakazam|100/100 slp\n|move|p2a: StarmariN|Thunder Wave|p1a: Alakazam\n|-fail|p1a: Alakazam\n|\n|upkeep\n|turn|39\n|\n|t:|1770564589\n|switch|p1a: Exeggutor|Exeggutor|100/100\n|switch|p2a: Esther Winchester|Tauros|100/100\n|\n|upkeep\n|turn|40\n|inactive|Sceptross has 270 seconds left.\n|inactive|Malekith has 150 seconds left.\n|\n|t:|1770564631\n|switch|p2a: StarmariN|Starmie|100/100\n|move|p1a: Exeggutor|Sleep Powder|p2a: StarmariN\n|-status|p2a: StarmariN|slp|[from] move: Sleep Powder\n|\n|upkeep\n|turn|41\n|inactive|Sceptross has 240 seconds left.\n|\n|t:|1770564656\n|switch|p2a: Golfa|Chansey|100/100\n|move|p1a: Exeggutor|Stun Spore|p2a: Golfa\n|-status|p2a: Golfa|par\n|\n|upkeep\n|turn|42\n|inactive|Sceptross has 240 seconds left.\n|\n|t:|1770564696\n|switch|p1a: Snorlax|Snorlax|100/100 slp\n|move|p2a: Golfa|Ice Beam|p1a: Snorlax\n|-damage|p1a: Snorlax|83/100 slp\n|\n|upkeep\n|turn|43\n|inactive|Malekith has 120 seconds left.\n|\n|t:|1770564716\n|switch|p2a: Hidalgo|Snorlax|61/100\n|cant|p1a: Snorlax|slp\n|\n|upkeep\n|turn|44\n|\n|t:|1770564739\n|move|p2a: Hidalgo|Body Slam|p1a: Snorlax\n|-damage|p1a: Snorlax|57/100 slp\n|-curestatus|p1a: Snorlax|slp|[msg]\n|\n|upkeep\n|turn|45\n|\n|t:|1770564751\n|move|p1a: Snorlax|Reflect|p1a: Snorlax\n|-start|p1a: Snorlax|Reflect\n|move|p2a: Hidalgo|Body Slam|p1a: Snorlax\n|-damage|p1a: Snorlax|45/100\n|\n|upkeep\n|turn|46\n|\n|t:|1770564774\n|move|p2a: Hidalgo|Reflect|p2a: Hidalgo\n|-start|p2a: Hidalgo|Reflect\n|move|p1a: Snorlax|Body Slam|p2a: Hidalgo\n|-damage|p2a: Hidalgo|49/100\n|\n|upkeep\n|turn|47\n|\n|t:|1770564793\n|switch|p2a: Do Bronxs|Zapdos|100/100\n|move|p1a: Snorlax|Rest|p1a: Snorlax\n|-status|p1a: Snorlax|slp|[from] move: Rest\n|-heal|p1a: Snorlax|100/100 slp|[silent]\n|\n|upkeep\n|turn|48\n|\n|t:|1770564805\n|move|p2a: Do Bronxs|Thunderbolt|p1a: Snorlax\n|-damage|p1a: Snorlax|70/100 slp\n|cant|p1a: Snorlax|slp\n|\n|upkeep\n|turn|49\n|\n|t:|1770564808\n|move|p2a: Do Bronxs|Thunderbolt|p1a: Snorlax\n|-damage|p1a: Snorlax|37/100 slp\n|-curestatus|p1a: Snorlax|slp|[msg]\n|\n|upkeep\n|turn|50\n|inactive|Malekith has 120 seconds left.\n|\n|t:|1770564856\n|move|p2a: Do Bronxs|Thunderbolt|p1a: Snorlax\n|-damage|p1a: Snorlax|6/100\n|move|p1a: Snorlax|Hyper Beam|p2a: Do Bronxs\n|-damage|p2a: Do Bronxs|47/100\n|-mustrecharge|p1a: Snorlax\n|\n|upkeep\n|turn|51\n|\n|t:|1770564874\n|move|p2a: Do Bronxs|Drill Peck|p1a: Snorlax\n|-damage|p1a: Snorlax|0 fnt\n|faint|p1a: Snorlax\n|\n|t:|1770564884\n|switch|p1a: Tauros|Tauros|100/100\n|turn|52\n|\n|t:|1770564899\n|switch|p2a: Hopus Pocus|Jynx|27/100 par\n|move|p1a: Tauros|Body Slam|p2a: Hopus Pocus\n|-crit|p2a: Hopus Pocus\n|-damage|p2a: Hopus Pocus|0 fnt\n|faint|p2a: Hopus Pocus\n|\n|t:|1770564906\n|switch|p2a: Esther Winchester|Tauros|100/100\n|turn|53\n|inactive|Sceptross has 240 seconds left.\n|inactive|Sceptross has 210 seconds left.\n|inactive|Sceptross has 180 seconds left.\n|inactive|Sceptross has 150 seconds left.\n|inactive|Sceptross has 120 seconds left.\n|\n|t:|1770565060\n|move|p1a: Tauros|Body Slam|p2a: Esther Winchester\n|-crit|p2a: Esther Winchester\n|-damage|p2a: Esther Winchester|47/100\n|move|p2a: Esther Winchester|Body Slam|p1a: Tauros\n|-damage|p1a: Tauros|73/100\n|\n|upkeep\n|turn|54\n|inactive|Sceptross has 120 seconds left.\n|inactive|Malekith has 120 seconds left.\n|inactive|Malekith has 90 seconds left.\n|\n|t:|1770565114\n|move|p1a: Tauros|Body Slam|p2a: Esther Winchester\n|-crit|p2a: Esther Winchester\n|-damage|p2a: Esther Winchester|0 fnt\n|faint|p2a: Esther Winchester\n|\n|t:|1770565126\n|switch|p2a: Golfa|Chansey|100/100 par\n|turn|55\n|inactive|Sceptross has 90 seconds left.\n|\n|t:|1770565152\n|switch|p1a: Alakazam|Alakazam|100/100 slp\n|move|p2a: Golfa|Thunder Wave|p1a: Alakazam\n|-fail|p1a: Alakazam\n|\n|upkeep\n|turn|56\n|inactive|Sceptross has 90 seconds left.\n|\n|t:|1770565167\n|switch|p1a: Exeggutor|Exeggutor|100/100\n|switch|p2a: Hidalgo|Snorlax|49/100\n|\n|upkeep\n|turn|57\n|inactive|Sceptross has 90 seconds left.\n|\n|t:|1770565180\n|move|p1a: Exeggutor|Psychic|p2a: Hidalgo\n|-damage|p2a: Hidalgo|15/100\n|move|p2a: Hidalgo|Rest|p2a: Hidalgo\n|-status|p2a: Hidalgo|slp|[from] move: Rest\n|-heal|p2a: Hidalgo|100/100 slp|[silent]\n|\n|upkeep\n|turn|58\n|inactive|Malekith has 60 seconds left.\n|\n|t:|1770565201\n|switch|p2a: Golfa|Chansey|100/100 par\n|move|p1a: Exeggutor|Psychic|p2a: Golfa\n|-damage|p2a: Golfa|83/100 par\n|-unboost|p2a: Golfa|spa|1\n|-unboost|p2a: Golfa|spd|1\n|\n|upkeep\n|turn|59\n|inactive|Malekith has 60 seconds left.\n|\n|t:|1770565212\n|move|p1a: Exeggutor|Psychic|p2a: Golfa\n|-damage|p2a: Golfa|57/100 par\n|move|p2a: Golfa|Thunder Wave|p1a: Exeggutor\n|-status|p1a: Exeggutor|par\n|\n|upkeep\n|turn|60\n|\n|t:|1770565217\n|cant|p1a: Exeggutor|par\n|move|p2a: Golfa|Soft-Boiled|p2a: Golfa\n|-heal|p2a: Golfa|100/100 par\n|\n|upkeep\n|turn|61\n|\n|t:|1770565224\n|switch|p2a: StarmariN|Starmie|100/100 slp\n|move|p1a: Exeggutor|Psychic|p2a: StarmariN\n|-resisted|p2a: StarmariN\n|-damage|p2a: StarmariN|80/100 slp\n|-unboost|p2a: StarmariN|spa|1\n|-unboost|p2a: StarmariN|spd|1\n|\n|upkeep\n|turn|62\n|inactive|Sceptross has 120 seconds left.\n|\n|t:|1770565233\n|switch|p2a: Golfa|Chansey|100/100 par\n|switch|p1a: Tauros|Tauros|73/100\n|\n|upkeep\n|turn|63\n|inactive|Sceptross has 120 seconds left.\n|\n|t:|1770565262\n|switch|p1a: Alakazam|Alakazam|100/100 slp\n|move|p2a: Golfa|Thunder Wave|p1a: Alakazam\n|-fail|p1a: Alakazam\n|\n|upkeep\n|turn|64\n|\n|t:|1770565276\n|switch|p2a: Hidalgo|Snorlax|100/100 slp\n|cant|p1a: Alakazam|slp\n|\n|upkeep\n|turn|65\n|\n|t:|1770565286\n|cant|p1a: Alakazam|slp\n|cant|p2a: Hidalgo|slp\n|\n|upkeep\n|turn|66\n|\n|t:|1770565289\n|-curestatus|p1a: Alakazam|slp|[msg]\n|-curestatus|p2a: Hidalgo|slp|[msg]\n|\n|upkeep\n|turn|67\n|inactive|Sceptross has 120 seconds left.\n|\n|t:|1770565310\n|switch|p2a: Golfa|Chansey|100/100 par\n|move|p1a: Alakazam|Thunder Wave|p2a: Golfa\n|-fail|p2a: Golfa|par\n|\n|upkeep\n|turn|68\n|\n|t:|1770565321\n|switch|p1a: Exeggutor|Exeggutor|100/100 par\n|cant|p2a: Golfa|par\n|\n|upkeep\n|turn|69\n|\n|t:|1770565330\n|move|p1a: Exeggutor|Psychic|p2a: Golfa\n|-damage|p2a: Golfa|82/100 par\n|move|p2a: Golfa|Ice Beam|p1a: Exeggutor\n|-crit|p1a: Exeggutor\n|-supereffective|p1a: Exeggutor\n|-damage|p1a: Exeggutor|40/100 par\n|\n|upkeep\n|turn|70\n|inactive|Malekith has 120 seconds left.\n|\n|t:|1770565344\n|switch|p2a: StarmariN|Starmie|80/100 slp\n|move|p1a: Exeggutor|Psychic|p2a: StarmariN\n|-resisted|p2a: StarmariN\n|-damage|p2a: StarmariN|61/100 slp\n|\n|upkeep\n|turn|71\n|inactive|Sceptross has 120 seconds left.\n|\n|t:|1770565368\n|switch|p1a: Alakazam|Alakazam|100/100\n|cant|p2a: StarmariN|slp\n|\n|upkeep\n|turn|72\n|\n|t:|1770565381\n|switch|p2a: Golfa|Chansey|82/100 par\n|move|p1a: Alakazam|Psychic|p2a: Golfa\n|-damage|p2a: Golfa|63/100 par\n|\n|upkeep\n|turn|73\n|\n|t:|1770565388\n|move|p1a: Alakazam|Psychic|p2a: Golfa\n|-damage|p2a: Golfa|44/100 par\n|-unboost|p2a: Golfa|spa|1\n|-unboost|p2a: Golfa|spd|1\n|move|p2a: Golfa|Soft-Boiled|p2a: Golfa\n|-heal|p2a: Golfa|94/100 par\n|\n|upkeep\n|turn|74\n|\n|t:|1770565396\n|switch|p1a: Exeggutor|Exeggutor|40/100 par\n|move|p2a: Golfa|Thunder Wave|p1a: Exeggutor\n|-fail|p1a: Exeggutor|par\n|\n|upkeep\n|turn|75\n|inactive|Malekith has 150 seconds left.\n|\n|t:|1770565408\n|switch|p2a: StarmariN|Starmie|61/100 slp\n|move|p1a: Exeggutor|Psychic|p2a: StarmariN\n|-resisted|p2a: StarmariN\n|-damage|p2a: StarmariN|41/100 slp\n|\n|upkeep\n|turn|76\n|\n|t:|1770565417\n|switch|p1a: Tauros|Tauros|73/100\n|cant|p2a: StarmariN|slp\n|\n|upkeep\n|turn|77\n|\n|t:|1770565422\n|switch|p2a: Hidalgo|Snorlax|100/100\n|move|p1a: Tauros|Body Slam|p2a: Hidalgo\n|-damage|p2a: Hidalgo|77/100\n|\n|upkeep\n|turn|78\n|\n|t:|1770565428\n|move|p1a: Tauros|Body Slam|p2a: Hidalgo\n|-damage|p2a: Hidalgo|52/100\n|move|p2a: Hidalgo|Body Slam|p1a: Tauros\n|-damage|p1a: Tauros|43/100\n|\n|upkeep\n|turn|79\n|inactive|Malekith has 180 seconds left.\n|\n|t:|1770565435\n|switch|p1a: Starmie|Starmie|100/100\n|move|p2a: Hidalgo|Body Slam|p1a: Starmie\n|-damage|p1a: Starmie|62/100\n|\n|upkeep\n|turn|80\n|inactive|Malekith has 180 seconds left.\n|inactive|Malekith has 150 seconds left.\n|\n|t:|1770565480\n|switch|p1a: Exeggutor|Exeggutor|40/100 par\n|switch|p2a: Golfa|Chansey|94/100 par\n|\n|upkeep\n|turn|81\n|inactive|Malekith has 150 seconds left.\n|inactive|Sceptross has 150 seconds left.\n|\n|t:|1770565515\n|switch|p2a: StarmariN|Starmie|41/100 slp\n|move|p1a: Exeggutor|Psychic|p2a: StarmariN\n|-resisted|p2a: StarmariN\n|-damage|p2a: StarmariN|21/100 slp\n|\n|upkeep\n|turn|82\n|inactive|Sceptross has 150 seconds left.\n|\n|t:|1770565526\n|switch|p1a: Tauros|Tauros|43/100\n|cant|p2a: StarmariN|slp\n|\n|upkeep\n|turn|83\n|\n|t:|1770565539\n|cant|p2a: StarmariN|slp\n|move|p1a: Tauros|Body Slam|p2a: StarmariN\n|-damage|p2a: StarmariN|0 fnt\n|faint|p2a: StarmariN\n|inactive|Malekith has 120 seconds left.\n|\n|t:|1770565576\n|switch|p2a: Golfa|Chansey|94/100 par\n|turn|84\n|inactive|Sceptross has 150 seconds left.\n|inactive|Malekith has 90 seconds left.\n|inactive|Sceptross has 120 seconds left.\n|\n|t:|1770565635\n|switch|p1a: Exeggutor|Exeggutor|40/100 par\n|move|p2a: Golfa|Thunder Wave|p1a: Exeggutor\n|-fail|p1a: Exeggutor|par\n|\n|upkeep\n|turn|85\n|inactive|Malekith has 90 seconds left.\n|inactive|Sceptross has 120 seconds left.\n|inactive|Sceptross has 90 seconds left.\n|\n|t:|1770565693\n|switch|p2a: Hidalgo|Snorlax|52/100\n|cant|p1a: Exeggutor|par\n|\n|upkeep\n|turn|86\n|inactive|Sceptross has 90 seconds left.\n|\n|t:|1770565705\n|move|p2a: Hidalgo|Body Slam|p1a: Exeggutor\n|-damage|p1a: Exeggutor|7/100 par\n|move|p1a: Exeggutor|Explosion|p2a: Hidalgo\n|-damage|p2a: Hidalgo|0 fnt\n|faint|p2a: Hidalgo\n|faint|p1a: Exeggutor\n|inactive|Sceptross has 60 seconds left.\n|\n|t:|1770565754\n|switch|p2a: Golfa|Chansey|94/100 par\n|switch|p1a: Tauros|Tauros|43/100\n|turn|87\n|\n|t:|1770565764\n|move|p1a: Tauros|Earthquake|p2a: Golfa\n|-damage|p2a: Golfa|64/100 par\n|cant|p2a: Golfa|par\n|\n|upkeep\n|turn|88\n|\n|t:|1770565774\n|move|p1a: Tauros|Hyper Beam|p2a: Golfa\n|-damage|p2a: Golfa|0 fnt\n|faint|p2a: Golfa\n|\n|t:|1770565777\n|switch|p2a: Do Bronxs|Zapdos|47/100\n|turn|89\n|\n|t:|1770565780\n|move|p1a: Tauros|Hyper Beam|p2a: Do Bronxs\n|-damage|p2a: Do Bronxs|0 fnt\n|faint|p2a: Do Bronxs\n|\n|win|Sceptross\n|c|☆Malekith|gg\n|c|☆Sceptross|gg\n|player|p2|\n","uploadtime":1770565780,"views":"991","formatid":"gen1ou","rating":null,"private":0,"password":null}