{"id":"smogtours-gen1ou-913455","format":"[Gen 1] OU","players":["sadisticnarwhal","BeeOrSomething"],"log":"|inactive|Battle timer is ON: inactive players will automatically lose when time's up.\n|t:|1772380250\n|gametype|singles\n|player|p1|sadisticnarwhal|#splxviiruiners2|\n|player|p2|BeeOrSomething|#beeorsomething|\n|gen|1\n|tier|[Gen 1] OU\n|rule|Desync Clause Mod: Desyncs changed to move failure.\n|rule|Sleep Clause Mod: Limit one foe put to sleep\n|rule|Freeze Clause Mod: Limit one foe frozen\n|rule|Species Clause: Limit one of each Pokémon\n|rule|OHKO Clause: OHKO moves are banned\n|rule|Evasion Moves Clause: Evasion moves are banned\n|rule|Endless Battle Clause: Forcing endless battles is banned\n|rule|HP Percentage Mod: HP is shown in percentages\n|\n|t:|1772380251\n|teamsize|p1|6\n|teamsize|p2|6\n|start\n|switch|p1a: Starmie|Starmie|100/100\n|switch|p2a: Take Care|Jynx|100/100\n|turn|1\n|c|☆BeeOrSomething|glhf\n|\n|t:|1772380259\n|move|p1a: Starmie|Thunder Wave|p2a: Take Care\n|-status|p2a: Take Care|par\n|move|p2a: Take Care|Lovely Kiss|p1a: Starmie\n|-status|p1a: Starmie|slp|[from] move: Lovely Kiss\n|\n|upkeep\n|turn|2\n|c|☆sadisticnarwhal|u2\n|\n|t:|1772380267\n|switch|p2a: Introjection|Snorlax|100/100\n|-curestatus|p1a: Starmie|slp|[msg]\n|\n|upkeep\n|turn|3\n|\n|t:|1772380273\n|switch|p2a: Take Care|Jynx|100/100 par\n|move|p1a: Starmie|Psychic|p2a: Take Care\n|-crit|p2a: Take Care\n|-resisted|p2a: Take Care\n|-damage|p2a: Take Care|70/100 par\n|\n|upkeep\n|turn|4\n|\n|t:|1772380277\n|move|p1a: Starmie|Psychic|p2a: Take Care\n|-resisted|p2a: Take Care\n|-damage|p2a: Take Care|53/100 par\n|move|p2a: Take Care|Lovely Kiss|p1a: Starmie\n|-status|p1a: Starmie|slp|[from] move: Lovely Kiss\n|\n|upkeep\n|turn|5\n|\n|t:|1772380281\n|switch|p1a: Snorlax|Snorlax|100/100\n|move|p2a: Take Care|Blizzard|p1a: Snorlax\n|-damage|p1a: Snorlax|68/100\n|\n|upkeep\n|turn|6\n|rated|Smogon Premier League\n|\n|t:|1772380289\n|switch|p2a: Introjection|Snorlax|100/100\n|move|p1a: Snorlax|Body Slam|p2a: Introjection\n|-damage|p2a: Introjection|76/100\n|\n|upkeep\n|turn|7\n|\n|t:|1772380292\n|move|p1a: Snorlax|Reflect|p1a: Snorlax\n|-start|p1a: Snorlax|Reflect\n|move|p2a: Introjection|Body Slam|p1a: Snorlax\n|-damage|p1a: Snorlax|56/100\n|\n|upkeep\n|turn|8\n|\n|t:|1772380296\n|move|p1a: Snorlax|Body Slam|p2a: Introjection\n|-damage|p2a: Introjection|51/100\n|move|p2a: Introjection|Counter|p1a: Snorlax\n|-damage|p1a: Snorlax|5/100\n|\n|upkeep\n|turn|9\n|inactive|sadisticnarwhal has 270 seconds left.\n|\n|t:|1772380336\n|switch|p2a: Hedgehog's Dilemma|Cloyster|100/100\n|move|p1a: Snorlax|Body Slam|p2a: Hedgehog's Dilemma\n|-damage|p2a: Hedgehog's Dilemma|76/100\n|\n|upkeep\n|turn|10\n|inactive|sadisticnarwhal has 270 seconds left.\n|inactive|BeeOrSomething has 270 seconds left.\n|inactive|sadisticnarwhal has 240 seconds left.\n|inactive|BeeOrSomething has 240 seconds left.\n|\n|t:|1772380391\n|switch|p1a: Chansey|Chansey|100/100\n|move|p2a: Hedgehog's Dilemma|Blizzard|p1a: Chansey\n|-damage|p1a: Chansey|83/100\n|\n|upkeep\n|turn|11\n|inactive|BeeOrSomething has 240 seconds left.\n|inactive|sadisticnarwhal has 210 seconds left.\n|inactive|BeeOrSomething has 210 seconds left.\n|inactive|sadisticnarwhal has 180 seconds left.\n|inactive|BeeOrSomething has 180 seconds left.\n|\n|t:|1772380472\n|move|p2a: Hedgehog's Dilemma|Clamp|p1a: Chansey|[miss]\n|-miss|p2a: Hedgehog's Dilemma\n|move|p1a: Chansey|Thunderbolt|p2a: Hedgehog's Dilemma\n|-supereffective|p2a: Hedgehog's Dilemma\n|-damage|p2a: Hedgehog's Dilemma|20/100\n|-status|p2a: Hedgehog's Dilemma|par\n|\n|upkeep\n|turn|12\n|\n|t:|1772380479\n|switch|p1a: Exeggutor|Exeggutor|100/100\n|switch|p2a: Ambivalence|Chansey|100/100\n|\n|upkeep\n|turn|13\n|inactive|BeeOrSomething has 180 seconds left.\n|\n|t:|1772380501\n|switch|p2a: Take Care|Jynx|53/100 par\n|move|p1a: Exeggutor|Sleep Powder|p2a: Take Care|[miss]\n|-miss|p1a: Exeggutor\n|\n|upkeep\n|turn|14\n|\n|t:|1772380509\n|switch|p1a: Chansey|Chansey|83/100\n|switch|p2a: Ambivalence|Chansey|100/100\n|\n|upkeep\n|turn|15\n|\n|t:|1772380516\n|move|p2a: Ambivalence|Thunder Wave|p1a: Chansey\n|-status|p1a: Chansey|par\n|move|p1a: Chansey|Thunder Wave|p2a: Ambivalence\n|-status|p2a: Ambivalence|par\n|\n|upkeep\n|turn|16\n|\n|t:|1772380523\n|move|p2a: Ambivalence|Ice Beam|p1a: Chansey\n|-damage|p1a: Chansey|72/100 par\n|move|p1a: Chansey|Ice Beam|p2a: Ambivalence\n|-damage|p2a: Ambivalence|90/100 par\n|\n|upkeep\n|turn|17\n|inactive|sadisticnarwhal has 210 seconds left.\n|\n|t:|1772380529\n|switch|p2a: Hedgehog's Dilemma|Cloyster|20/100 par\n|move|p1a: Chansey|Ice Beam|p2a: Hedgehog's Dilemma\n|-resisted|p2a: Hedgehog's Dilemma\n|-damage|p2a: Hedgehog's Dilemma|12/100 par\n|\n|upkeep\n|turn|18\n|inactive|sadisticnarwhal has 210 seconds left.\n|inactive|sadisticnarwhal has 180 seconds left.\n|inactive|BeeOrSomething has 180 seconds left.\n|\n|t:|1772380588\n|switch|p1a: Snorlax|Snorlax|5/100\n|move|p2a: Hedgehog's Dilemma|Rest|p2a: Hedgehog's Dilemma\n|-status|p2a: Hedgehog's Dilemma|slp|[from] move: Rest\n|-heal|p2a: Hedgehog's Dilemma|100/100 slp|[silent]\n|\n|upkeep\n|turn|19\n|\n|t:|1772380595\n|move|p1a: Snorlax|Rest|p1a: Snorlax\n|-status|p1a: Snorlax|slp|[from] move: Rest\n|-heal|p1a: Snorlax|100/100 slp|[silent]\n|cant|p2a: Hedgehog's Dilemma|slp\n|\n|upkeep\n|turn|20\n|\n|t:|1772380598\n|cant|p1a: Snorlax|slp\n|-curestatus|p2a: Hedgehog's Dilemma|slp|[msg]\n|\n|upkeep\n|turn|21\n|\n|t:|1772380603\n|-curestatus|p1a: Snorlax|slp|[msg]\n|move|p2a: Hedgehog's Dilemma|Blizzard|p1a: Snorlax|[miss]\n|-miss|p2a: Hedgehog's Dilemma\n|\n|upkeep\n|turn|22\n|inactive|sadisticnarwhal has 180 seconds left.\n|inactive|sadisticnarwhal has 150 seconds left.\n|\n|t:|1772380672\n|switch|p1a: Chansey|Chansey|72/100 par\n|move|p2a: Hedgehog's Dilemma|Blizzard|p1a: Chansey\n|-damage|p1a: Chansey|56/100 par\n|\n|upkeep\n|turn|23\n|\n|t:|1772380680\n|switch|p2a: Introjection|Snorlax|51/100\n|switch|p1a: Exeggutor|Exeggutor|100/100\n|\n|upkeep\n|turn|24\n|inactive|sadisticnarwhal has 150 seconds left.\n|inactive|BeeOrSomething has 210 seconds left.\n|\n|t:|1772380694\n|switch|p2a: Ambivalence|Chansey|90/100 par\n|move|p1a: Exeggutor|Psychic|p2a: Ambivalence\n|-damage|p2a: Ambivalence|73/100 par\n|\n|upkeep\n|turn|25\n|inactive|sadisticnarwhal has 150 seconds left.\n|inactive|BeeOrSomething has 210 seconds left.\n|\n|t:|1772380725\n|switch|p1a: Snorlax|Snorlax|100/100\n|move|p2a: Ambivalence|Thunder Wave|p1a: Snorlax\n|-status|p1a: Snorlax|par\n|\n|upkeep\n|turn|26\n|inactive|BeeOrSomething has 180 seconds left.\n|\n|t:|1772380770\n|switch|p2a: Hedgehog's Dilemma|Cloyster|100/100\n|move|p1a: Snorlax|Body Slam|p2a: Hedgehog's Dilemma\n|-damage|p2a: Hedgehog's Dilemma|79/100\n|-status|p2a: Hedgehog's Dilemma|par\n|\n|upkeep\n|turn|27\n|inactive|sadisticnarwhal has 120 seconds left.\n|\n|t:|1772380794\n|switch|p1a: Starmie|Starmie|100/100 slp\n|move|p2a: Hedgehog's Dilemma|Blizzard|p1a: Starmie\n|-crit|p1a: Starmie\n|-resisted|p1a: Starmie\n|-damage|p1a: Starmie|64/100 slp\n|\n|upkeep\n|turn|28\n|inactive|sadisticnarwhal has 120 seconds left.\n|inactive|BeeOrSomething has 150 seconds left.\n|\n|t:|1772380823\n|switch|p1a: Exeggutor|Exeggutor|100/100\n|switch|p2a: Introjection|Snorlax|51/100\n|\n|upkeep\n|turn|29\n|\n|t:|1772380833\n|switch|p2a: Ambivalence|Chansey|73/100 par\n|move|p1a: Exeggutor|Psychic|p2a: Ambivalence\n|-damage|p2a: Ambivalence|57/100 par\n|\n|upkeep\n|turn|30\n|\n|t:|1772380838\n|switch|p1a: Snorlax|Snorlax|100/100 par\n|move|p2a: Ambivalence|Soft-Boiled|p2a: Ambivalence\n|-heal|p2a: Ambivalence|100/100 par\n|\n|upkeep\n|turn|31\n|\n|t:|1772380848\n|switch|p2a: Hedgehog's Dilemma|Cloyster|79/100 par\n|move|p1a: Snorlax|Body Slam|p2a: Hedgehog's Dilemma\n|-damage|p2a: Hedgehog's Dilemma|56/100 par\n|\n|upkeep\n|turn|32\n|\n|t:|1772380854\n|switch|p1a: Chansey|Chansey|56/100 par\n|move|p2a: Hedgehog's Dilemma|Blizzard|p1a: Chansey\n|-damage|p1a: Chansey|37/100 par\n|\n|upkeep\n|turn|33\n|\n|t:|1772380866\n|switch|p1a: Exeggutor|Exeggutor|100/100\n|move|p2a: Hedgehog's Dilemma|Explosion|p1a: Exeggutor\n|-damage|p1a: Exeggutor|25/100\n|faint|p2a: Hedgehog's Dilemma\n|\n|t:|1772380870\n|switch|p2a: Do You Love Me?|Tauros|100/100\n|turn|34\n|\n|t:|1772380874\n|switch|p1a: Starmie|Starmie|64/100 slp\n|move|p2a: Do You Love Me?|Body Slam|p1a: Starmie\n|-damage|p1a: Starmie|32/100 slp\n|\n|upkeep\n|turn|35\n|\n|t:|1772380883\n|cant|p1a: Starmie|slp\n|move|p2a: Do You Love Me?|Body Slam|p1a: Starmie\n|-damage|p1a: Starmie|0 fnt\n|faint|p1a: Starmie\n|\n|t:|1772380887\n|switch|p1a: Tauros|Tauros|100/100\n|turn|36\n|\n|t:|1772380891\n|move|p1a: Tauros|Body Slam|p2a: Do You Love Me?\n|-crit|p2a: Do You Love Me?\n|-damage|p2a: Do You Love Me?|44/100\n|move|p2a: Do You Love Me?|Body Slam|p1a: Tauros\n|-damage|p1a: Tauros|73/100\n|\n|upkeep\n|turn|37\n|inactive|sadisticnarwhal has 180 seconds left.\n|inactive|BeeOrSomething has 210 seconds left.\n|inactive|sadisticnarwhal has 150 seconds left.\n|\n|t:|1772380931\n|switch|p2a: Take Care|Jynx|53/100 par\n|move|p1a: Tauros|Hyper Beam|p2a: Take Care\n|-damage|p2a: Take Care|0 fnt\n|faint|p2a: Take Care\n|\n|t:|1772380937\n|switch|p2a: Weaving A Story|Starmie|100/100\n|turn|38\n|inactive|sadisticnarwhal has 150 seconds left.\n|inactive|sadisticnarwhal has 120 seconds left.\n|\n|t:|1772380994\n|switch|p1a: Alakazam|Alakazam|100/100\n|move|p2a: Weaving A Story|Surf|p1a: Alakazam\n|-damage|p1a: Alakazam|73/100\n|\n|upkeep\n|turn|39\n|inactive|BeeOrSomething has 210 seconds left.\n|\n|t:|1772381006\n|move|p1a: Alakazam|Thunder Wave|p2a: Weaving A Story\n|-status|p2a: Weaving A Story|par\n|cant|p2a: Weaving A Story|par\n|\n|upkeep\n|turn|40\n|inactive|sadisticnarwhal has 90 seconds left.\n|inactive|sadisticnarwhal has 60 seconds left.\n|\n|t:|1772381062\n|switch|p1a: Exeggutor|Exeggutor|25/100\n|move|p2a: Weaving A Story|Surf|p1a: Exeggutor\n|-resisted|p1a: Exeggutor\n|-damage|p1a: Exeggutor|12/100\n|\n|upkeep\n|turn|41\n|\n|t:|1772381068\n|switch|p2a: Ambivalence|Chansey|100/100 par\n|move|p1a: Exeggutor|Explosion|p2a: Ambivalence\n|-damage|p2a: Ambivalence|0 fnt\n|faint|p2a: Ambivalence\n|faint|p1a: Exeggutor\n|inactive|sadisticnarwhal has 60 seconds left.\n|inactive|BeeOrSomething has 210 seconds left.\n|\n|t:|1772381097\n|switch|p1a: Tauros|Tauros|73/100\n|switch|p2a: Weaving A Story|Starmie|100/100 par\n|turn|42\n|inactive|sadisticnarwhal has 60 seconds left.\n|inactive|BeeOrSomething has 210 seconds left.\n|inactive|sadisticnarwhal has 30 seconds left.\n|\n|t:|1772381134\n|switch|p1a: Alakazam|Alakazam|73/100\n|move|p2a: Weaving A Story|Surf|p1a: Alakazam\n|-damage|p1a: Alakazam|46/100\n|\n|upkeep\n|turn|43\n|\n|t:|1772381139\n|move|p1a: Alakazam|Recover|p1a: Alakazam\n|-heal|p1a: Alakazam|96/100\n|move|p2a: Weaving A Story|Thunder Wave|p1a: Alakazam\n|-status|p1a: Alakazam|par\n|\n|upkeep\n|turn|44\n|\n|t:|1772381144\n|move|p1a: Alakazam|Psychic|p2a: Weaving A Story\n|-resisted|p2a: Weaving A Story\n|-damage|p2a: Weaving A Story|79/100 par\n|-unboost|p2a: Weaving A Story|spa|1\n|-unboost|p2a: Weaving A Story|spd|1\n|cant|p2a: Weaving A Story|par\n|\n|upkeep\n|turn|45\n|\n|t:|1772381148\n|move|p1a: Alakazam|Psychic|p2a: Weaving A Story\n|-resisted|p2a: Weaving A Story\n|-damage|p2a: Weaving A Story|48/100 par\n|move|p2a: Weaving A Story|Recover|p2a: Weaving A Story\n|-heal|p2a: Weaving A Story|98/100 par\n|\n|upkeep\n|turn|46\n|\n|t:|1772381153\n|move|p1a: Alakazam|Seismic Toss|p2a: Weaving A Story\n|-damage|p2a: Weaving A Story|67/100 par\n|move|p2a: Weaving A Story|Surf|p1a: Alakazam\n|-damage|p1a: Alakazam|77/100 par\n|\n|upkeep\n|turn|47\n|\n|t:|1772381157\n|cant|p1a: Alakazam|par\n|cant|p2a: Weaving A Story|par\n|\n|upkeep\n|turn|48\n|\n|t:|1772381160\n|move|p1a: Alakazam|Psychic|p2a: Weaving A Story\n|-resisted|p2a: Weaving A Story\n|-damage|p2a: Weaving A Story|39/100 par\n|-unboost|p2a: Weaving A Story|spa|1\n|-unboost|p2a: Weaving A Story|spd|1\n|move|p2a: Weaving A Story|Recover|p2a: Weaving A Story\n|-heal|p2a: Weaving A Story|88/100 par\n|\n|upkeep\n|turn|49\n|\n|t:|1772381166\n|move|p1a: Alakazam|Psychic|p2a: Weaving A Story\n|-resisted|p2a: Weaving A Story\n|-damage|p2a: Weaving A Story|50/100 par\n|move|p2a: Weaving A Story|Recover|p2a: Weaving A Story\n|-heal|p2a: Weaving A Story|99/100 par\n|\n|upkeep\n|turn|50\n|\n|t:|1772381170\n|switch|p2a: Introjection|Snorlax|51/100\n|move|p1a: Alakazam|Psychic|p2a: Introjection\n|-damage|p2a: Introjection|16/100\n|-unboost|p2a: Introjection|spa|1\n|-unboost|p2a: Introjection|spd|1\n|\n|upkeep\n|turn|51\n|inactive|BeeOrSomething has 270 seconds left.\n|\n|t:|1772381190\n|switch|p1a: Snorlax|Snorlax|100/100 par\n|move|p2a: Introjection|Body Slam|p1a: Snorlax\n|-damage|p1a: Snorlax|76/100 par\n|\n|upkeep\n|turn|52\n|\n|t:|1772381194\n|move|p2a: Introjection|Self-Destruct|p1a: Snorlax\n|-damage|p1a: Snorlax|0 fnt\n|faint|p1a: Snorlax\n|faint|p2a: Introjection\n|\n|t:|1772381209\n|switch|p2a: Weaving A Story|Starmie|99/100 par\n|switch|p1a: Tauros|Tauros|73/100\n|turn|53\n|inactive|sadisticnarwhal has 120 seconds left.\n|inactive|BeeOrSomething has 270 seconds left.\n|inactive|sadisticnarwhal has 90 seconds left.\n|\n|t:|1772381269\n|switch|p1a: Alakazam|Alakazam|77/100 par\n|switch|p2a: Do You Love Me?|Tauros|44/100\n|\n|upkeep\n|turn|54\n|inactive|sadisticnarwhal has 60 seconds left.\n|inactive|BeeOrSomething has 240 seconds left.\n|inactive|sadisticnarwhal has 30 seconds left.\n|inactive|BeeOrSomething has 210 seconds left.\n|inactive|sadisticnarwhal has 20 seconds left.\n|\n|t:|1772381326\n|switch|p1a: Chansey|Chansey|37/100 par\n|move|p2a: Do You Love Me?|Hyper Beam|p1a: Chansey\n|-damage|p1a: Chansey|0 fnt\n|faint|p1a: Chansey\n|inactive|sadisticnarwhal has 25 seconds left this turn.\n|\n|t:|1772381330\n|switch|p1a: Tauros|Tauros|73/100\n|turn|55\n|inactive|sadisticnarwhal has 30 seconds left.\n|inactive|BeeOrSomething has 210 seconds left.\n|\n|t:|1772381341\n|switch|p2a: Weaving A Story|Starmie|99/100 par\n|move|p1a: Tauros|Hyper Beam|p2a: Weaving A Story\n|-damage|p2a: Weaving A Story|42/100 par\n|-mustrecharge|p1a: Tauros\n|\n|upkeep\n|turn|56\n|\n|t:|1772381346\n|cant|p1a: Tauros|recharge\n|move|p2a: Weaving A Story|Thunder Wave|p1a: Tauros\n|-status|p1a: Tauros|par\n|\n|upkeep\n|turn|57\n|\n|t:|1772381352\n|switch|p1a: Alakazam|Alakazam|77/100 par\n|move|p2a: Weaving A Story|Surf|p1a: Alakazam\n|-damage|p1a: Alakazam|49/100 par\n|\n|upkeep\n|turn|58\n|\n|t:|1772381356\n|move|p1a: Alakazam|Recover|p1a: Alakazam\n|-heal|p1a: Alakazam|99/100 par\n|move|p2a: Weaving A Story|Surf|p1a: Alakazam\n|-damage|p1a: Alakazam|70/100 par\n|\n|upkeep\n|turn|59\n|\n|t:|1772381360\n|cant|p1a: Alakazam|par\n|move|p2a: Weaving A Story|Surf|p1a: Alakazam\n|-damage|p1a: Alakazam|38/100 par\n|\n|upkeep\n|turn|60\n|inactive|sadisticnarwhal has 60 seconds left.\n|\n|t:|1772381405\n|move|p1a: Alakazam|Recover|p1a: Alakazam\n|-heal|p1a: Alakazam|88/100 par\n|move|p2a: Weaving A Story|Surf|p1a: Alakazam\n|-crit|p1a: Alakazam\n|-damage|p1a: Alakazam|31/100 par\n|\n|upkeep\n|turn|61\n|\n|t:|1772381411\n|cant|p1a: Alakazam|par\n|cant|p2a: Weaving A Story|par\n|\n|upkeep\n|turn|62\n|inactive|BeeOrSomething has 240 seconds left.\n|inactive|sadisticnarwhal has 30 seconds left.\n|inactive|sadisticnarwhal has 20 seconds left.\n|inactive|sadisticnarwhal disconnected and has 300 seconds to reconnect!\n|player|p1|\n|inactive|sadisticnarwhal reconnected and has 20 seconds left.\n|player|p1|sadisticnarwhal|#splxviiruiners2|\n|inactive|sadisticnarwhal has 15 seconds left.\n|\n|t:|1772381479\n|move|p1a: Alakazam|Recover|p1a: Alakazam\n|-heal|p1a: Alakazam|80/100 par\n|move|p2a: Weaving A Story|Surf|p1a: Alakazam\n|-damage|p1a: Alakazam|51/100 par\n|\n|upkeep\n|turn|63\n|inactive|sadisticnarwhal has 25 seconds left this turn.\n|\n|t:|1772381485\n|move|p1a: Alakazam|Recover|p1a: Alakazam\n|-heal|p1a: Alakazam|100/100 par\n|cant|p2a: Weaving A Story|par\n|\n|upkeep\n|turn|64\n|inactive|sadisticnarwhal has 30 seconds left.\n|\n|t:|1772381490\n|move|p1a: Alakazam|Psychic|p2a: Weaving A Story\n|-resisted|p2a: Weaving A Story\n|-damage|p2a: Weaving A Story|22/100 par\n|-unboost|p2a: Weaving A Story|spa|1\n|-unboost|p2a: Weaving A Story|spd|1\n|move|p2a: Weaving A Story|Recover|p2a: Weaving A Story\n|-heal|p2a: Weaving A Story|72/100 par\n|\n|upkeep\n|turn|65\n|\n|t:|1772381496\n|move|p1a: Alakazam|Psychic|p2a: Weaving A Story\n|-resisted|p2a: Weaving A Story\n|-damage|p2a: Weaving A Story|44/100 par\n|-unboost|p2a: Weaving A Story|spa|1\n|-unboost|p2a: Weaving A Story|spd|1\n|move|p2a: Weaving A Story|Recover|p2a: Weaving A Story\n|-heal|p2a: Weaving A Story|93/100 par\n|\n|upkeep\n|turn|66\n|\n|t:|1772381501\n|move|p1a: Alakazam|Psychic|p2a: Weaving A Story\n|-resisted|p2a: Weaving A Story\n|-damage|p2a: Weaving A Story|56/100 par\n|-unboost|p2a: Weaving A Story|spa|1\n|-unboost|p2a: Weaving A Story|spd|1\n|move|p2a: Weaving A Story|Surf|p1a: Alakazam\n|-damage|p1a: Alakazam|88/100 par\n|\n|upkeep\n|turn|67\n|\n|t:|1772381506\n|move|p1a: Alakazam|Psychic|p2a: Weaving A Story\n|-resisted|p2a: Weaving A Story\n|-damage|p2a: Weaving A Story|6/100 par\n|cant|p2a: Weaving A Story|par\n|\n|upkeep\n|turn|68\n|\n|t:|1772381510\n|move|p1a: Alakazam|Seismic Toss|p2a: Weaving A Story\n|-damage|p2a: Weaving A Story|0 fnt\n|faint|p2a: Weaving A Story\n|\n|t:|1772381512\n|switch|p2a: Do You Love Me?|Tauros|44/100\n|turn|69\n|\n|t:|1772381519\n|move|p2a: Do You Love Me?|Hyper Beam|p1a: Alakazam\n|-damage|p1a: Alakazam|1/100 par\n|-mustrecharge|p2a: Do You Love Me?\n|move|p1a: Alakazam|Psychic|p2a: Do You Love Me?\n|-damage|p2a: Do You Love Me?|0 fnt\n|faint|p2a: Do You Love Me?\n|\n|win|sadisticnarwhal\n|c|☆sadisticnarwhal|gg\n|c|☆BeeOrSomething|gg\n|player|p1|\n","uploadtime":1772381519,"views":"865","formatid":"gen1ou","rating":null,"private":0,"password":null}