{"id":"smogtours-gen1ou-818442","format":"[Gen 1] OU","players":["chuva de perereca","Kaz"],"log":"|inactive|Battle timer is ON: inactive players will automatically lose when time's up.\n|t:|1738965537\n|gametype|singles\n|player|p1|chuva de perereca|lyra|\n|player|p2|Kaz|red|\n|teamsize|p1|6\n|teamsize|p2|6\n|gen|1\n|tier|[Gen 1] OU\n|rule|Desync Clause Mod: Desyncs changed to move failure.\n|rule|Sleep Clause Mod: Limit one foe put to sleep\n|rule|Freeze Clause Mod: Limit one foe frozen\n|rule|Species Clause: Limit one of each Pokémon\n|rule|OHKO Clause: OHKO moves are banned\n|rule|Evasion Moves Clause: Evasion moves are banned\n|rule|Endless Battle Clause: Forcing endless battles is banned\n|rule|HP Percentage Mod: HP is shown in percentages\n|\n|t:|1738965537\n|start\n|switch|p1a: Alakazam|Alakazam|100/100\n|switch|p2a: Alakazam|Alakazam|100/100\n|turn|1\n|c|☆chuva de perereca|hf\n|c|☆Kaz|hf\n|\n|t:|1738965564\n|switch|p2a: Jynx|Jynx|100/100\n|move|p1a: Alakazam|Seismic Toss|p2a: Jynx\n|-damage|p2a: Jynx|70/100\n|\n|upkeep\n|turn|2\n|\n|t:|1738965569\n|move|p1a: Alakazam|Thunder Wave|p2a: Jynx\n|-status|p2a: Jynx|par\n|move|p2a: Jynx|Lovely Kiss|p1a: Alakazam\n|-status|p1a: Alakazam|slp|[from] move: Lovely Kiss\n|\n|upkeep\n|turn|3\n|\n|t:|1738965576\n|switch|p1a: Starmie|Starmie|100/100\n|move|p2a: Jynx|Blizzard|p1a: Starmie\n|-crit|p1a: Starmie\n|-resisted|p1a: Starmie\n|-damage|p1a: Starmie|59/100\n|-status|p1a: Starmie|frz\n|\n|upkeep\n|turn|4\n|\n|t:|1738965587\n|cant|p1a: Starmie|frz\n|move|p2a: Jynx|Blizzard|p1a: Starmie\n|-resisted|p1a: Starmie\n|-damage|p1a: Starmie|37/100 frz\n|\n|upkeep\n|turn|5\n|\n|t:|1738965607\n|switch|p1a: Snorlax|Snorlax|100/100\n|cant|p2a: Jynx|par\n|\n|upkeep\n|turn|6\n|inactive|Kaz has 270 seconds left.\n|\n|t:|1738965631\n|switch|p2a: Cloyster|Cloyster|100/100\n|move|p1a: Snorlax|Body Slam|p2a: Cloyster\n|-damage|p2a: Cloyster|78/100\n|\n|upkeep\n|turn|7\n|\n|t:|1738965636\n|move|p2a: Cloyster|Blizzard|p1a: Snorlax|[miss]\n|-miss|p2a: Cloyster\n|move|p1a: Snorlax|Body Slam|p2a: Cloyster\n|-damage|p2a: Cloyster|55/100\n|\n|upkeep\n|turn|8\n|\n|t:|1738965645\n|move|p2a: Cloyster|Clamp|p1a: Snorlax\n|-crit|p1a: Snorlax\n|-damage|p1a: Snorlax|81/100\n|cant|p1a: Snorlax|partiallytrapped\n|\n|upkeep\n|turn|9\n|\n|t:|1738965666\n|move|p2a: Cloyster|Clamp|p1a: Snorlax|[from]Clamp\n|-damage|p1a: Snorlax|62/100\n|cant|p1a: Snorlax|partiallytrapped\n|\n|upkeep\n|turn|10\n|\n|t:|1738965678\n|switch|p1a: Alakazam|Alakazam|100/100 slp\n|move|p2a: Cloyster|Blizzard|p1a: Alakazam\n|-damage|p1a: Alakazam|65/100 slp\n|\n|upkeep\n|turn|11\n|\n|t:|1738965683\n|switch|p1a: Starmie|Starmie|37/100 frz\n|move|p2a: Cloyster|Blizzard|p1a: Starmie|[miss]\n|-miss|p2a: Cloyster\n|\n|upkeep\n|turn|12\n|\n|t:|1738965701\n|cant|p1a: Starmie|frz\n|move|p2a: Cloyster|Blizzard|p1a: Starmie\n|-resisted|p1a: Starmie\n|-damage|p1a: Starmie|18/100 frz\n|\n|upkeep\n|turn|13\n|inactive|Kaz has 270 seconds left.\n|\n|t:|1738965740\n|cant|p1a: Starmie|frz\n|move|p2a: Cloyster|Blizzard|p1a: Starmie\n|-resisted|p1a: Starmie\n|-damage|p1a: Starmie|0 fnt\n|faint|p1a: Starmie\n|\n|t:|1738965744\n|switch|p1a: Zapdos|Zapdos|100/100\n|turn|14\n|\n|t:|1738965755\n|switch|p2a: Chansey|Chansey|100/100\n|move|p1a: Zapdos|Thunder Wave|p2a: Chansey\n|-status|p2a: Chansey|par\n|\n|upkeep\n|turn|15\n|c|+Chirac|kaz le vre\n|inactive|Kaz has 240 seconds left.\n|\n|t:|1738965806\n|move|p1a: Zapdos|Drill Peck|p2a: Chansey\n|-damage|p2a: Chansey|67/100 par\n|cant|p2a: Chansey|par\n|\n|upkeep\n|turn|16\n|rated|Smogon Premier League\n|rated|Smogon Premier League\n|inactive|Kaz has 210 seconds left.\n|\n|t:|1738965829\n|move|p1a: Zapdos|Drill Peck|p2a: Chansey\n|-damage|p2a: Chansey|32/100 par\n|move|p2a: Chansey|Soft-Boiled|p2a: Chansey\n|-heal|p2a: Chansey|82/100 par\n|\n|upkeep\n|turn|17\n|inactive|Kaz has 210 seconds left.\n|\n|t:|1738965862\n|move|p1a: Zapdos|Drill Peck|p2a: Chansey\n|-damage|p2a: Chansey|49/100 par\n|move|p2a: Chansey|Thunder Wave|p1a: Zapdos\n|-status|p1a: Zapdos|par\n|\n|upkeep\n|turn|18\n|inactive|Kaz has 180 seconds left.\n|\n|t:|1738965893\n|move|p1a: Zapdos|Drill Peck|p2a: Chansey\n|-damage|p2a: Chansey|12/100 par\n|move|p2a: Chansey|Soft-Boiled|p2a: Chansey\n|-heal|p2a: Chansey|62/100 par\n|\n|upkeep\n|turn|19\n|\n|t:|1738965917\n|move|p1a: Zapdos|Drill Peck|p2a: Chansey\n|-damage|p2a: Chansey|29/100 par\n|move|p2a: Chansey|Soft-Boiled|p2a: Chansey\n|-heal|p2a: Chansey|79/100 par\n|\n|upkeep\n|turn|20\n|\n|t:|1738965925\n|move|p1a: Zapdos|Drill Peck|p2a: Chansey\n|-damage|p2a: Chansey|43/100 par\n|move|p2a: Chansey|Ice Beam|p1a: Zapdos\n|-crit|p1a: Zapdos\n|-supereffective|p1a: Zapdos\n|-damage|p1a: Zapdos|36/100 par\n|\n|upkeep\n|turn|21\n|inactive|Kaz has 150 seconds left.\n|\n|t:|1738965954\n|cant|p1a: Zapdos|par\n|move|p2a: Chansey|Soft-Boiled|p2a: Chansey\n|-heal|p2a: Chansey|93/100 par\n|\n|upkeep\n|turn|22\n|inactive|Kaz has 150 seconds left.\n|\n|t:|1738965973\n|switch|p2a: Snorlax|Snorlax|100/100\n|move|p1a: Zapdos|Drill Peck|p2a: Snorlax\n|-damage|p2a: Snorlax|80/100\n|\n|upkeep\n|turn|23\n|\n|t:|1738965979\n|switch|p1a: Exeggutor|Exeggutor|100/100\n|move|p2a: Snorlax|Body Slam|p1a: Exeggutor\n|-damage|p1a: Exeggutor|71/100\n|\n|upkeep\n|turn|24\n|inactive|Kaz has 150 seconds left.\n|inactive|Kaz has 120 seconds left.\n|\n|t:|1738966036\n|switch|p2a: Chansey|Chansey|93/100 par\n|move|p1a: Exeggutor|Psychic|p2a: Chansey\n|-damage|p2a: Chansey|75/100 par\n|\n|upkeep\n|turn|25\n|\n|t:|1738966042\n|switch|p1a: Snorlax|Snorlax|62/100\n|move|p2a: Chansey|Ice Beam|p1a: Snorlax\n|-damage|p1a: Snorlax|44/100\n|\n|upkeep\n|turn|26\n|inactive|Kaz has 120 seconds left.\n|inactive|Kaz has 90 seconds left.\n|inactive|Kaz has 60 seconds left.\n|\n|t:|1738966114\n|switch|p2a: Snorlax|Snorlax|80/100\n|move|p1a: Snorlax|Body Slam|p2a: Snorlax\n|-damage|p2a: Snorlax|54/100\n|\n|upkeep\n|turn|27\n|inactive|Kaz has 60 seconds left.\n|\n|t:|1738966129\n|move|p1a: Snorlax|Body Slam|p2a: Snorlax\n|-damage|p2a: Snorlax|28/100\n|move|p2a: Snorlax|Body Slam|p1a: Snorlax\n|-damage|p1a: Snorlax|18/100\n|\n|upkeep\n|turn|28\n|\n|t:|1738966144\n|move|p2a: Snorlax|Body Slam|p1a: Snorlax\n|-damage|p1a: Snorlax|0 fnt\n|faint|p1a: Snorlax\n|\n|t:|1738966146\n|switch|p1a: Tauros|Tauros|100/100\n|turn|29\n|inactive|Kaz has 60 seconds left.\n|\n|t:|1738966162\n|move|p1a: Tauros|Hyper Beam|p2a: Snorlax\n|-damage|p2a: Snorlax|0 fnt\n|faint|p2a: Snorlax\n|\n|t:|1738966174\n|switch|p2a: Cloyster|Cloyster|55/100\n|turn|30\n|\n|t:|1738966192\n|move|p1a: Tauros|Body Slam|p2a: Cloyster\n|-damage|p2a: Cloyster|34/100\n|move|p2a: Cloyster|Blizzard|p1a: Tauros|[miss]\n|-miss|p2a: Cloyster\n|\n|upkeep\n|turn|31\n|inactive|Kaz has 30 seconds left.\n|inactive|Kaz has 20 seconds left.\n|\n|t:|1738966225\n|switch|p1a: Zapdos|Zapdos|36/100 par\n|move|p2a: Cloyster|Explosion|p1a: Zapdos\n|-damage|p1a: Zapdos|0 fnt\n|faint|p1a: Zapdos\n|faint|p2a: Cloyster\n|inactive|Kaz has 30 seconds left this turn.\n|inactive|Kaz has 20 seconds left.\n|\n|t:|1738966238\n|switch|p2a: Chansey|Chansey|75/100 par\n|switch|p1a: Exeggutor|Exeggutor|71/100\n|turn|32\n|inactive|Kaz has 30 seconds left this turn.\n|\n|t:|1738966246\n|switch|p1a: Alakazam|Alakazam|65/100 slp\n|move|p2a: Chansey|Ice Beam|p1a: Alakazam\n|-damage|p1a: Alakazam|45/100 slp\n|\n|upkeep\n|turn|33\n|\n|t:|1738966253\n|switch|p1a: Tauros|Tauros|100/100\n|switch|p2a: Tauros|Tauros|100/100\n|\n|upkeep\n|turn|34\n|\n|t:|1738966260\n|move|p1a: Tauros|Body Slam|p2a: Tauros\n|-damage|p2a: Tauros|70/100\n|move|p2a: Tauros|Body Slam|p1a: Tauros\n|-damage|p1a: Tauros|71/100\n|\n|upkeep\n|turn|35\n|\n|t:|1738966268\n|move|p1a: Tauros|Blizzard|p2a: Tauros\n|-damage|p2a: Tauros|43/100\n|move|p2a: Tauros|Body Slam|p1a: Tauros\n|-damage|p1a: Tauros|43/100\n|\n|upkeep\n|turn|36\n|inactive|Kaz has 30 seconds left.\n|\n|t:|1738966294\n|switch|p2a: Jynx|Jynx|70/100 par\n|move|p1a: Tauros|Hyper Beam|p2a: Jynx|[miss]\n|-miss|p1a: Tauros\n|\n|upkeep\n|turn|37\n|\n|t:|1738966302\n|move|p1a: Tauros|Hyper Beam|p2a: Jynx\n|-crit|p2a: Jynx\n|-damage|p2a: Jynx|0 fnt\n|faint|p2a: Jynx\n|\n|t:|1738966304\n|switch|p2a: Alakazam|Alakazam|100/100\n|turn|38\n|\n|t:|1738966308\n|switch|p1a: Exeggutor|Exeggutor|71/100\n|move|p2a: Alakazam|Seismic Toss|p1a: Exeggutor\n|-damage|p1a: Exeggutor|46/100\n|\n|upkeep\n|turn|39\n|\n|t:|1738966322\n|switch|p2a: Chansey|Chansey|75/100 par\n|move|p1a: Exeggutor|Psychic|p2a: Chansey\n|-damage|p2a: Chansey|59/100 par\n|-unboost|p2a: Chansey|spa|1\n|-unboost|p2a: Chansey|spd|1\n|\n|upkeep\n|turn|40\n|\n|t:|1738966328\n|move|p1a: Exeggutor|Psychic|p2a: Chansey\n|-damage|p2a: Chansey|31/100 par\n|move|p2a: Chansey|Soft-Boiled|p2a: Chansey\n|-heal|p2a: Chansey|80/100 par\n|\n|upkeep\n|turn|41\n|\n|t:|1738966331\n|move|p1a: Exeggutor|Psychic|p2a: Chansey\n|-damage|p2a: Chansey|54/100 par\n|cant|p2a: Chansey|par\n|\n|upkeep\n|turn|42\n|\n|t:|1738966337\n|move|p1a: Exeggutor|Psychic|p2a: Chansey\n|-damage|p2a: Chansey|29/100 par\n|move|p2a: Chansey|Soft-Boiled|p2a: Chansey\n|-heal|p2a: Chansey|79/100 par\n|\n|upkeep\n|turn|43\n|\n|t:|1738966341\n|move|p1a: Exeggutor|Psychic|p2a: Chansey\n|-damage|p2a: Chansey|52/100 par\n|-unboost|p2a: Chansey|spa|1\n|-unboost|p2a: Chansey|spd|1\n|move|p2a: Chansey|Ice Beam|p1a: Exeggutor\n|-supereffective|p1a: Exeggutor\n|-damage|p1a: Exeggutor|28/100\n|\n|upkeep\n|turn|44\n|\n|t:|1738966349\n|move|p1a: Exeggutor|Rest|p1a: Exeggutor\n|-status|p1a: Exeggutor|slp|[from] move: Rest\n|-heal|p1a: Exeggutor|100/100 slp|[silent]\n|move|p2a: Chansey|Ice Beam|p1a: Exeggutor\n|-supereffective|p1a: Exeggutor\n|-damage|p1a: Exeggutor|85/100 slp\n|\n|upkeep\n|turn|45\n|inactive|Kaz has 90 seconds left.\n|\n|t:|1738966358\n|cant|p1a: Exeggutor|slp\n|move|p2a: Chansey|Soft-Boiled|p2a: Chansey\n|-heal|p2a: Chansey|100/100 par\n|\n|upkeep\n|turn|46\n|\n|t:|1738966363\n|-curestatus|p1a: Exeggutor|slp|[msg]\n|move|p2a: Chansey|Ice Beam|p1a: Exeggutor\n|-supereffective|p1a: Exeggutor\n|-damage|p1a: Exeggutor|68/100\n|\n|upkeep\n|turn|47\n|\n|t:|1738966368\n|move|p1a: Exeggutor|Psychic|p2a: Chansey\n|-damage|p2a: Chansey|66/100 par\n|move|p2a: Chansey|Ice Beam|p1a: Exeggutor\n|-supereffective|p1a: Exeggutor\n|-damage|p1a: Exeggutor|50/100\n|\n|upkeep\n|turn|48\n|\n|t:|1738966388\n|move|p1a: Exeggutor|Psychic|p2a: Chansey\n|-damage|p2a: Chansey|31/100 par\n|-unboost|p2a: Chansey|spa|1\n|-unboost|p2a: Chansey|spd|1\n|move|p2a: Chansey|Soft-Boiled|p2a: Chansey\n|-heal|p2a: Chansey|81/100 par\n|\n|upkeep\n|turn|49\n|\n|t:|1738966404\n|move|p1a: Exeggutor|Psychic|p2a: Chansey\n|-damage|p2a: Chansey|38/100 par\n|cant|p2a: Chansey|par\n|\n|upkeep\n|turn|50\n|\n|t:|1738966415\n|move|p1a: Exeggutor|Psychic|p2a: Chansey\n|-damage|p2a: Chansey|0 fnt\n|faint|p2a: Chansey\n|\n|t:|1738966418\n|switch|p2a: Tauros|Tauros|43/100\n|turn|51\n|\n|t:|1738966433\n|switch|p1a: Alakazam|Alakazam|45/100 slp\n|move|p2a: Tauros|Hyper Beam|p1a: Alakazam\n|-damage|p1a: Alakazam|0 fnt\n|faint|p1a: Alakazam\n|\n|t:|1738966437\n|switch|p1a: Tauros|Tauros|43/100\n|turn|52\n|inactive|Kaz has 90 seconds left.\n|c|☆chuva de perereca|wanna tie?\n|c|☆Kaz|na\n|c|☆chuva de perereca|bitch\n|\n|t:|1738966498\n|switch|p1a: Exeggutor|Exeggutor|50/100\n|move|p2a: Tauros|Hyper Beam|p1a: Exeggutor\n|-damage|p1a: Exeggutor|0 fnt\n|faint|p1a: Exeggutor\n|\n|t:|1738966502\n|switch|p1a: Tauros|Tauros|43/100\n|turn|53\n|c|☆chuva de perereca|gg\n|\n|t:|1738966505\n|move|p2a: Tauros|Hyper Beam|p1a: Tauros\n|-damage|p1a: Tauros|0 fnt\n|faint|p1a: Tauros\n|\n|win|Kaz\n","uploadtime":1738966505,"views":"1814","formatid":"gen1ou","rating":null,"private":0,"password":null}