{"id":"smogtours-gen1ou-821241","format":"[Gen 1] OU","players":["Kaz","WarumFelix"],"log":"|inactive|Battle timer is ON: inactive players will automatically lose when time's up.\n|t:|1740232524\n|gametype|singles\n|player|p1|Kaz|#splxviclassiest2|\n|player|p2|WarumFelix|hilbert|\n|teamsize|p1|6\n|teamsize|p2|6\n|gen|1\n|tier|[Gen 1] OU\n|rule|Desync Clause Mod: Desyncs changed to move failure.\n|rule|Sleep Clause Mod: Limit one foe put to sleep\n|rule|Freeze Clause Mod: Limit one foe frozen\n|rule|Species Clause: Limit one of each Pokémon\n|rule|OHKO Clause: OHKO moves are banned\n|rule|Evasion Moves Clause: Evasion moves are banned\n|rule|Endless Battle Clause: Forcing endless battles is banned\n|rule|HP Percentage Mod: HP is shown in percentages\n|\n|t:|1740232524\n|start\n|switch|p1a: Alakazam|Alakazam|100/100\n|switch|p2a: Starmie|Starmie|100/100\n|turn|1\n|c|☆WarumFelix|glhf\n|c|☆Kaz|hf\n|\n|t:|1740232550\n|switch|p1a: Jynx|Jynx|100/100\n|switch|p2a: Exeggutor|Exeggutor|100/100\n|\n|upkeep\n|turn|2\n|rated|Smogon Premier League\n|\n|t:|1740232559\n|switch|p2a: Starmie|Starmie|100/100\n|move|p1a: Jynx|Lovely Kiss|p2a: Starmie\n|-status|p2a: Starmie|slp|[from] move: Lovely Kiss\n|\n|upkeep\n|turn|3\n|\n|t:|1740232569\n|switch|p1a: Starmie|Starmie|100/100\n|cant|p2a: Starmie|slp\n|\n|upkeep\n|turn|4\n|\n|t:|1740232588\n|cant|p2a: Starmie|slp\n|move|p1a: Starmie|Thunderbolt|p2a: Starmie\n|-supereffective|p2a: Starmie\n|-damage|p2a: Starmie|58/100 slp\n|\n|upkeep\n|turn|5\n|\n|t:|1740232594\n|switch|p2a: Chansey|Chansey|100/100\n|move|p1a: Starmie|Thunder Wave|p2a: Chansey\n|-status|p2a: Chansey|par\n|\n|upkeep\n|turn|6\n|\n|t:|1740232605\n|switch|p1a: Jynx|Jynx|100/100\n|cant|p2a: Chansey|par\n|\n|upkeep\n|turn|7\n|\n|t:|1740232609\n|move|p1a: Jynx|Psychic|p2a: Chansey\n|-crit|p2a: Chansey\n|-damage|p2a: Chansey|72/100 par\n|-unboost|p2a: Chansey|spa|1\n|-unboost|p2a: Chansey|spd|1\n|move|p2a: Chansey|Thunder Wave|p1a: Jynx\n|-status|p1a: Jynx|par\n|\n|upkeep\n|turn|8\n|\n|t:|1740232617\n|move|p1a: Jynx|Psychic|p2a: Chansey\n|-damage|p2a: Chansey|49/100 par\n|cant|p2a: Chansey|par\n|\n|upkeep\n|turn|9\n|\n|t:|1740232623\n|move|p1a: Jynx|Blizzard|p2a: Chansey\n|-damage|p2a: Chansey|18/100 par\n|cant|p2a: Chansey|par\n|\n|upkeep\n|turn|10\n|inactive|Kaz has 270 seconds left.\n|inactive|WarumFelix has 270 seconds left.\n|\n|t:|1740232668\n|switch|p2a: Starmie|Starmie|58/100 slp\n|move|p1a: Jynx|Blizzard|p2a: Starmie\n|-resisted|p2a: Starmie\n|-damage|p2a: Starmie|35/100 slp\n|\n|upkeep\n|turn|11\n|\n|t:|1740232702\n|cant|p2a: Starmie|slp\n|move|p1a: Jynx|Psychic|p2a: Starmie\n|-resisted|p2a: Starmie\n|-damage|p2a: Starmie|18/100 slp\n|\n|upkeep\n|turn|12\n|\n|t:|1740232707\n|switch|p2a: Chansey|Chansey|18/100 par\n|move|p1a: Jynx|Blizzard|p2a: Chansey\n|-damage|p2a: Chansey|0 fnt\n|faint|p2a: Chansey\n|\n|t:|1740232709\n|switch|p2a: Tauros|Tauros|100/100\n|turn|13\n|inactive|Kaz has 240 seconds left.\n|\n|t:|1740232749\n|switch|p1a: Snorlax|Snorlax|100/100\n|move|p2a: Tauros|Body Slam|p1a: Snorlax\n|-damage|p1a: Snorlax|74/100\n|\n|upkeep\n|turn|14\n|inactive|WarumFelix has 270 seconds left.\n|\n|t:|1740232776\n|move|p2a: Tauros|Body Slam|p1a: Snorlax\n|-crit|p1a: Snorlax\n|-damage|p1a: Snorlax|24/100\n|move|p1a: Snorlax|Body Slam|p2a: Tauros\n|-damage|p2a: Tauros|68/100\n|\n|upkeep\n|turn|15\n|inactive|Kaz has 240 seconds left.\n|inactive|WarumFelix has 240 seconds left.\n|\n|t:|1740232812\n|move|p2a: Tauros|Hyper Beam|p1a: Snorlax\n|-damage|p1a: Snorlax|0 fnt\n|faint|p1a: Snorlax\n|\n|t:|1740232822\n|switch|p1a: Tauros|Tauros|100/100\n|turn|16\n|inactive|WarumFelix has 240 seconds left.\n|\n|t:|1740232836\n|move|p1a: Tauros|Body Slam|p2a: Tauros\n|-damage|p2a: Tauros|39/100\n|move|p2a: Tauros|Body Slam|p1a: Tauros\n|-crit|p1a: Tauros\n|-damage|p1a: Tauros|41/100\n|\n|upkeep\n|turn|17\n|inactive|WarumFelix has 240 seconds left.\n|\n|t:|1740232870\n|switch|p2a: Exeggutor|Exeggutor|100/100\n|switch|p1a: Cloyster|Cloyster|100/100\n|\n|upkeep\n|turn|18\n|inactive|WarumFelix has 210 seconds left.\n|inactive|Kaz has 210 seconds left.\n|inactive|WarumFelix has 180 seconds left.\n|inactive|Kaz has 180 seconds left.\n|inactive|WarumFelix has 150 seconds left.\n|inactive|Kaz has 150 seconds left.\n|\n|t:|1740232966\n|switch|p1a: Jynx|Jynx|100/100 par\n|move|p2a: Exeggutor|Sleep Powder|p1a: Jynx\n|-fail|p1a: Jynx\n|\n|upkeep\n|turn|19\n|inactive|Kaz has 150 seconds left.\n|inactive|WarumFelix has 150 seconds left.\n|inactive|WarumFelix has 120 seconds left.\n|inactive|WarumFelix has 90 seconds left.\n|\n|t:|1740233058\n|move|p2a: Exeggutor|Explosion|p1a: Jynx\n|-damage|p1a: Jynx|0 fnt\n|faint|p1a: Jynx\n|faint|p2a: Exeggutor\n|inactive|Kaz has 150 seconds left.\n|inactive|WarumFelix has 60 seconds left.\n|inactive|Kaz has 120 seconds left.\n|\n|t:|1740233102\n|switch|p2a: Snorlax|Snorlax|100/100\n|switch|p1a: Starmie|Starmie|100/100\n|turn|20\n|\n|t:|1740233107\n|move|p1a: Starmie|Thunder Wave|p2a: Snorlax\n|-status|p2a: Snorlax|par\n|move|p2a: Snorlax|Body Slam|p1a: Starmie\n|-damage|p1a: Starmie|61/100\n|\n|upkeep\n|turn|21\n|inactive|Kaz has 120 seconds left.\n|\n|t:|1740233130\n|move|p1a: Starmie|Blizzard|p2a: Snorlax\n|-damage|p2a: Snorlax|76/100 par\n|move|p2a: Snorlax|Body Slam|p1a: Starmie\n|-damage|p1a: Starmie|22/100\n|\n|upkeep\n|turn|22\n|inactive|Kaz has 120 seconds left.\n|\n|t:|1740233160\n|move|p1a: Starmie|Recover|p1a: Starmie\n|-heal|p1a: Starmie|72/100\n|move|p2a: Snorlax|Body Slam|p1a: Starmie\n|-damage|p1a: Starmie|37/100\n|-status|p1a: Starmie|par\n|\n|upkeep\n|turn|23\n|\n|t:|1740233180\n|move|p1a: Starmie|Recover|p1a: Starmie\n|-heal|p1a: Starmie|87/100 par\n|move|p2a: Snorlax|Body Slam|p1a: Starmie\n|-damage|p1a: Starmie|50/100 par\n|\n|upkeep\n|turn|24\n|inactive|Kaz has 120 seconds left.\n|\n|t:|1740233190\n|cant|p1a: Starmie|par\n|move|p2a: Snorlax|Body Slam|p1a: Starmie\n|-damage|p1a: Starmie|16/100 par\n|\n|upkeep\n|turn|25\n|inactive|WarumFelix has 60 seconds left.\n|\n|t:|1740233215\n|cant|p1a: Starmie|par\n|cant|p2a: Snorlax|par\n|\n|upkeep\n|turn|26\n|inactive|WarumFelix has 60 seconds left.\n|\n|t:|1740233231\n|move|p1a: Starmie|Recover|p1a: Starmie\n|-heal|p1a: Starmie|66/100 par\n|move|p2a: Snorlax|Body Slam|p1a: Starmie\n|-damage|p1a: Starmie|29/100 par\n|\n|upkeep\n|turn|27\n|\n|t:|1740233234\n|move|p1a: Starmie|Recover|p1a: Starmie\n|-heal|p1a: Starmie|79/100 par\n|cant|p2a: Snorlax|par\n|\n|upkeep\n|turn|28\n|\n|t:|1740233246\n|cant|p1a: Starmie|par\n|cant|p2a: Snorlax|par\n|\n|upkeep\n|turn|29\n|\n|t:|1740233248\n|move|p1a: Starmie|Blizzard|p2a: Snorlax\n|-damage|p2a: Snorlax|53/100 par\n|move|p2a: Snorlax|Body Slam|p1a: Starmie\n|-damage|p1a: Starmie|41/100 par\n|\n|upkeep\n|turn|30\n|inactive|WarumFelix has 60 seconds left.\n|\n|t:|1740233286\n|switch|p2a: Tauros|Tauros|39/100\n|move|p1a: Starmie|Blizzard|p2a: Tauros|[miss]\n|-miss|p1a: Starmie\n|\n|upkeep\n|turn|31\n|inactive|Kaz has 150 seconds left.\n|inactive|WarumFelix has 30 seconds left.\n|\n|t:|1740233325\n|move|p2a: Tauros|Hyper Beam|p1a: Starmie\n|-crit|p1a: Starmie\n|-damage|p1a: Starmie|0 fnt\n|faint|p1a: Starmie\n|\n|t:|1740233328\n|switch|p1a: Alakazam|Alakazam|100/100\n|turn|32\n|\n|t:|1740233330\n|switch|p2a: Starmie|Starmie|18/100 slp\n|move|p1a: Alakazam|Psychic|p2a: Starmie\n|-resisted|p2a: Starmie\n|-damage|p2a: Starmie|0 fnt\n|faint|p2a: Starmie\n|\n|t:|1740233342\n|switch|p2a: Snorlax|Snorlax|53/100 par\n|turn|33\n|inactive|WarumFelix has 30 seconds left.\n|\n|t:|1740233370\n|switch|p1a: Tauros|Tauros|41/100\n|cant|p2a: Snorlax|par\n|\n|upkeep\n|turn|34\n|inactive|WarumFelix has 30 seconds left.\n|inactive|WarumFelix has 20 seconds left.\n|inactive|WarumFelix has 15 seconds left.\n|\n|t:|1740233395\n|move|p1a: Tauros|Body Slam|p2a: Snorlax\n|-damage|p2a: Snorlax|28/100 par\n|move|p2a: Snorlax|Counter|p1a: Tauros\n|-damage|p1a: Tauros|0 fnt\n|faint|p1a: Tauros\n|inactive|WarumFelix has 20 seconds left this turn.\n|inactive|Kaz has 150 seconds left.\n|\n|t:|1740233408\n|switch|p1a: Alakazam|Alakazam|100/100\n|turn|35\n|inactive|WarumFelix has 30 seconds left this turn.\n|inactive|WarumFelix has 20 seconds left.\n|\n|t:|1740233418\n|move|p1a: Alakazam|Psychic|p2a: Snorlax\n|-damage|p2a: Snorlax|0 fnt\n|faint|p2a: Snorlax\n|inactive|WarumFelix has 25 seconds left this turn.\n|\n|t:|1740233420\n|switch|p2a: Zapdos|Zapdos|100/100\n|turn|36\n|inactive|WarumFelix has 30 seconds left.\n|\n|t:|1740233426\n|move|p1a: Alakazam|Thunder Wave|p2a: Zapdos\n|-status|p2a: Zapdos|par\n|move|p2a: Zapdos|Thunder Wave|p1a: Alakazam\n|-status|p1a: Alakazam|par\n|\n|upkeep\n|turn|37\n|inactive|Kaz has 180 seconds left.\n|inactive|WarumFelix has 30 seconds left.\n|\n|t:|1740233444\n|move|p1a: Alakazam|Psychic|p2a: Zapdos\n|-damage|p2a: Zapdos|73/100 par\n|move|p2a: Zapdos|Agility|p2a: Zapdos\n|-boost|p2a: Zapdos|spe|2\n|\n|upkeep\n|turn|38\n|\n|t:|1740233451\n|move|p2a: Zapdos|Drill Peck|p1a: Alakazam\n|-damage|p1a: Alakazam|54/100 par\n|move|p1a: Alakazam|Psychic|p2a: Zapdos\n|-crit|p2a: Zapdos\n|-damage|p2a: Zapdos|15/100 par\n|-unboost|p2a: Zapdos|spa|1\n|-unboost|p2a: Zapdos|spd|1\n|\n|upkeep\n|turn|39\n|inactive|Kaz has 180 seconds left.\n|inactive|WarumFelix has 30 seconds left.\n|\n|t:|1740233468\n|cant|p2a: Zapdos|par\n|move|p1a: Alakazam|Psychic|p2a: Zapdos\n|-crit|p2a: Zapdos\n|-damage|p2a: Zapdos|0 fnt\n|faint|p2a: Zapdos\n|\n|t:|1740233471\n|switch|p2a: Tauros|Tauros|39/100\n|turn|40\n|\n|t:|1740233477\n|move|p2a: Tauros|Hyper Beam|p1a: Alakazam\n|-damage|p1a: Alakazam|0 fnt\n|faint|p1a: Alakazam\n|\n|t:|1740233480\n|switch|p1a: Cloyster|Cloyster|100/100\n|turn|41\n|\n|t:|1740233487\n|move|p2a: Tauros|Body Slam|p1a: Cloyster\n|-damage|p1a: Cloyster|79/100\n|move|p1a: Cloyster|Blizzard|p2a: Tauros\n|-damage|p2a: Tauros|0 fnt\n|faint|p2a: Tauros\n|\n|win|Kaz\n|c|☆WarumFelix|gg\n|c|☆Kaz|gg\n|player|p1|\n","uploadtime":1740233487,"views":"1729","formatid":"gen1ou","rating":null,"private":0,"password":null}