{"id":"smogtours-gen1ou-911580","format":"[Gen 1] OU","players":["LNumbers","Sceptross"],"log":"|inactive|Battle timer is ON: inactive players will automatically lose when time's up.\n|t:|1771776073\n|gametype|singles\n|player|p1|LNumbers|#splxviityrants2|\n|player|p2|Sceptross|#splxviicryonicles2|\n|gen|1\n|tier|[Gen 1] OU\n|rule|Desync Clause Mod: Desyncs changed to move failure.\n|rule|Sleep Clause Mod: Limit one foe put to sleep\n|rule|Freeze Clause Mod: Limit one foe frozen\n|rule|Species Clause: Limit one of each Pokémon\n|rule|OHKO Clause: OHKO moves are banned\n|rule|Evasion Moves Clause: Evasion moves are banned\n|rule|Endless Battle Clause: Forcing endless battles is banned\n|rule|HP Percentage Mod: HP is shown in percentages\n|\n|t:|1771776073\n|teamsize|p1|6\n|teamsize|p2|6\n|start\n|switch|p1a: Starmie|Starmie|100/100\n|switch|p2a: Jynx|Jynx|100/100\n|turn|1\n|c|☆Sceptross|gl hf\n|c|☆LNumbers|hf\n|\n|t:|1771776096\n|move|p1a: Starmie|Thunder Wave|p2a: Jynx\n|-status|p2a: Jynx|par\n|cant|p2a: Jynx|par\n|\n|upkeep\n|turn|2\n|rated|Smogon Premier League\n|\n|t:|1771776111\n|switch|p1a: Exeggutor|Exeggutor|100/100\n|move|p2a: Jynx|Lovely Kiss|p1a: Exeggutor|[miss]\n|-miss|p2a: Jynx\n|\n|upkeep\n|turn|3\n|inactive|LNumbers has 270 seconds left.\n|\n|t:|1771776152\n|move|p1a: Exeggutor|Psychic|p2a: Jynx\n|-resisted|p2a: Jynx\n|-damage|p2a: Jynx|83/100 par\n|cant|p2a: Jynx|par\n|\n|upkeep\n|turn|4\n|\n|t:|1771776158\n|move|p1a: Exeggutor|Psychic|p2a: Jynx\n|-resisted|p2a: Jynx\n|-damage|p2a: Jynx|64/100 par\n|cant|p2a: Jynx|par\n|\n|upkeep\n|turn|5\n|inactive|LNumbers has 270 seconds left.\n|\n|t:|1771776164\n|move|p1a: Exeggutor|Psychic|p2a: Jynx\n|-crit|p2a: Jynx\n|-resisted|p2a: Jynx\n|-damage|p2a: Jynx|30/100 par\n|move|p2a: Jynx|Blizzard|p1a: Exeggutor\n|-crit|p1a: Exeggutor\n|-supereffective|p1a: Exeggutor\n|-damage|p1a: Exeggutor|0 fnt\n|faint|p1a: Exeggutor\n|inactive|LNumbers has 270 seconds left.\n|\n|t:|1771776170\n|switch|p1a: Tauros|Tauros|100/100\n|turn|6\n|inactive|Sceptross has 270 seconds left.\n|\n|t:|1771776209\n|move|p1a: Tauros|Body Slam|p2a: Jynx\n|-damage|p2a: Jynx|0 fnt\n|faint|p2a: Jynx\n|\n|t:|1771776211\n|switch|p2a: Exeggutor|Exeggutor|100/100\n|turn|7\n|\n|t:|1771776229\n|switch|p1a: Rhydon|Rhydon|100/100\n|move|p2a: Exeggutor|Sleep Powder|p1a: Rhydon\n|-status|p1a: Rhydon|slp|[from] move: Sleep Powder\n|\n|upkeep\n|turn|8\n|inactive|LNumbers has 270 seconds left.\n|\n|t:|1771776251\n|switch|p1a: Chansey|Chansey|100/100\n|move|p2a: Exeggutor|Psychic|p1a: Chansey\n|-damage|p1a: Chansey|83/100\n|\n|upkeep\n|turn|9\n|\n|t:|1771776257\n|switch|p2a: Chansey|Chansey|100/100\n|move|p1a: Chansey|Sing|p2a: Chansey\n|-status|p2a: Chansey|slp|[from] move: Sing\n|\n|upkeep\n|turn|10\n|inactive|LNumbers has 270 seconds left.\n|\n|t:|1771776276\n|switch|p2a: Snorlax|Snorlax|100/100\n|move|p1a: Chansey|Seismic Toss|p2a: Snorlax\n|-damage|p2a: Snorlax|81/100\n|\n|upkeep\n|turn|11\n|\n|t:|1771776282\n|move|p1a: Chansey|Thunder Wave|p2a: Snorlax\n|-status|p2a: Snorlax|par\n|move|p2a: Snorlax|Body Slam|p1a: Chansey\n|-damage|p1a: Chansey|38/100\n|\n|upkeep\n|turn|12\n|\n|t:|1771776306\n|move|p1a: Chansey|Soft-Boiled|p1a: Chansey\n|-heal|p1a: Chansey|88/100\n|move|p2a: Snorlax|Body Slam|p1a: Chansey\n|-damage|p1a: Chansey|44/100\n|\n|upkeep\n|turn|13\n|\n|t:|1771776310\n|move|p1a: Chansey|Soft-Boiled|p1a: Chansey\n|-heal|p1a: Chansey|94/100\n|move|p2a: Snorlax|Body Slam|p1a: Chansey\n|-damage|p1a: Chansey|49/100\n|\n|upkeep\n|turn|14\n|\n|t:|1771776316\n|move|p1a: Chansey|Soft-Boiled|p1a: Chansey\n|-heal|p1a: Chansey|99/100\n|move|p2a: Snorlax|Body Slam|p1a: Chansey\n|-damage|p1a: Chansey|55/100\n|\n|upkeep\n|turn|15\n|\n|t:|1771776321\n|move|p1a: Chansey|Soft-Boiled|p1a: Chansey\n|-heal|p1a: Chansey|100/100\n|move|p2a: Snorlax|Body Slam|p1a: Chansey\n|-damage|p1a: Chansey|57/100\n|\n|upkeep\n|turn|16\n|\n|t:|1771776326\n|move|p1a: Chansey|Soft-Boiled|p1a: Chansey\n|-heal|p1a: Chansey|100/100\n|cant|p2a: Snorlax|par\n|\n|upkeep\n|turn|17\n|\n|t:|1771776338\n|switch|p1a: Snorlax|Snorlax|100/100\n|move|p2a: Snorlax|Body Slam|p1a: Snorlax\n|-damage|p1a: Snorlax|74/100\n|\n|upkeep\n|turn|18\n|\n|t:|1771776343\n|move|p1a: Snorlax|Body Slam|p2a: Snorlax\n|-damage|p2a: Snorlax|53/100 par\n|move|p2a: Snorlax|Reflect|p2a: Snorlax\n|-start|p2a: Snorlax|Reflect\n|\n|upkeep\n|turn|19\n|\n|t:|1771776353\n|move|p1a: Snorlax|Reflect|p1a: Snorlax\n|-start|p1a: Snorlax|Reflect\n|move|p2a: Snorlax|Body Slam|p1a: Snorlax\n|-damage|p1a: Snorlax|61/100\n|\n|upkeep\n|turn|20\n|\n|t:|1771776364\n|move|p1a: Snorlax|Rest|p1a: Snorlax\n|-status|p1a: Snorlax|slp|[from] move: Rest\n|-heal|p1a: Snorlax|100/100 slp|[silent]\n|move|p2a: Snorlax|Rest|p2a: Snorlax\n|-status|p2a: Snorlax|slp|[from] move: Rest\n|-heal|p2a: Snorlax|100/100 slp|[silent]\n|\n|upkeep\n|turn|21\n|\n|t:|1771776368\n|cant|p1a: Snorlax|slp\n|cant|p2a: Snorlax|slp\n|\n|upkeep\n|turn|22\n|\n|t:|1771776370\n|-curestatus|p1a: Snorlax|slp|[msg]\n|-curestatus|p2a: Snorlax|slp|[msg]\n|\n|upkeep\n|turn|23\n|\n|t:|1771776376\n|move|p1a: Snorlax|Ice Beam|p2a: Snorlax\n|-damage|p2a: Snorlax|86/100\n|move|p2a: Snorlax|Body Slam|p1a: Snorlax\n|-damage|p1a: Snorlax|88/100\n|\n|upkeep\n|turn|24\n|inactive|Sceptross has 270 seconds left.\n|inactive|Sceptross has 240 seconds left.\n|\n|t:|1771776445\n|move|p1a: Snorlax|Ice Beam|p2a: Snorlax\n|-crit|p2a: Snorlax\n|-damage|p2a: Snorlax|58/100\n|-status|p2a: Snorlax|frz\n|cant|p2a: Snorlax|frz\n|\n|upkeep\n|turn|25\n|inactive|Sceptross has 240 seconds left.\n|\n|t:|1771776458\n|move|p1a: Snorlax|Body Slam|p2a: Snorlax\n|-damage|p2a: Snorlax|44/100 frz\n|cant|p2a: Snorlax|frz\n|\n|upkeep\n|turn|26\n|\n|t:|1771776471\n|move|p1a: Snorlax|Body Slam|p2a: Snorlax\n|-damage|p2a: Snorlax|31/100 frz\n|cant|p2a: Snorlax|frz\n|\n|upkeep\n|turn|27\n|\n|t:|1771776479\n|move|p1a: Snorlax|Body Slam|p2a: Snorlax\n|-crit|p2a: Snorlax\n|-damage|p2a: Snorlax|0 fnt\n|faint|p2a: Snorlax\n|\n|t:|1771776488\n|switch|p2a: Exeggutor|Exeggutor|100/100\n|turn|28\n|inactive|LNumbers has 270 seconds left.\n|\n|t:|1771776520\n|switch|p1a: Chansey|Chansey|100/100\n|move|p2a: Exeggutor|Psychic|p1a: Chansey\n|-damage|p1a: Chansey|85/100\n|-unboost|p1a: Chansey|spa|1\n|-unboost|p1a: Chansey|spd|1\n|\n|upkeep\n|turn|29\n|\n|t:|1771776526\n|switch|p2a: Chansey|Chansey|100/100 slp\n|move|p1a: Chansey|Thunder Wave|p2a: Chansey\n|-fail|p2a: Chansey\n|\n|upkeep\n|turn|30\n|\n|t:|1771776532\n|move|p1a: Chansey|Seismic Toss|p2a: Chansey\n|-damage|p2a: Chansey|86/100 slp\n|cant|p2a: Chansey|slp\n|\n|upkeep\n|turn|31\n|inactive|LNumbers has 270 seconds left.\n|\n|t:|1771776568\n|switch|p2a: Exeggutor|Exeggutor|100/100\n|move|p1a: Chansey|Seismic Toss|p2a: Exeggutor\n|-damage|p2a: Exeggutor|75/100\n|\n|upkeep\n|turn|32\n|inactive|LNumbers has 270 seconds left.\n|inactive|LNumbers has 240 seconds left.\n|\n|t:|1771776607\n|switch|p2a: Chansey|Chansey|86/100 slp\n|move|p1a: Chansey|Seismic Toss|p2a: Chansey\n|-damage|p2a: Chansey|72/100 slp\n|\n|upkeep\n|turn|33\n|inactive|LNumbers has 240 seconds left.\n|\n|t:|1771776619\n|move|p1a: Chansey|Seismic Toss|p2a: Chansey\n|-damage|p2a: Chansey|58/100 slp\n|cant|p2a: Chansey|slp\n|\n|upkeep\n|turn|34\n|inactive|LNumbers has 240 seconds left.\n|\n|t:|1771776635\n|-curestatus|p2a: Chansey|slp|[msg]\n|move|p1a: Chansey|Seismic Toss|p2a: Chansey\n|-damage|p2a: Chansey|44/100\n|\n|upkeep\n|turn|35\n|\n|t:|1771776640\n|switch|p2a: Exeggutor|Exeggutor|75/100\n|move|p1a: Chansey|Sing|p2a: Exeggutor\n|-status|p2a: Exeggutor|slp|[from] move: Sing\n|\n|upkeep\n|turn|36\n|inactive|Sceptross has 270 seconds left.\n|\n|t:|1771776666\n|switch|p2a: Chansey|Chansey|44/100\n|move|p1a: Chansey|Thunder Wave|p2a: Chansey\n|-status|p2a: Chansey|par\n|\n|upkeep\n|turn|37\n|\n|t:|1771776680\n|switch|p1a: Snorlax|Snorlax|88/100\n|move|p2a: Chansey|Soft-Boiled|p2a: Chansey\n|-heal|p2a: Chansey|94/100 par\n|\n|upkeep\n|turn|38\n|\n|t:|1771776690\n|switch|p1a: Chansey|Chansey|85/100\n|move|p2a: Chansey|Counter|p1a: Chansey\n|-fail|p2a: Chansey\n|\n|upkeep\n|turn|39\n|inactive|LNumbers has 240 seconds left.\n|inactive|LNumbers has 210 seconds left.\n|\n|t:|1771776767\n|move|p1a: Chansey|Seismic Toss|p2a: Chansey\n|-damage|p2a: Chansey|79/100 par\n|move|p2a: Chansey|Seismic Toss|p1a: Chansey\n|-damage|p1a: Chansey|70/100\n|\n|upkeep\n|turn|40\n|inactive|LNumbers has 180 seconds left.\n|\n|t:|1771776796\n|move|p1a: Chansey|Seismic Toss|p2a: Chansey\n|-damage|p2a: Chansey|65/100 par\n|move|p2a: Chansey|Seismic Toss|p1a: Chansey\n|-damage|p1a: Chansey|56/100\n|\n|upkeep\n|turn|41\n|\n|t:|1771776799\n|move|p1a: Chansey|Soft-Boiled|p1a: Chansey\n|-heal|p1a: Chansey|100/100\n|move|p2a: Chansey|Soft-Boiled|p2a: Chansey\n|-heal|p2a: Chansey|100/100 par\n|\n|upkeep\n|turn|42\n|\n|t:|1771776806\n|move|p1a: Chansey|Thunder Wave|p2a: Chansey\n|-fail|p2a: Chansey|par\n|move|p2a: Chansey|Seismic Toss|p1a: Chansey\n|-damage|p1a: Chansey|86/100\n|\n|upkeep\n|turn|43\n|\n|t:|1771776810\n|move|p1a: Chansey|Seismic Toss|p2a: Chansey\n|-damage|p2a: Chansey|86/100 par\n|move|p2a: Chansey|Counter|p1a: Chansey\n|-damage|p1a: Chansey|58/100\n|\n|upkeep\n|turn|44\n|inactive|LNumbers has 210 seconds left.\n|\n|t:|1771776816\n|move|p1a: Chansey|Soft-Boiled|p1a: Chansey\n|-heal|p1a: Chansey|100/100\n|move|p2a: Chansey|Counter|p1a: Chansey\n|-fail|p2a: Chansey\n|\n|upkeep\n|turn|45\n|inactive|LNumbers has 210 seconds left.\n|\n|t:|1771776830\n|move|p1a: Chansey|Seismic Toss|p2a: Chansey\n|-damage|p2a: Chansey|72/100 par\n|move|p2a: Chansey|Seismic Toss|p1a: Chansey\n|-damage|p1a: Chansey|86/100\n|\n|upkeep\n|turn|46\n|inactive|LNumbers has 210 seconds left.\n|\n|t:|1771776844\n|move|p1a: Chansey|Thunder Wave|p2a: Chansey\n|-fail|p2a: Chansey|par\n|cant|p2a: Chansey|par\n|\n|upkeep\n|turn|47\n|\n|t:|1771776848\n|move|p1a: Chansey|Seismic Toss|p2a: Chansey\n|-damage|p2a: Chansey|58/100 par\n|move|p2a: Chansey|Counter|p1a: Chansey\n|-damage|p1a: Chansey|58/100\n|\n|upkeep\n|turn|48\n|\n|t:|1771776855\n|move|p1a: Chansey|Soft-Boiled|p1a: Chansey\n|-heal|p1a: Chansey|100/100\n|move|p2a: Chansey|Soft-Boiled|p2a: Chansey\n|-heal|p2a: Chansey|100/100 par\n|\n|upkeep\n|turn|49\n|\n|t:|1771776862\n|move|p1a: Chansey|Thunder Wave|p2a: Chansey\n|-fail|p2a: Chansey|par\n|move|p2a: Chansey|Seismic Toss|p1a: Chansey\n|-damage|p1a: Chansey|86/100\n|\n|upkeep\n|turn|50\n|\n|t:|1771776868\n|move|p1a: Chansey|Sing|p2a: Chansey\n|-fail|p2a: Chansey\n|move|p2a: Chansey|Seismic Toss|p1a: Chansey\n|-damage|p1a: Chansey|72/100\n|\n|upkeep\n|turn|51\n|\n|t:|1771776876\n|move|p1a: Chansey|Thunder Wave|p2a: Chansey\n|-fail|p2a: Chansey|par\n|move|p2a: Chansey|Counter|p1a: Chansey\n|-fail|p2a: Chansey\n|\n|upkeep\n|turn|52\n|\n|t:|1771776879\n|move|p1a: Chansey|Thunder Wave|p2a: Chansey\n|-fail|p2a: Chansey|par\n|cant|p2a: Chansey|par\n|\n|upkeep\n|turn|53\n|\n|t:|1771776889\n|move|p1a: Chansey|Thunder Wave|p2a: Chansey\n|-fail|p2a: Chansey|par\n|move|p2a: Chansey|Counter|p1a: Chansey\n|-fail|p2a: Chansey\n|\n|upkeep\n|turn|54\n|\n|t:|1771776894\n|move|p1a: Chansey|Sing|p2a: Chansey\n|-fail|p2a: Chansey\n|move|p2a: Chansey|Counter|p1a: Chansey\n|-fail|p2a: Chansey\n|\n|upkeep\n|turn|55\n|\n|t:|1771776900\n|move|p1a: Chansey|Sing|p2a: Chansey\n|-fail|p2a: Chansey\n|move|p2a: Chansey|Seismic Toss|p1a: Chansey\n|-damage|p1a: Chansey|58/100\n|\n|upkeep\n|turn|56\n|\n|t:|1771776913\n|move|p1a: Chansey|Thunder Wave|p2a: Chansey\n|-fail|p2a: Chansey|par\n|move|p2a: Chansey|Counter|p1a: Chansey\n|-fail|p2a: Chansey\n|\n|upkeep\n|turn|57\n|\n|t:|1771776921\n|switch|p2a: Exeggutor|Exeggutor|75/100 slp\n|move|p1a: Chansey|Thunder Wave|p2a: Exeggutor\n|-fail|p2a: Exeggutor\n|\n|upkeep\n|turn|58\n|\n|t:|1771776926\n|switch|p2a: Chansey|Chansey|100/100 par\n|move|p1a: Chansey|Soft-Boiled|p1a: Chansey\n|-heal|p1a: Chansey|100/100\n|\n|upkeep\n|turn|59\n|inactive|LNumbers has 270 seconds left.\n|inactive|Sceptross has 270 seconds left.\n|\n|t:|1771776957\n|move|p1a: Chansey|Seismic Toss|p2a: Chansey\n|-damage|p2a: Chansey|86/100 par\n|move|p2a: Chansey|Seismic Toss|p1a: Chansey\n|-damage|p1a: Chansey|86/100\n|\n|upkeep\n|turn|60\n|\n|t:|1771776963\n|move|p1a: Chansey|Sing|p2a: Chansey|[miss]\n|-miss|p1a: Chansey\n|move|p2a: Chansey|Counter|p1a: Chansey\n|-fail|p2a: Chansey\n|\n|upkeep\n|turn|61\n|\n|t:|1771776972\n|move|p1a: Chansey|Thunder Wave|p2a: Chansey\n|-fail|p2a: Chansey|par\n|move|p2a: Chansey|Seismic Toss|p1a: Chansey\n|-damage|p1a: Chansey|72/100\n|\n|upkeep\n|turn|62\n|\n|t:|1771776978\n|move|p1a: Chansey|Sing|p2a: Chansey\n|-fail|p2a: Chansey\n|cant|p2a: Chansey|par\n|\n|upkeep\n|turn|63\n|\n|t:|1771776982\n|move|p1a: Chansey|Sing|p2a: Chansey\n|-fail|p2a: Chansey\n|cant|p2a: Chansey|par\n|\n|upkeep\n|turn|64\n|\n|t:|1771776985\n|move|p1a: Chansey|Sing|p2a: Chansey\n|-fail|p2a: Chansey\n|move|p2a: Chansey|Counter|p1a: Chansey\n|-fail|p2a: Chansey\n|\n|upkeep\n|turn|65\n|\n|t:|1771776992\n|move|p1a: Chansey|Thunder Wave|p2a: Chansey\n|-fail|p2a: Chansey|par\n|cant|p2a: Chansey|par\n|\n|upkeep\n|turn|66\n|\n|t:|1771777006\n|move|p1a: Chansey|Sing|p2a: Chansey\n|-fail|p2a: Chansey\n|move|p2a: Chansey|Seismic Toss|p1a: Chansey\n|-damage|p1a: Chansey|58/100\n|\n|upkeep\n|turn|67\n|\n|t:|1771777017\n|switch|p2a: Exeggutor|Exeggutor|75/100 slp\n|move|p1a: Chansey|Thunder Wave|p2a: Exeggutor\n|-fail|p2a: Exeggutor\n|\n|upkeep\n|turn|68\n|\n|t:|1771777021\n|switch|p2a: Chansey|Chansey|86/100 par\n|move|p1a: Chansey|Seismic Toss|p2a: Chansey\n|-damage|p2a: Chansey|72/100 par\n|\n|upkeep\n|turn|69\n|\n|t:|1771777025\n|move|p1a: Chansey|Soft-Boiled|p1a: Chansey\n|-heal|p1a: Chansey|100/100\n|move|p2a: Chansey|Soft-Boiled|p2a: Chansey\n|-heal|p2a: Chansey|100/100 par\n|\n|upkeep\n|turn|70\n|inactive|Sceptross has 270 seconds left.\n|\n|t:|1771777059\n|move|p1a: Chansey|Seismic Toss|p2a: Chansey\n|-damage|p2a: Chansey|86/100 par\n|move|p2a: Chansey|Seismic Toss|p1a: Chansey\n|-damage|p1a: Chansey|86/100\n|\n|upkeep\n|turn|71\n|inactive|LNumbers has 270 seconds left.\n|\n|t:|1771777101\n|move|p1a: Chansey|Sing|p2a: Chansey|[miss]\n|-miss|p1a: Chansey\n|move|p2a: Chansey|Seismic Toss|p1a: Chansey\n|-damage|p1a: Chansey|72/100\n|\n|upkeep\n|turn|72\n|\n|t:|1771777108\n|move|p1a: Chansey|Thunder Wave|p2a: Chansey\n|-fail|p2a: Chansey|par\n|move|p2a: Chansey|Counter|p1a: Chansey\n|-fail|p2a: Chansey\n|\n|upkeep\n|turn|73\n|inactive|LNumbers has 270 seconds left.\n|\n|t:|1771777135\n|move|p1a: Chansey|Sing|p2a: Chansey\n|-fail|p2a: Chansey\n|move|p2a: Chansey|Counter|p1a: Chansey\n|-fail|p2a: Chansey\n|\n|upkeep\n|turn|74\n|\n|t:|1771777145\n|move|p1a: Chansey|Thunder Wave|p2a: Chansey\n|-fail|p2a: Chansey|par\n|move|p2a: Chansey|Seismic Toss|p1a: Chansey\n|-damage|p1a: Chansey|58/100\n|\n|upkeep\n|turn|75\n|\n|t:|1771777163\n|move|p1a: Chansey|Thunder Wave|p2a: Chansey\n|-fail|p2a: Chansey|par\n|move|p2a: Chansey|Counter|p1a: Chansey\n|-fail|p2a: Chansey\n|\n|upkeep\n|turn|76\n|inactive|LNumbers has 270 seconds left.\n|\n|t:|1771777186\n|move|p1a: Chansey|Thunder Wave|p2a: Chansey\n|-fail|p2a: Chansey|par\n|move|p2a: Chansey|Counter|p1a: Chansey\n|-fail|p2a: Chansey\n|\n|upkeep\n|turn|77\n|\n|t:|1771777197\n|switch|p2a: Exeggutor|Exeggutor|75/100 slp\n|move|p1a: Chansey|Sing|p2a: Exeggutor\n|-fail|p2a: Exeggutor|slp\n|\n|upkeep\n|turn|78\n|\n|t:|1771777200\n|switch|p2a: Chansey|Chansey|86/100 par\n|move|p1a: Chansey|Seismic Toss|p2a: Chansey\n|-damage|p2a: Chansey|72/100 par\n|\n|upkeep\n|turn|79\n|\n|t:|1771777205\n|move|p1a: Chansey|Thunder Wave|p2a: Chansey\n|-fail|p2a: Chansey|par\n|move|p2a: Chansey|Soft-Boiled|p2a: Chansey\n|-heal|p2a: Chansey|100/100 par\n|\n|upkeep\n|turn|80\n|\n|t:|1771777232\n|switch|p2a: Exeggutor|Exeggutor|75/100 slp\n|move|p1a: Chansey|Soft-Boiled|p1a: Chansey\n|-heal|p1a: Chansey|100/100\n|\n|upkeep\n|turn|81\n|\n|t:|1771777238\n|switch|p2a: Chansey|Chansey|100/100 par\n|move|p1a: Chansey|Seismic Toss|p2a: Chansey\n|-damage|p2a: Chansey|86/100 par\n|\n|upkeep\n|turn|82\n|\n|t:|1771777260\n|move|p1a: Chansey|Sing|p2a: Chansey\n|-fail|p2a: Chansey\n|move|p2a: Chansey|Seismic Toss|p1a: Chansey\n|-damage|p1a: Chansey|86/100\n|\n|upkeep\n|turn|83\n|inactive|LNumbers has 270 seconds left.\n|\n|t:|1771777296\n|move|p1a: Chansey|Sing|p2a: Chansey\n|-fail|p2a: Chansey\n|move|p2a: Chansey|Counter|p1a: Chansey\n|-fail|p2a: Chansey\n|\n|upkeep\n|turn|84\n|\n|t:|1771777307\n|move|p1a: Chansey|Sing|p2a: Chansey|[miss]\n|-miss|p1a: Chansey\n|cant|p2a: Chansey|par\n|\n|upkeep\n|turn|85\n|inactive|LNumbers has 270 seconds left.\n|\n|t:|1771777323\n|move|p1a: Chansey|Sing|p2a: Chansey\n|-fail|p2a: Chansey\n|move|p2a: Chansey|Counter|p1a: Chansey\n|-fail|p2a: Chansey\n|\n|upkeep\n|turn|86\n|inactive|LNumbers has 270 seconds left.\n|\n|t:|1771777332\n|move|p1a: Chansey|Sing|p2a: Chansey|[miss]\n|-miss|p1a: Chansey\n|move|p2a: Chansey|Counter|p1a: Chansey\n|-fail|p2a: Chansey\n|\n|upkeep\n|turn|87\n|inactive|LNumbers has 270 seconds left.\n|\n|t:|1771777343\n|move|p1a: Chansey|Sing|p2a: Chansey|[miss]\n|-miss|p1a: Chansey\n|move|p2a: Chansey|Seismic Toss|p1a: Chansey\n|-damage|p1a: Chansey|72/100\n|\n|upkeep\n|turn|88\n|\n|t:|1771777347\n|switch|p2a: Exeggutor|Exeggutor|75/100 slp\n|move|p1a: Chansey|Thunder Wave|p2a: Exeggutor\n|-fail|p2a: Exeggutor\n|\n|upkeep\n|turn|89\n|inactive|LNumbers has 270 seconds left.\n|\n|t:|1771777367\n|switch|p2a: Chansey|Chansey|86/100 par\n|move|p1a: Chansey|Seismic Toss|p2a: Chansey\n|-damage|p2a: Chansey|72/100 par\n|\n|upkeep\n|turn|90\n|\n|t:|1771777393\n|switch|p1a: Snorlax|Snorlax|88/100\n|move|p2a: Chansey|Counter|p1a: Snorlax\n|-damage|p1a: Snorlax|50/100\n|\n|upkeep\n|turn|91\n|inactive|Sceptross has 270 seconds left.\n|\n|t:|1771777416\n|move|p1a: Snorlax|Reflect|p1a: Snorlax\n|-start|p1a: Snorlax|Reflect\n|move|p2a: Chansey|Soft-Boiled|p2a: Chansey\n|-heal|p2a: Chansey|100/100 par\n|\n|upkeep\n|turn|92\n|inactive|Sceptross has 270 seconds left.\n|\n|t:|1771777429\n|move|p1a: Snorlax|Rest|p1a: Snorlax\n|-status|p1a: Snorlax|slp|[from] move: Rest\n|-heal|p1a: Snorlax|100/100 slp|[silent]\n|cant|p2a: Chansey|par\n|\n|upkeep\n|turn|93\n|\n|t:|1771777434\n|cant|p1a: Snorlax|slp\n|cant|p2a: Chansey|par\n|\n|upkeep\n|turn|94\n|\n|t:|1771777438\n|-curestatus|p1a: Snorlax|slp|[msg]\n|move|p2a: Chansey|Seismic Toss|p1a: Snorlax\n|-damage|p1a: Snorlax|81/100\n|\n|upkeep\n|turn|95\n|\n|t:|1771777444\n|switch|p1a: Chansey|Chansey|72/100\n|move|p2a: Chansey|Seismic Toss|p1a: Chansey\n|-damage|p1a: Chansey|58/100\n|\n|upkeep\n|turn|96\n|\n|t:|1771777475\n|switch|p2a: Exeggutor|Exeggutor|75/100 slp\n|move|p1a: Chansey|Thunder Wave|p2a: Exeggutor\n|-fail|p2a: Exeggutor\n|\n|upkeep\n|turn|97\n|\n|t:|1771777482\n|switch|p2a: Chansey|Chansey|100/100 par\n|move|p1a: Chansey|Seismic Toss|p2a: Chansey\n|-damage|p2a: Chansey|86/100 par\n|\n|upkeep\n|turn|98\n|\n|t:|1771777505\n|switch|p2a: Exeggutor|Exeggutor|75/100 slp\n|move|p1a: Chansey|Soft-Boiled|p1a: Chansey\n|-heal|p1a: Chansey|100/100\n|\n|upkeep\n|turn|99\n|\n|t:|1771777512\n|switch|p2a: Chansey|Chansey|86/100 par\n|switch|p1a: Rhydon|Rhydon|100/100 slp\n|\n|upkeep\n|turn|100\n|\n|t:|1771777517\n|switch|p1a: Chansey|Chansey|100/100\n|switch|p2a: Tauros|Tauros|100/100\n|\n|upkeep\n|turn|101\n|\n|t:|1771777528\n|switch|p2a: Chansey|Chansey|86/100 par\n|switch|p1a: Snorlax|Snorlax|81/100\n|\n|upkeep\n|turn|102\n|\n|t:|1771777548\n|switch|p1a: Chansey|Chansey|100/100\n|move|p2a: Chansey|Thunder Wave|p1a: Chansey\n|-status|p1a: Chansey|par\n|\n|upkeep\n|turn|103\n|inactive|LNumbers has 270 seconds left.\n|\n|t:|1771777577\n|move|p2a: Chansey|Thunder Wave|p1a: Chansey\n|-fail|p1a: Chansey|par\n|move|p1a: Chansey|Sing|p2a: Chansey|[miss]\n|-miss|p1a: Chansey\n|\n|upkeep\n|turn|104\n|\n|t:|1771777582\n|switch|p1a: Rhydon|Rhydon|100/100 slp\n|move|p2a: Chansey|Thunder Wave|p1a: Rhydon\n|-immune|p1a: Rhydon\n|\n|upkeep\n|turn|105\n|\n|t:|1771777587\n|switch|p1a: Chansey|Chansey|100/100 par\n|switch|p2a: Tauros|Tauros|100/100\n|\n|upkeep\n|turn|106\n|\n|t:|1771777593\n|switch|p2a: Chansey|Chansey|86/100 par\n|switch|p1a: Snorlax|Snorlax|81/100\n|\n|upkeep\n|turn|107\n|\n|t:|1771777610\n|switch|p1a: Chansey|Chansey|100/100 par\n|cant|p2a: Chansey|par\n|\n|upkeep\n|turn|108\n|\n|t:|1771777621\n|switch|p1a: Rhydon|Rhydon|100/100 slp\n|move|p2a: Chansey|Thunder Wave|p1a: Rhydon\n|-immune|p1a: Rhydon\n|\n|upkeep\n|turn|109\n|\n|t:|1771777637\n|switch|p1a: Starmie|Starmie|100/100\n|cant|p2a: Chansey|par\n|\n|upkeep\n|turn|110\n|\n|t:|1771777645\n|switch|p1a: Chansey|Chansey|100/100 par\n|move|p2a: Chansey|Thunder Wave|p1a: Chansey\n|-fail|p1a: Chansey|par\n|\n|upkeep\n|turn|111\n|\n|t:|1771777660\n|move|p1a: Chansey|Seismic Toss|p2a: Chansey\n|-damage|p2a: Chansey|72/100 par\n|move|p2a: Chansey|Thunder Wave|p1a: Chansey\n|-fail|p1a: Chansey|par\n|\n|upkeep\n|turn|112\n|\n|t:|1771777667\n|cant|p1a: Chansey|par\n|cant|p2a: Chansey|par\n|\n|upkeep\n|turn|113\n|\n|t:|1771777676\n|switch|p1a: Rhydon|Rhydon|100/100 slp\n|cant|p2a: Chansey|par\n|\n|upkeep\n|turn|114\n|inactive|Sceptross has 270 seconds left.\n|\n|t:|1771777708\n|switch|p1a: Snorlax|Snorlax|81/100\n|move|p2a: Chansey|Thunder Wave|p1a: Snorlax\n|-status|p1a: Snorlax|par\n|\n|upkeep\n|turn|115\n|inactive|Sceptross has 270 seconds left.\n|\n|t:|1771777721\n|cant|p2a: Chansey|par\n|move|p1a: Snorlax|Ice Beam|p2a: Chansey\n|-damage|p2a: Chansey|65/100 par\n|\n|upkeep\n|turn|116\n|\n|t:|1771777735\n|cant|p2a: Chansey|par\n|move|p1a: Snorlax|Reflect|p1a: Snorlax\n|-start|p1a: Snorlax|Reflect\n|\n|upkeep\n|turn|117\n|\n|t:|1771777744\n|switch|p2a: Zapdos|Zapdos|100/100\n|cant|p1a: Snorlax|par\n|\n|upkeep\n|turn|118\n|inactive|LNumbers has 270 seconds left.\n|\n|t:|1771777779\n|move|p2a: Zapdos|Thunderbolt|p1a: Snorlax\n|-damage|p1a: Snorlax|48/100 par\n|cant|p1a: Snorlax|par\n|\n|upkeep\n|turn|119\n|\n|t:|1771777787\n|switch|p1a: Rhydon|Rhydon|100/100 slp\n|move|p2a: Zapdos|Thunderbolt|p1a: Rhydon\n|-immune|p1a: Rhydon\n|\n|upkeep\n|turn|120\n|inactive|LNumbers has 270 seconds left.\n|inactive|Sceptross has 270 seconds left.\n|\n|t:|1771777827\n|switch|p2a: Tauros|Tauros|100/100\n|cant|p1a: Rhydon|slp\n|\n|upkeep\n|turn|121\n|inactive|Sceptross has 270 seconds left.\n|inactive|LNumbers has 270 seconds left.\n|\n|t:|1771777840\n|switch|p1a: Starmie|Starmie|100/100\n|move|p2a: Tauros|Body Slam|p1a: Starmie\n|-damage|p1a: Starmie|66/100\n|\n|upkeep\n|turn|122\n|inactive|LNumbers has 270 seconds left.\n|inactive|Sceptross has 270 seconds left.\n|\n|t:|1771777854\n|switch|p2a: Chansey|Chansey|65/100 par\n|move|p1a: Starmie|Recover|p1a: Starmie\n|-heal|p1a: Starmie|100/100\n|\n|upkeep\n|turn|123\n|inactive|Sceptross has 270 seconds left.\n|\n|t:|1771777874\n|switch|p1a: Chansey|Chansey|100/100 par\n|switch|p2a: Tauros|Tauros|100/100\n|\n|upkeep\n|turn|124\n|inactive|Sceptross has 270 seconds left.\n|\n|t:|1771777887\n|switch|p2a: Chansey|Chansey|65/100 par\n|move|p1a: Chansey|Thunder Wave|p2a: Chansey\n|-fail|p2a: Chansey|par\n|\n|upkeep\n|turn|125\n|\n|t:|1771777894\n|switch|p1a: Snorlax|Snorlax|48/100 par\n|move|p2a: Chansey|Soft-Boiled|p2a: Chansey\n|-heal|p2a: Chansey|100/100 par\n|\n|upkeep\n|turn|126\n|inactive|Sceptross has 270 seconds left.\n|\n|t:|1771777913\n|switch|p2a: Tauros|Tauros|100/100\n|switch|p1a: Chansey|Chansey|100/100 par\n|\n|upkeep\n|turn|127\n|\n|t:|1771777919\n|switch|p2a: Chansey|Chansey|100/100 par\n|move|p1a: Chansey|Thunder Wave|p2a: Chansey\n|-fail|p2a: Chansey|par\n|\n|upkeep\n|turn|128\n|\n|t:|1771777929\n|move|p2a: Chansey|Seismic Toss|p1a: Chansey\n|-damage|p1a: Chansey|86/100 par\n|move|p1a: Chansey|Sing|p2a: Chansey\n|-fail|p2a: Chansey\n|\n|upkeep\n|turn|129\n|\n|t:|1771777943\n|move|p1a: Chansey|Seismic Toss|p2a: Chansey\n|-damage|p2a: Chansey|86/100 par\n|cant|p2a: Chansey|par\n|\n|upkeep\n|turn|130\n|\n|t:|1771777948\n|cant|p2a: Chansey|par\n|move|p1a: Chansey|Sing|p2a: Chansey|[miss]\n|-miss|p1a: Chansey\n|\n|upkeep\n|turn|131\n|inactive|LNumbers has 270 seconds left.\n|\n|t:|1771778005\n|move|p2a: Chansey|Seismic Toss|p1a: Chansey\n|-damage|p1a: Chansey|72/100 par\n|move|p1a: Chansey|Sing|p2a: Chansey|[miss]\n|-miss|p1a: Chansey\n|\n|upkeep\n|turn|132\n|\n|t:|1771778015\n|move|p1a: Chansey|Thunder Wave|p2a: Chansey\n|-fail|p2a: Chansey|par\n|move|p2a: Chansey|Counter|p1a: Chansey\n|-fail|p2a: Chansey\n|\n|upkeep\n|turn|133\n|\n|t:|1771778026\n|cant|p1a: Chansey|par\n|move|p2a: Chansey|Thunder Wave|p1a: Chansey\n|-fail|p1a: Chansey|par\n|\n|upkeep\n|turn|134\n|inactive|LNumbers has 240 seconds left.\n|\n|t:|1771778047\n|switch|p1a: Rhydon|Rhydon|100/100 slp\n|move|p2a: Chansey|Thunder Wave|p1a: Rhydon\n|-immune|p1a: Rhydon\n|\n|upkeep\n|turn|135\n|inactive|LNumbers has 240 seconds left.\n|\n|t:|1771778063\n|switch|p1a: Chansey|Chansey|72/100 par\n|switch|p2a: Tauros|Tauros|100/100\n|\n|upkeep\n|turn|136\n|\n|t:|1771778070\n|switch|p2a: Exeggutor|Exeggutor|75/100 slp\n|switch|p1a: Snorlax|Snorlax|48/100 par\n|\n|upkeep\n|turn|137\n|inactive|LNumbers has 240 seconds left.\n|\n|t:|1771778079\n|switch|p2a: Chansey|Chansey|86/100 par\n|move|p1a: Snorlax|Body Slam|p2a: Chansey\n|-damage|p2a: Chansey|47/100 par\n|\n|upkeep\n|turn|138\n|\n|t:|1771778083\n|move|p2a: Chansey|Soft-Boiled|p2a: Chansey\n|-heal|p2a: Chansey|97/100 par\n|move|p1a: Snorlax|Rest|p1a: Snorlax\n|-status|p1a: Snorlax|slp|[from] move: Rest\n|-heal|p1a: Snorlax|100/100 slp|[silent]\n|\n|upkeep\n|turn|139\n|\n|t:|1771778091\n|move|p2a: Chansey|Seismic Toss|p1a: Snorlax\n|-damage|p1a: Snorlax|81/100 slp\n|cant|p1a: Snorlax|slp\n|\n|upkeep\n|turn|140\n|\n|t:|1771778099\n|move|p2a: Chansey|Seismic Toss|p1a: Snorlax\n|-damage|p1a: Snorlax|62/100 slp\n|-curestatus|p1a: Snorlax|slp|[msg]\n|\n|upkeep\n|turn|141\n|\n|t:|1771778111\n|switch|p1a: Chansey|Chansey|72/100 par\n|move|p2a: Chansey|Seismic Toss|p1a: Chansey\n|-damage|p1a: Chansey|58/100 par\n|\n|upkeep\n|turn|142\n|inactive|Sceptross has 270 seconds left.\n|\n|t:|1771778142\n|switch|p2a: Exeggutor|Exeggutor|75/100 slp\n|move|p1a: Chansey|Thunder Wave|p2a: Exeggutor\n|-fail|p2a: Exeggutor\n|\n|upkeep\n|turn|143\n|\n|t:|1771778147\n|switch|p2a: Chansey|Chansey|97/100 par\n|cant|p1a: Chansey|par\n|\n|upkeep\n|turn|144\n|\n|t:|1771778150\n|switch|p2a: Exeggutor|Exeggutor|75/100 slp\n|move|p1a: Chansey|Soft-Boiled|p1a: Chansey\n|-heal|p1a: Chansey|100/100 par\n|\n|upkeep\n|turn|145\n|\n|t:|1771778175\n|switch|p2a: Chansey|Chansey|97/100 par\n|switch|p1a: Snorlax|Snorlax|62/100\n|\n|upkeep\n|turn|146\n|\n|t:|1771778183\n|switch|p1a: Chansey|Chansey|100/100 par\n|move|p2a: Chansey|Thunder Wave|p1a: Chansey\n|-fail|p1a: Chansey|par\n|\n|upkeep\n|turn|147\n|inactive|LNumbers has 270 seconds left.\n|\n|t:|1771778216\n|move|p2a: Chansey|Seismic Toss|p1a: Chansey\n|-damage|p1a: Chansey|86/100 par\n|move|p1a: Chansey|Seismic Toss|p2a: Chansey\n|-damage|p2a: Chansey|82/100 par\n|\n|upkeep\n|turn|148\n|\n|t:|1771778225\n|switch|p2a: Exeggutor|Exeggutor|75/100 slp\n|move|p1a: Chansey|Seismic Toss|p2a: Exeggutor\n|-damage|p2a: Exeggutor|50/100 slp\n|\n|upkeep\n|turn|149\n|inactive|LNumbers has 270 seconds left.\n|\n|t:|1771778262\n|switch|p2a: Chansey|Chansey|82/100 par\n|switch|p1a: Rhydon|Rhydon|100/100 slp\n|\n|upkeep\n|turn|150\n|\n|t:|1771778278\n|switch|p2a: Tauros|Tauros|100/100\n|cant|p1a: Rhydon|slp\n|\n|upkeep\n|turn|151\n|\n|t:|1771778283\n|switch|p1a: Starmie|Starmie|100/100\n|move|p2a: Tauros|Body Slam|p1a: Starmie\n|-damage|p1a: Starmie|64/100\n|\n|upkeep\n|turn|152\n|\n|t:|1771778290\n|move|p1a: Starmie|Thunder Wave|p2a: Tauros\n|-status|p2a: Tauros|par\n|move|p2a: Tauros|Body Slam|p1a: Starmie\n|-damage|p1a: Starmie|32/100\n|\n|upkeep\n|turn|153\n|inactive|LNumbers has 270 seconds left.\n|\n|t:|1771778305\n|move|p1a: Starmie|Recover|p1a: Starmie\n|-heal|p1a: Starmie|82/100\n|move|p2a: Tauros|Body Slam|p1a: Starmie\n|-damage|p1a: Starmie|48/100\n|-status|p1a: Starmie|par\n|\n|upkeep\n|turn|154\n|inactive|LNumbers has 270 seconds left.\n|\n|t:|1771778326\n|move|p1a: Starmie|Recover|p1a: Starmie\n|-heal|p1a: Starmie|97/100 par\n|cant|p2a: Tauros|par\n|\n|upkeep\n|turn|155\n|\n|t:|1771778332\n|switch|p2a: Chansey|Chansey|82/100 par\n|cant|p1a: Starmie|par\n|\n|upkeep\n|turn|156\n|inactive|LNumbers has 270 seconds left.\n|\n|t:|1771778339\n|switch|p1a: Chansey|Chansey|86/100 par\n|move|p2a: Chansey|Thunder Wave|p1a: Chansey\n|-fail|p1a: Chansey|par\n|\n|upkeep\n|turn|157\n|inactive|LNumbers has 270 seconds left.\n|inactive|LNumbers has 240 seconds left.\n|\n|t:|1771778386\n|move|p1a: Chansey|Seismic Toss|p2a: Chansey\n|-damage|p2a: Chansey|68/100 par\n|move|p2a: Chansey|Thunder Wave|p1a: Chansey\n|-fail|p1a: Chansey|par\n|\n|upkeep\n|turn|158\n|inactive|LNumbers has 240 seconds left.\n|\n|t:|1771778395\n|move|p1a: Chansey|Thunder Wave|p2a: Chansey\n|-fail|p2a: Chansey|par\n|move|p2a: Chansey|Seismic Toss|p1a: Chansey\n|-damage|p1a: Chansey|72/100 par\n|\n|upkeep\n|turn|159\n|inactive|LNumbers has 240 seconds left.\n|\n|t:|1771778409\n|switch|p1a: Rhydon|Rhydon|100/100 slp\n|cant|p2a: Chansey|par\n|\n|upkeep\n|turn|160\n|\n|t:|1771778419\n|cant|p1a: Rhydon|slp\n|move|p2a: Chansey|Seismic Toss|p1a: Rhydon\n|-damage|p1a: Rhydon|76/100 slp\n|\n|upkeep\n|turn|161\n|\n|t:|1771778432\n|cant|p1a: Rhydon|slp\n|move|p2a: Chansey|Seismic Toss|p1a: Rhydon\n|-damage|p1a: Rhydon|52/100 slp\n|\n|upkeep\n|turn|162\n|inactive|LNumbers has 240 seconds left.\n|inactive|LNumbers has 210 seconds left.\n|\n|t:|1771778496\n|switch|p1a: Chansey|Chansey|72/100 par\n|cant|p2a: Chansey|par\n|\n|upkeep\n|turn|163\n|inactive|LNumbers has 210 seconds left.\n|\n|t:|1771778515\n|move|p1a: Chansey|Soft-Boiled|p1a: Chansey\n|-heal|p1a: Chansey|100/100 par\n|cant|p2a: Chansey|par\n|\n|upkeep\n|turn|164\n|\n|t:|1771778523\n|switch|p1a: Starmie|Starmie|97/100 par\n|move|p2a: Chansey|Soft-Boiled|p2a: Chansey\n|-heal|p2a: Chansey|100/100 par\n|\n|upkeep\n|turn|165\n|inactive|LNumbers has 210 seconds left.\n|\n|t:|1771778535\n|switch|p1a: Chansey|Chansey|100/100 par\n|move|p2a: Chansey|Seismic Toss|p1a: Chansey\n|-damage|p1a: Chansey|86/100 par\n|\n|upkeep\n|turn|166\n|inactive|LNumbers has 210 seconds left.\n|\n|t:|1771778552\n|move|p2a: Chansey|Thunder Wave|p1a: Chansey\n|-fail|p1a: Chansey|par\n|cant|p1a: Chansey|par\n|\n|upkeep\n|turn|167\n|\n|t:|1771778559\n|switch|p1a: Starmie|Starmie|97/100 par\n|move|p2a: Chansey|Thunder Wave|p1a: Starmie\n|-fail|p1a: Starmie|par\n|\n|upkeep\n|turn|168\n|inactive|LNumbers has 210 seconds left.\n|\n|t:|1771778567\n|cant|p1a: Starmie|par\n|move|p2a: Chansey|Thunder Wave|p1a: Starmie\n|-fail|p1a: Starmie|par\n|\n|upkeep\n|turn|169\n|inactive|LNumbers has 210 seconds left.\n|\n|t:|1771778582\n|move|p1a: Starmie|Surf|p2a: Chansey\n|-damage|p2a: Chansey|85/100 par\n|cant|p2a: Chansey|par\n|\n|upkeep\n|turn|170\n|inactive|LNumbers has 210 seconds left.\n|\n|t:|1771778596\n|cant|p1a: Starmie|par\n|move|p2a: Chansey|Thunder Wave|p1a: Starmie\n|-fail|p1a: Starmie|par\n|\n|upkeep\n|turn|171\n|\n|t:|1771778601\n|move|p1a: Starmie|Surf|p2a: Chansey\n|-damage|p2a: Chansey|71/100 par\n|move|p2a: Chansey|Seismic Toss|p1a: Starmie\n|-damage|p1a: Starmie|66/100 par\n|\n|upkeep\n|turn|172\n|\n|t:|1771778609\n|switch|p2a: Zapdos|Zapdos|100/100\n|move|p1a: Starmie|Recover|p1a: Starmie\n|-heal|p1a: Starmie|100/100 par\n|\n|upkeep\n|turn|173\n|\n|t:|1771778627\n|switch|p2a: Tauros|Tauros|100/100 par\n|switch|p1a: Rhydon|Rhydon|52/100 slp\n|\n|upkeep\n|turn|174\n|\n|t:|1771778633\n|switch|p1a: Starmie|Starmie|100/100 par\n|cant|p2a: Tauros|par\n|\n|upkeep\n|turn|175\n|\n|t:|1771778644\n|switch|p2a: Chansey|Chansey|71/100 par\n|move|p1a: Starmie|Surf|p2a: Chansey\n|-damage|p2a: Chansey|55/100 par\n|\n|upkeep\n|turn|176\n|inactive|LNumbers has 240 seconds left.\n|\n|t:|1771778656\n|switch|p1a: Chansey|Chansey|86/100 par\n|move|p2a: Chansey|Soft-Boiled|p2a: Chansey\n|-heal|p2a: Chansey|100/100 par\n|\n|upkeep\n|turn|177\n|\n|t:|1771778666\n|switch|p1a: Starmie|Starmie|100/100 par\n|move|p2a: Chansey|Thunder Wave|p1a: Starmie\n|-fail|p1a: Starmie|par\n|\n|upkeep\n|turn|178\n|\n|t:|1771778674\n|switch|p1a: Chansey|Chansey|86/100 par\n|move|p2a: Chansey|Seismic Toss|p1a: Chansey\n|-damage|p1a: Chansey|72/100 par\n|\n|upkeep\n|turn|179\n|\n|t:|1771778687\n|cant|p1a: Chansey|par\n|move|p2a: Chansey|Counter|p1a: Chansey\n|-fail|p2a: Chansey\n|\n|upkeep\n|turn|180\n|\n|t:|1771778695\n|switch|p2a: Tauros|Tauros|100/100 par\n|cant|p1a: Chansey|par\n|\n|upkeep\n|turn|181\n|\n|t:|1771778699\n|switch|p1a: Starmie|Starmie|100/100 par\n|cant|p2a: Tauros|par\n|\n|upkeep\n|turn|182\n|\n|t:|1771778709\n|switch|p2a: Chansey|Chansey|100/100 par\n|cant|p1a: Starmie|par\n|\n|upkeep\n|turn|183\n|\n|t:|1771778722\n|switch|p2a: Tauros|Tauros|100/100 par\n|move|p1a: Starmie|Surf|p2a: Tauros\n|-damage|p2a: Tauros|60/100 par\n|\n|upkeep\n|turn|184\n|\n|t:|1771778728\n|switch|p2a: Chansey|Chansey|100/100 par\n|move|p1a: Starmie|Surf|p2a: Chansey\n|-damage|p2a: Chansey|84/100 par\n|\n|upkeep\n|turn|185\n|inactive|LNumbers has 270 seconds left.\n|\n|t:|1771778752\n|move|p1a: Starmie|Surf|p2a: Chansey\n|-damage|p2a: Chansey|70/100 par\n|cant|p2a: Chansey|par\n|\n|upkeep\n|turn|186\n|inactive|LNumbers has 270 seconds left.\n|\n|t:|1771778781\n|move|p1a: Starmie|Thunderbolt|p2a: Chansey\n|-crit|p2a: Chansey\n|-damage|p2a: Chansey|48/100 par\n|cant|p2a: Chansey|par\n|\n|upkeep\n|turn|187\n|\n|t:|1771778793\n|move|p1a: Starmie|Surf|p2a: Chansey\n|-crit|p2a: Chansey\n|-damage|p2a: Chansey|16/100 par\n|move|p2a: Chansey|Soft-Boiled|p2a: Chansey\n|-heal|p2a: Chansey|66/100 par\n|\n|upkeep\n|turn|188\n|\n|t:|1771778797\n|move|p1a: Starmie|Surf|p2a: Chansey\n|-damage|p2a: Chansey|51/100 par\n|move|p2a: Chansey|Soft-Boiled|p2a: Chansey\n|-heal|p2a: Chansey|100/100 par\n|\n|upkeep\n|turn|189\n|inactive|LNumbers has 270 seconds left.\n|\n|t:|1771778808\n|switch|p1a: Chansey|Chansey|72/100 par\n|switch|p2a: Zapdos|Zapdos|100/100\n|\n|upkeep\n|turn|190\n|inactive|LNumbers has 270 seconds left.\n|\n|t:|1771778822\n|move|p2a: Zapdos|Drill Peck|p1a: Chansey\n|-damage|p1a: Chansey|35/100 par\n|move|p1a: Chansey|Seismic Toss|p2a: Zapdos\n|-damage|p2a: Zapdos|74/100\n|\n|upkeep\n|turn|191\n|inactive|LNumbers has 270 seconds left.\n|\n|t:|1771778839\n|move|p2a: Zapdos|Drill Peck|p1a: Chansey\n|-crit|p1a: Chansey\n|-damage|p1a: Chansey|0 fnt\n|faint|p1a: Chansey\n|\n|t:|1771778841\n|switch|p1a: Rhydon|Rhydon|52/100 slp\n|turn|192\n|\n|t:|1771778845\n|switch|p2a: Tauros|Tauros|60/100 par\n|cant|p1a: Rhydon|slp\n|\n|upkeep\n|turn|193\n|\n|t:|1771778854\n|switch|p1a: Starmie|Starmie|100/100 par\n|move|p2a: Tauros|Body Slam|p1a: Starmie\n|-damage|p1a: Starmie|65/100 par\n|\n|upkeep\n|turn|194\n|\n|t:|1771778868\n|switch|p2a: Zapdos|Zapdos|74/100\n|move|p1a: Starmie|Recover|p1a: Starmie\n|-heal|p1a: Starmie|100/100 par\n|\n|upkeep\n|turn|195\n|\n|t:|1771778886\n|switch|p1a: Rhydon|Rhydon|52/100 slp\n|move|p2a: Zapdos|Drill Peck|p1a: Rhydon\n|-resisted|p1a: Rhydon\n|-damage|p1a: Rhydon|43/100 slp\n|\n|upkeep\n|turn|196\n|\n|t:|1771778909\n|switch|p2a: Tauros|Tauros|60/100 par\n|-curestatus|p1a: Rhydon|slp|[msg]\n|\n|upkeep\n|turn|197\n|\n|t:|1771778926\n|switch|p1a: Starmie|Starmie|100/100 par\n|cant|p2a: Tauros|par\n|\n|upkeep\n|turn|198\n|\n|t:|1771778932\n|switch|p2a: Chansey|Chansey|100/100 par\n|move|p1a: Starmie|Surf|p2a: Chansey\n|-damage|p2a: Chansey|85/100 par\n|\n|upkeep\n|turn|199\n|\n|t:|1771778942\n|move|p1a: Starmie|Thunderbolt|p2a: Chansey\n|-damage|p2a: Chansey|74/100 par\n|move|p2a: Chansey|Seismic Toss|p1a: Starmie\n|-damage|p1a: Starmie|70/100 par\n|\n|upkeep\n|turn|200\n|\n|t:|1771778951\n|switch|p2a: Zapdos|Zapdos|74/100\n|move|p1a: Starmie|Surf|p2a: Zapdos\n|-crit|p2a: Zapdos\n|-damage|p2a: Zapdos|23/100\n|\n|upkeep\n|turn|201\n|inactive|LNumbers has 270 seconds left.\n|\n|t:|1771778990\n|switch|p1a: Rhydon|Rhydon|43/100\n|move|p2a: Zapdos|Thunderbolt|p1a: Rhydon\n|-immune|p1a: Rhydon\n|\n|upkeep\n|turn|202\n|inactive|LNumbers has 270 seconds left.\n|\n|t:|1771779009\n|move|p2a: Zapdos|Drill Peck|p1a: Rhydon\n|-resisted|p1a: Rhydon\n|-damage|p1a: Rhydon|34/100\n|move|p1a: Rhydon|Body Slam|p2a: Zapdos\n|-damage|p2a: Zapdos|2/100\n|\n|upkeep\n|turn|203\n|\n|t:|1771779018\n|move|p2a: Zapdos|Drill Peck|p1a: Rhydon\n|-resisted|p1a: Rhydon\n|-damage|p1a: Rhydon|24/100\n|move|p1a: Rhydon|Body Slam|p2a: Zapdos\n|-crit|p2a: Zapdos\n|-damage|p2a: Zapdos|0 fnt\n|faint|p2a: Zapdos\n|\n|t:|1771779024\n|switch|p2a: Exeggutor|Exeggutor|50/100 slp\n|turn|204\n|\n|t:|1771779029\n|cant|p2a: Exeggutor|slp\n|move|p1a: Rhydon|Body Slam|p2a: Exeggutor\n|-crit|p2a: Exeggutor\n|-damage|p2a: Exeggutor|5/100 slp\n|\n|upkeep\n|turn|205\n|\n|t:|1771779034\n|-curestatus|p2a: Exeggutor|slp|[msg]\n|move|p1a: Rhydon|Earthquake|p2a: Exeggutor\n|-resisted|p2a: Exeggutor\n|-damage|p2a: Exeggutor|0 fnt\n|faint|p2a: Exeggutor\n|\n|t:|1771779046\n|switch|p2a: Tauros|Tauros|60/100 par\n|turn|206\n|\n|t:|1771779051\n|move|p1a: Rhydon|Earthquake|p2a: Tauros\n|-damage|p2a: Tauros|20/100 par\n|move|p2a: Tauros|Earthquake|p1a: Rhydon\n|-supereffective|p1a: Rhydon\n|-damage|p1a: Rhydon|0 fnt\n|faint|p1a: Rhydon\n|\n|t:|1771779070\n|switch|p1a: Snorlax|Snorlax|62/100\n|turn|207\n|\n|t:|1771779090\n|switch|p2a: Chansey|Chansey|74/100 par\n|move|p1a: Snorlax|Body Slam|p2a: Chansey\n|-damage|p2a: Chansey|32/100 par\n|\n|upkeep\n|turn|208\n|\n|t:|1771779093\n|move|p1a: Snorlax|Body Slam|p2a: Chansey\n|-damage|p2a: Chansey|0 fnt\n|faint|p2a: Chansey\n|\n|t:|1771779094\n|switch|p2a: Tauros|Tauros|20/100 par\n|turn|209\n|\n|t:|1771779096\n|move|p1a: Snorlax|Body Slam|p2a: Tauros\n|-damage|p2a: Tauros|0 fnt\n|faint|p2a: Tauros\n|\n|win|LNumbers\n","uploadtime":1771779096,"views":"888","formatid":"gen1ou","rating":null,"private":0,"password":null}