{"id":"smogtours-gen1ou-961008","format":"[Gen 1] OU","players":["wooooo rby","sadisticnarwhal"],"log":"|inactive|Battle timer is ON: inactive players will automatically lose when time's up.\n|t:|1785635135\n|gametype|singles\n|player|p1|wooooo rby|lucas|\n|player|p2|sadisticnarwhal|#rcop2023useast|\n|gen|1\n|tier|[Gen 1] OU\n|rule|Desync Clause Mod: Desyncs resolve to link battle behavior from the acting player's perspective.\n|rule|HP Percentage Mod: HP is shown in percentages\n|rule|Endless Battle Clause: Forcing endless battles is banned\n|rule|Sleep Clause Mod: Limit one foe put to sleep\n|rule|Freeze Clause Mod: Limit one foe frozen\n|rule|Species Clause: Limit one of each Pokémon\n|rule|OHKO Clause: OHKO moves are banned\n|rule|Evasion Moves Clause: Evasion moves are banned\n|\n|t:|1785635135\n|teamsize|p1|6\n|teamsize|p2|6\n|start\n|switch|p1a: Alakazam|Alakazam|100/100\n|switch|p2a: Gengar|Gengar|100/100\n|turn|1\n|c|☆sadisticnarwhal|hf\n|c|☆wooooo rby|hf\n|inactive|wooooo rby has 270 seconds left.\n|\n|t:|1785635169\n|switch|p1a: Gengar|Gengar|100/100\n|switch|p2a: Chansey|Chansey|100/100\n|\n|upkeep\n|turn|2\n|\n|t:|1785635173\n|switch|p2a: Gengar|Gengar|100/100\n|move|p1a: Gengar|Hypnosis|p2a: Gengar\n|-status|p2a: Gengar|slp|[from] move: Hypnosis\n|\n|upkeep\n|turn|3\n|\n|t:|1785635179\n|switch|p2a: Exeggutor|Exeggutor|100/100\n|switch|p1a: Alakazam|Alakazam|100/100\n|\n|upkeep\n|turn|4\n|\n|t:|1785635184\n|move|p1a: Alakazam|Thunder Wave|p2a: Exeggutor\n|-status|p2a: Exeggutor|par\n|move|p2a: Exeggutor|Sleep Powder|p1a: Alakazam\n|-status|p1a: Alakazam|slp|[from] move: Sleep Powder\n|\n|upkeep\n|turn|5\n|\n|t:|1785635188\n|switch|p2a: Snorlax|Snorlax|100/100\n|cant|p1a: Alakazam|slp\n|\n|upkeep\n|turn|6\n|\n|t:|1785635193\n|switch|p1a: Snorlax|Snorlax|100/100\n|move|p2a: Snorlax|Earthquake|p1a: Snorlax\n|-damage|p1a: Snorlax|79/100\n|\n|upkeep\n|turn|7\n|\n|t:|1785635197\n|move|p1a: Snorlax|Body Slam|p2a: Snorlax\n|-damage|p2a: Snorlax|73/100\n|move|p2a: Snorlax|Body Slam|p1a: Snorlax\n|-damage|p1a: Snorlax|52/100\n|\n|upkeep\n|turn|8\n|\n|t:|1785635212\n|move|p1a: Snorlax|Earthquake|p2a: Snorlax\n|-crit|p2a: Snorlax\n|-damage|p2a: Snorlax|34/100\n|move|p2a: Snorlax|Earthquake|p1a: Snorlax\n|-damage|p1a: Snorlax|31/100\n|\n|upkeep\n|turn|9\n|\n|t:|1785635219\n|switch|p1a: Exeggutor|Exeggutor|100/100\n|move|p2a: Snorlax|Hyper Beam|p1a: Exeggutor\n|-damage|p1a: Exeggutor|44/100\n|-mustrecharge|p2a: Snorlax\n|\n|upkeep\n|turn|10\n|\n|t:|1785635226\n|move|p1a: Exeggutor|Psychic|p2a: Snorlax\n|-damage|p2a: Snorlax|0 fnt\n|faint|p2a: Snorlax\n|\n|t:|1785635229\n|switch|p2a: Tauros|Tauros|100/100\n|turn|11\n|\n|t:|1785635234\n|switch|p1a: Starmie|Starmie|100/100\n|move|p2a: Tauros|Hyper Beam|p1a: Starmie|[miss]\n|-miss|p2a: Tauros\n|\n|upkeep\n|turn|12\n|\n|t:|1785635240\n|switch|p2a: Chansey|Chansey|100/100\n|move|p1a: Starmie|Thunder Wave|p2a: Chansey\n|-status|p2a: Chansey|par\n|\n|upkeep\n|turn|13\n|\n|t:|1785635248\n|switch|p1a: Alakazam|Alakazam|100/100 slp\n|move|p2a: Chansey|Ice Beam|p1a: Alakazam\n|-damage|p1a: Alakazam|80/100 slp\n|\n|upkeep\n|turn|14\n|\n|t:|1785635254\n|switch|p2a: Tauros|Tauros|100/100\n|cant|p1a: Alakazam|slp\n|\n|upkeep\n|turn|15\n|\n|t:|1785635257\n|switch|p1a: Starmie|Starmie|100/100\n|move|p2a: Tauros|Body Slam|p1a: Starmie\n|-damage|p1a: Starmie|67/100\n|\n|upkeep\n|turn|16\n|\n|t:|1785635263\n|switch|p1a: Snorlax|Snorlax|31/100\n|switch|p2a: Chansey|Chansey|100/100 par\n|\n|upkeep\n|turn|17\n|\n|t:|1785635270\n|switch|p2a: Gengar|Gengar|100/100 slp\n|move|p1a: Snorlax|Body Slam|p2a: Gengar\n|-immune|p2a: Gengar\n|\n|upkeep\n|turn|18\n|\n|t:|1785635274\n|switch|p2a: Exeggutor|Exeggutor|100/100 par\n|move|p1a: Snorlax|Rest|p1a: Snorlax\n|-status|p1a: Snorlax|slp|[from] move: Rest\n|-heal|p1a: Snorlax|100/100 slp|[silent]\n|\n|upkeep\n|turn|19\n|\n|t:|1785635277\n|cant|p1a: Snorlax|slp\n|move|p2a: Exeggutor|Psychic|p1a: Snorlax\n|-damage|p1a: Snorlax|70/100 slp\n|-unboost|p1a: Snorlax|spa|1\n|-unboost|p1a: Snorlax|spd|1\n|\n|upkeep\n|turn|20\n|\n|t:|1785635281\n|switch|p1a: Exeggutor|Exeggutor|44/100\n|move|p2a: Exeggutor|Psychic|p1a: Exeggutor\n|-resisted|p1a: Exeggutor\n|-damage|p1a: Exeggutor|31/100\n|\n|upkeep\n|turn|21\n|\n|t:|1785635286\n|switch|p2a: Starmie|Starmie|100/100\n|move|p1a: Exeggutor|Psychic|p2a: Starmie\n|-resisted|p2a: Starmie\n|-damage|p2a: Starmie|82/100\n|-unboost|p2a: Starmie|spa|1\n|-unboost|p2a: Starmie|spd|1\n|\n|upkeep\n|turn|22\n|\n|t:|1785635303\n|switch|p2a: Gengar|Gengar|100/100 slp\n|move|p1a: Exeggutor|Stun Spore|p2a: Gengar|[miss]\n|-miss|p1a: Exeggutor\n|\n|upkeep\n|turn|23\n|\n|t:|1785635308\n|switch|p2a: Chansey|Chansey|100/100 par\n|move|p1a: Exeggutor|Psychic|p2a: Chansey\n|-damage|p2a: Chansey|83/100 par\n|\n|upkeep\n|turn|24\n|\n|t:|1785635317\n|switch|p1a: Snorlax|Snorlax|70/100 slp\n|move|p2a: Chansey|Ice Beam|p1a: Snorlax\n|-damage|p1a: Snorlax|50/100 slp\n|\n|upkeep\n|turn|25\n|\n|t:|1785635329\n|switch|p2a: Tauros|Tauros|100/100\n|-curestatus|p1a: Snorlax|slp|[msg]\n|\n|upkeep\n|turn|26\n|\n|t:|1785635332\n|move|p2a: Tauros|Body Slam|p1a: Snorlax\n|-damage|p1a: Snorlax|24/100\n|move|p1a: Snorlax|Self-Destruct|p2a: Tauros\n|-damage|p2a: Tauros|10/100\n|faint|p1a: Snorlax\n|\n|t:|1785635335\n|switch|p1a: Tauros|Tauros|100/100\n|turn|27\n|c|☆sadisticnarwhal|nmms\n|\n|t:|1785635344\n|switch|p2a: Gengar|Gengar|100/100 slp\n|move|p1a: Tauros|Body Slam|p2a: Gengar\n|-immune|p2a: Gengar\n|\n|upkeep\n|turn|28\n|\n|t:|1785635348\n|move|p1a: Tauros|Earthquake|p2a: Gengar\n|-supereffective|p2a: Gengar\n|-damage|p2a: Gengar|32/100 slp\n|cant|p2a: Gengar|slp\n|\n|upkeep\n|turn|29\n|\n|t:|1785635352\n|switch|p2a: Starmie|Starmie|82/100\n|move|p1a: Tauros|Blizzard|p2a: Starmie\n|-resisted|p2a: Starmie\n|-damage|p2a: Starmie|70/100\n|\n|upkeep\n|turn|30\n|\n|t:|1785635359\n|switch|p1a: Alakazam|Alakazam|80/100 slp\n|move|p2a: Starmie|Thunder Wave|p1a: Alakazam\n|-fail|p1a: Alakazam\n|\n|upkeep\n|turn|31\n|\n|t:|1785635363\n|switch|p2a: Tauros|Tauros|10/100\n|cant|p1a: Alakazam|slp\n|\n|upkeep\n|turn|32\n|\n|t:|1785635366\n|switch|p1a: Starmie|Starmie|67/100\n|move|p2a: Tauros|Body Slam|p1a: Starmie\n|-damage|p1a: Starmie|32/100\n|\n|upkeep\n|turn|33\n|\n|t:|1785635371\n|switch|p2a: Chansey|Chansey|83/100 par\n|move|p1a: Starmie|Psychic|p2a: Chansey\n|-damage|p2a: Chansey|69/100 par\n|\n|upkeep\n|turn|34\n|\n|t:|1785635380\n|switch|p1a: Alakazam|Alakazam|80/100 slp\n|move|p2a: Chansey|Thunder Wave|p1a: Alakazam\n|-fail|p1a: Alakazam\n|\n|upkeep\n|turn|35\n|\n|t:|1785635384\n|switch|p1a: Tauros|Tauros|100/100\n|switch|p2a: Tauros|Tauros|10/100\n|\n|upkeep\n|turn|36\n|\n|t:|1785635394\n|switch|p2a: Exeggutor|Exeggutor|100/100 par\n|move|p1a: Tauros|Body Slam|p2a: Exeggutor\n|-damage|p2a: Exeggutor|71/100 par\n|\n|upkeep\n|turn|37\n|\n|t:|1785635401\n|switch|p1a: Exeggutor|Exeggutor|31/100\n|move|p2a: Exeggutor|Stun Spore|p1a: Exeggutor|[miss]\n|-miss|p2a: Exeggutor\n|\n|upkeep\n|turn|38\n|\n|t:|1785635407\n|switch|p2a: Gengar|Gengar|32/100 slp\n|move|p1a: Exeggutor|Psychic|p2a: Gengar\n|-supereffective|p2a: Gengar\n|-damage|p2a: Gengar|0 fnt\n|faint|p2a: Gengar\n|\n|t:|1785635410\n|switch|p2a: Tauros|Tauros|10/100\n|turn|39\n|\n|t:|1785635426\n|switch|p1a: Gengar|Gengar|100/100\n|move|p2a: Tauros|Blizzard|p1a: Gengar\n|-damage|p1a: Gengar|83/100\n|\n|upkeep\n|turn|40\n|\n|t:|1785635434\n|move|p2a: Tauros|Earthquake|p1a: Gengar\n|-supereffective|p1a: Gengar\n|-damage|p1a: Gengar|14/100\n|move|p1a: Gengar|Night Shade|p2a: Tauros\n|-damage|p2a: Tauros|0 fnt\n|faint|p2a: Tauros\n|\n|t:|1785635437\n|switch|p2a: Starmie|Starmie|70/100\n|turn|41\n|\n|t:|1785635441\n|switch|p1a: Alakazam|Alakazam|80/100 slp\n|move|p2a: Starmie|Thunderbolt|p1a: Alakazam\n|-damage|p1a: Alakazam|60/100 slp\n|\n|upkeep\n|turn|42\n|\n|t:|1785635457\n|cant|p1a: Alakazam|slp\n|move|p2a: Starmie|Thunderbolt|p1a: Alakazam\n|-damage|p1a: Alakazam|41/100 slp\n|\n|upkeep\n|turn|43\n|\n|t:|1785635463\n|-curestatus|p1a: Alakazam|slp|[msg]\n|move|p2a: Starmie|Blizzard|p1a: Alakazam\n|-damage|p1a: Alakazam|15/100\n|\n|upkeep\n|turn|44\n|\n|t:|1785635471\n|switch|p2a: Exeggutor|Exeggutor|71/100 par\n|move|p1a: Alakazam|Recover|p1a: Alakazam\n|-heal|p1a: Alakazam|65/100\n|\n|upkeep\n|turn|45\n|\n|t:|1785635483\n|switch|p1a: Gengar|Gengar|14/100\n|move|p2a: Exeggutor|Sleep Powder|p1a: Gengar\n|-status|p1a: Gengar|slp|[from] move: Sleep Powder\n|\n|upkeep\n|turn|46\n|\n|t:|1785635507\n|switch|p1a: Exeggutor|Exeggutor|31/100\n|cant|p2a: Exeggutor|par\n|\n|upkeep\n|turn|47\n|\n|t:|1785635525\n|switch|p2a: Chansey|Chansey|69/100 par\n|move|p1a: Exeggutor|Explosion|p2a: Chansey\n|-damage|p2a: Chansey|0 fnt\n|faint|p2a: Chansey\n|faint|p1a: Exeggutor\n|inactive|sadisticnarwhal has 270 seconds left.\n|\n|t:|1785635538\n|switch|p1a: Tauros|Tauros|100/100\n|switch|p2a: Starmie|Starmie|70/100\n|turn|48\n|\n|t:|1785635544\n|move|p2a: Starmie|Blizzard|p1a: Tauros\n|-damage|p1a: Tauros|67/100\n|move|p1a: Tauros|Body Slam|p2a: Starmie\n|-damage|p2a: Starmie|38/100\n|\n|upkeep\n|turn|49\n|\n|t:|1785635550\n|move|p2a: Starmie|Recover|p2a: Starmie\n|-heal|p2a: Starmie|88/100\n|move|p1a: Tauros|Body Slam|p2a: Starmie\n|-damage|p2a: Starmie|56/100\n|-status|p2a: Starmie|par\n|\n|upkeep\n|turn|50\n|\n|t:|1785635556\n|move|p1a: Tauros|Hyper Beam|p2a: Starmie\n|-damage|p2a: Starmie|0 fnt\n|faint|p2a: Starmie\n|\n|t:|1785635558\n|switch|p2a: Exeggutor|Exeggutor|71/100 par\n|turn|51\n|\n|t:|1785635565\n|move|p1a: Tauros|Body Slam|p2a: Exeggutor\n|-crit|p2a: Exeggutor\n|-damage|p2a: Exeggutor|14/100 par\n|cant|p2a: Exeggutor|par\n|\n|upkeep\n|turn|52\n|\n|t:|1785635568\n|move|p1a: Tauros|Body Slam|p2a: Exeggutor\n|-crit|p2a: Exeggutor\n|-damage|p2a: Exeggutor|0 fnt\n|faint|p2a: Exeggutor\n|\n|win|wooooo rby\n|c|☆sadisticnarwhal|gg\n|player|p2|\n|c|☆wooooo rby|gg\n|player|p1|\n","uploadtime":1785635568,"views":"111","formatid":"gen1ou","rating":null,"private":0,"password":null}