{"id":"smogtours-gen1ou-959913","format":"[Gen 1] OU","players":["Unowndragon","Ulti Bastion"],"log":"|inactive|Battle timer is ON: inactive players will automatically lose when time's up.\n|t:|1785247381\n|gametype|singles\n|player|p1|Unowndragon|#uplximelmetal|\n|player|p2|Ulti Bastion|#rbyplvisaffronhaymakers|\n|gen|1\n|tier|[Gen 1] OU\n|rule|Desync Clause Mod: Desyncs resolve to link battle behavior from the acting player's perspective.\n|rule|HP Percentage Mod: HP is shown in percentages\n|rule|Endless Battle Clause: Forcing endless battles is banned\n|rule|Sleep Clause Mod: Limit one foe put to sleep\n|rule|Freeze Clause Mod: Limit one foe frozen\n|rule|Species Clause: Limit one of each Pokémon\n|rule|OHKO Clause: OHKO moves are banned\n|rule|Evasion Moves Clause: Evasion moves are banned\n|\n|t:|1785247381\n|teamsize|p1|6\n|teamsize|p2|6\n|start\n|switch|p1a: Starmie|Starmie|100/100\n|switch|p2a: Red Velvet|Jynx|100/100\n|turn|1\n|inactive|Ulti Bastion has 270 seconds left.\n|inactive|Ulti Bastion has 240 seconds left.\n|inactive|Ulti Bastion has 210 seconds left.\n|\n|t:|1785247475\n|move|p1a: Starmie|Thunder Wave|p2a: Red Velvet\n|-status|p2a: Red Velvet|par\n|move|p2a: Red Velvet|Lovely Kiss|p1a: Starmie\n|-status|p1a: Starmie|slp|[from] move: Lovely Kiss\n|\n|upkeep\n|turn|2\n|c|☆Ulti Bastion|Hf\n|c|☆Unowndragon|u2\n|inactive|Ulti Bastion has 270 seconds left.\n|\n|t:|1785247488\n|switch|p2a: Almighty Bull|Tauros|100/100\n|cant|p1a: Starmie|slp\n|\n|upkeep\n|turn|3\n|\n|t:|1785247497\n|cant|p1a: Starmie|slp\n|move|p2a: Almighty Bull|Body Slam|p1a: Starmie\n|-damage|p1a: Starmie|68/100 slp\n|\n|upkeep\n|turn|4\n|inactive|Ulti Bastion has 270 seconds left.\n|\n|t:|1785247523\n|switch|p1a: Exeggutor|Exeggutor|100/100\n|move|p2a: Almighty Bull|Body Slam|p1a: Exeggutor\n|-damage|p1a: Exeggutor|73/100\n|-status|p1a: Exeggutor|par\n|\n|upkeep\n|turn|5\n|inactive|Ulti Bastion has 270 seconds left.\n|\n|t:|1785247542\n|switch|p2a: Red Velvet|Jynx|100/100 par\n|switch|p1a: Snorlax|Snorlax|100/100\n|\n|upkeep\n|turn|6\n|\n|t:|1785247552\n|switch|p2a: THE COLUSSUS|Snorlax|100/100\n|move|p1a: Snorlax|Body Slam|p2a: THE COLUSSUS\n|-damage|p2a: THE COLUSSUS|76/100\n|\n|upkeep\n|turn|7\n|\n|t:|1785247557\n|move|p1a: Snorlax|Reflect|p1a: Snorlax\n|-start|p1a: Snorlax|Reflect\n|move|p2a: THE COLUSSUS|Reflect|p2a: THE COLUSSUS\n|-start|p2a: THE COLUSSUS|Reflect\n|\n|upkeep\n|turn|8\n|\n|t:|1785247564\n|move|p1a: Snorlax|Body Slam|p2a: THE COLUSSUS\n|-crit|p2a: THE COLUSSUS\n|-damage|p2a: THE COLUSSUS|24/100\n|move|p2a: THE COLUSSUS|Body Slam|p1a: Snorlax\n|-damage|p1a: Snorlax|86/100\n|\n|upkeep\n|turn|9\n|inactive|Ulti Bastion has 270 seconds left.\n|inactive|Ulti Bastion has 240 seconds left.\n|\n|t:|1785247636\n|switch|p1a: Exeggutor|Exeggutor|73/100 par\n|move|p2a: THE COLUSSUS|Rest|p2a: THE COLUSSUS\n|-status|p2a: THE COLUSSUS|slp|[from] move: Rest\n|-heal|p2a: THE COLUSSUS|100/100 slp|[silent]\n|\n|upkeep\n|turn|10\n|inactive|Ulti Bastion has 240 seconds left.\n|\n|t:|1785247647\n|switch|p2a: Red Velvet|Jynx|100/100 par\n|move|p1a: Exeggutor|Psychic|p2a: Red Velvet\n|-resisted|p2a: Red Velvet\n|-damage|p2a: Red Velvet|80/100 par\n|-unboost|p2a: Red Velvet|spa|1\n|-unboost|p2a: Red Velvet|spd|1\n|\n|upkeep\n|turn|11\n|inactive|Ulti Bastion has 240 seconds left.\n|\n|t:|1785247660\n|switch|p1a: Chansey|Chansey|100/100\n|move|p2a: Red Velvet|Blizzard|p1a: Chansey\n|-damage|p1a: Chansey|88/100\n|\n|upkeep\n|turn|12\n|inactive|Ulti Bastion has 240 seconds left.\n|\n|t:|1785247665\n|switch|p2a: THE COLUSSUS|Snorlax|100/100 slp\n|move|p1a: Chansey|Thunderbolt|p2a: THE COLUSSUS\n|-damage|p2a: THE COLUSSUS|81/100 slp\n|\n|upkeep\n|turn|13\n|\n|t:|1785247676\n|move|p1a: Chansey|Thunderbolt|p2a: THE COLUSSUS\n|-crit|p2a: THE COLUSSUS\n|-damage|p2a: THE COLUSSUS|42/100 slp\n|cant|p2a: THE COLUSSUS|slp\n|\n|upkeep\n|turn|14\n|\n|t:|1785247682\n|switch|p2a: A Padeira|Chansey|100/100\n|move|p1a: Chansey|Thunderbolt|p2a: A Padeira\n|-damage|p2a: A Padeira|89/100\n|-status|p2a: A Padeira|par\n|\n|upkeep\n|turn|15\n|\n|t:|1785247696\n|move|p1a: Chansey|Thunderbolt|p2a: A Padeira\n|-crit|p2a: A Padeira\n|-damage|p2a: A Padeira|68/100 par\n|move|p2a: A Padeira|Thunder Wave|p1a: Chansey\n|-status|p1a: Chansey|par\n|\n|upkeep\n|turn|16\n|inactive|Ulti Bastion has 240 seconds left.\n|\n|t:|1785247727\n|switch|p1a: Rhydon|Rhydon|100/100\n|move|p2a: A Padeira|Soft-Boiled|p2a: A Padeira\n|-heal|p2a: A Padeira|100/100 par\n|\n|upkeep\n|turn|17\n|\n|t:|1785247734\n|switch|p2a: Green Illusionist|Exeggutor|100/100\n|move|p1a: Rhydon|Body Slam|p2a: Green Illusionist\n|-crit|p2a: Green Illusionist\n|-damage|p2a: Green Illusionist|55/100\n|\n|upkeep\n|turn|18\n|\n|t:|1785247744\n|switch|p1a: Exeggutor|Exeggutor|73/100 par\n|move|p2a: Green Illusionist|Psychic|p1a: Exeggutor\n|-resisted|p1a: Exeggutor\n|-damage|p1a: Exeggutor|61/100 par\n|\n|upkeep\n|turn|19\n|\n|t:|1785247752\n|move|p2a: Green Illusionist|Psychic|p1a: Exeggutor\n|-resisted|p1a: Exeggutor\n|-damage|p1a: Exeggutor|46/100 par\n|-unboost|p1a: Exeggutor|spa|1\n|-unboost|p1a: Exeggutor|spd|1\n|move|p1a: Exeggutor|Psychic|p2a: Green Illusionist\n|-resisted|p2a: Green Illusionist\n|-damage|p2a: Green Illusionist|46/100\n|\n|upkeep\n|turn|20\n|inactive|Ulti Bastion has 240 seconds left.\n|\n|t:|1785247780\n|switch|p2a: Red Velvet|Jynx|80/100 par\n|switch|p1a: Chansey|Chansey|88/100 par\n|\n|upkeep\n|turn|21\n|inactive|Ulti Bastion has 240 seconds left.\n|\n|t:|1785247796\n|switch|p2a: A Padeira|Chansey|100/100 par\n|cant|p1a: Chansey|par\n|\n|upkeep\n|turn|22\n|\n|t:|1785247800\n|move|p1a: Chansey|Soft-Boiled|p1a: Chansey\n|-heal|p1a: Chansey|100/100 par\n|move|p2a: A Padeira|Ice Beam|p1a: Chansey\n|-damage|p1a: Chansey|90/100 par\n|\n|upkeep\n|turn|23\n|\n|t:|1785247804\n|move|p1a: Chansey|Thunderbolt|p2a: A Padeira\n|-damage|p2a: A Padeira|89/100 par\n|move|p2a: A Padeira|Ice Beam|p1a: Chansey\n|-damage|p1a: Chansey|80/100 par\n|\n|upkeep\n|turn|24\n|\n|t:|1785247810\n|switch|p2a: THE COLUSSUS|Snorlax|42/100 slp\n|move|p1a: Chansey|Soft-Boiled|p1a: Chansey\n|-heal|p1a: Chansey|100/100 par\n|\n|upkeep\n|turn|25\n|\n|t:|1785247815\n|switch|p1a: Rhydon|Rhydon|100/100\n|-curestatus|p2a: THE COLUSSUS|slp|[msg]\n|\n|upkeep\n|turn|26\n|inactive|Ulti Bastion has 270 seconds left.\n|inactive|Ulti Bastion has 240 seconds left.\n|\n|t:|1785247858\n|move|p1a: Rhydon|Earthquake|p2a: THE COLUSSUS\n|-damage|p2a: THE COLUSSUS|9/100\n|move|p2a: THE COLUSSUS|Rest|p2a: THE COLUSSUS\n|-status|p2a: THE COLUSSUS|slp|[from] move: Rest\n|-heal|p2a: THE COLUSSUS|100/100 slp|[silent]\n|\n|upkeep\n|turn|27\n|inactive|Ulti Bastion has 240 seconds left.\n|\n|t:|1785247873\n|move|p1a: Rhydon|Body Slam|p2a: THE COLUSSUS\n|-damage|p2a: THE COLUSSUS|79/100 slp\n|cant|p2a: THE COLUSSUS|slp\n|\n|upkeep\n|turn|28\n|\n|t:|1785247880\n|switch|p2a: Green Illusionist|Exeggutor|46/100\n|move|p1a: Rhydon|Earthquake|p2a: Green Illusionist\n|-resisted|p2a: Green Illusionist\n|-damage|p2a: Green Illusionist|25/100\n|\n|upkeep\n|turn|29\n|\n|t:|1785247887\n|switch|p1a: Exeggutor|Exeggutor|46/100 par\n|move|p2a: Green Illusionist|Mega Drain|p1a: Exeggutor\n|-resisted|p1a: Exeggutor\n|-damage|p1a: Exeggutor|40/100 par\n|-heal|p2a: Green Illusionist|28/100|[from] drain|[of] p1a: Exeggutor\n|\n|upkeep\n|turn|30\n|inactive|Ulti Bastion has 240 seconds left.\n|\n|t:|1785247934\n|switch|p2a: Red Velvet|Jynx|80/100 par\n|move|p1a: Exeggutor|Explosion|p2a: Red Velvet\n|-damage|p2a: Red Velvet|0 fnt\n|faint|p2a: Red Velvet\n|faint|p1a: Exeggutor\n|inactive|Unowndragon has 270 seconds left.\n|inactive|Ulti Bastion has 210 seconds left.\n|\n|t:|1785247952\n|switch|p2a: Mistery|Starmie|100/100\n|switch|p1a: Snorlax|Snorlax|86/100\n|turn|31\n|inactive|Unowndragon has 270 seconds left.\n|\n|t:|1785247971\n|move|p2a: Mistery|Thunder Wave|p1a: Snorlax\n|-status|p1a: Snorlax|par\n|move|p1a: Snorlax|Body Slam|p2a: Mistery\n|-damage|p2a: Mistery|66/100\n|\n|upkeep\n|turn|32\n|\n|t:|1785247979\n|switch|p2a: THE COLUSSUS|Snorlax|79/100 slp\n|move|p1a: Snorlax|Body Slam|p2a: THE COLUSSUS\n|-damage|p2a: THE COLUSSUS|55/100 slp\n|\n|upkeep\n|turn|33\n|inactive|Unowndragon has 270 seconds left.\n|\n|t:|1785247990\n|switch|p1a: Rhydon|Rhydon|100/100\n|-curestatus|p2a: THE COLUSSUS|slp|[msg]\n|\n|upkeep\n|turn|34\n|inactive|Unowndragon has 270 seconds left.\n|inactive|Ulti Bastion has 210 seconds left.\n|inactive|Ulti Bastion has 180 seconds left.\n|\n|t:|1785248067\n|move|p1a: Rhydon|Earthquake|p2a: THE COLUSSUS\n|-damage|p2a: THE COLUSSUS|18/100\n|move|p2a: THE COLUSSUS|Reflect|p2a: THE COLUSSUS\n|-start|p2a: THE COLUSSUS|Reflect\n|\n|upkeep\n|turn|35\n|inactive|Unowndragon has 270 seconds left.\n|inactive|Ulti Bastion has 150 seconds left.\n|\n|t:|1785248112\n|move|p1a: Rhydon|Earthquake|p2a: THE COLUSSUS\n|-damage|p2a: THE COLUSSUS|0 fnt\n|faint|p2a: THE COLUSSUS\n|\n|t:|1785248116\n|switch|p2a: Green Illusionist|Exeggutor|28/100\n|turn|36\n|\n|t:|1785248128\n|switch|p1a: Snorlax|Snorlax|86/100 par\n|move|p2a: Green Illusionist|Mega Drain|p1a: Snorlax\n|-crit|p1a: Snorlax\n|-damage|p1a: Snorlax|58/100 par\n|-heal|p2a: Green Illusionist|47/100|[from] drain|[of] p1a: Snorlax\n|\n|upkeep\n|turn|37\n|\n|t:|1785248142\n|move|p2a: Green Illusionist|Psychic|p1a: Snorlax\n|-damage|p1a: Snorlax|27/100 par\n|move|p1a: Snorlax|Hyper Beam|p2a: Green Illusionist\n|-damage|p2a: Green Illusionist|0 fnt\n|faint|p2a: Green Illusionist\n|\n|t:|1785248149\n|switch|p2a: Almighty Bull|Tauros|100/100\n|turn|38\n|\n|t:|1785248159\n|switch|p1a: Starmie|Starmie|68/100 slp\n|move|p2a: Almighty Bull|Hyper Beam|p1a: Starmie\n|-damage|p1a: Starmie|8/100 slp\n|-mustrecharge|p2a: Almighty Bull\n|\n|upkeep\n|turn|39\n|\n|t:|1785248164\n|switch|p1a: Chansey|Chansey|100/100 par\n|cant|p2a: Almighty Bull|recharge\n|\n|upkeep\n|turn|40\n|inactive|Ulti Bastion has 150 seconds left.\n|\n|t:|1785248176\n|switch|p1a: Snorlax|Snorlax|27/100 par\n|move|p2a: Almighty Bull|Body Slam|p1a: Snorlax\n|-damage|p1a: Snorlax|0 fnt\n|faint|p1a: Snorlax\n|\n|t:|1785248180\n|switch|p1a: Chansey|Chansey|100/100 par\n|turn|41\n|\n|t:|1785248189\n|move|p2a: Almighty Bull|Body Slam|p1a: Chansey\n|-damage|p1a: Chansey|64/100 par\n|move|p1a: Chansey|Thunder Wave|p2a: Almighty Bull\n|-status|p2a: Almighty Bull|par\n|\n|upkeep\n|turn|42\n|\n|t:|1785248198\n|switch|p1a: Starmie|Starmie|8/100 slp\n|move|p2a: Almighty Bull|Earthquake|p1a: Starmie\n|-crit|p1a: Starmie\n|-damage|p1a: Starmie|0 fnt\n|faint|p1a: Starmie\n|\n|t:|1785248206\n|switch|p1a: Tauros|Tauros|100/100\n|turn|43\n|\n|t:|1785248216\n|move|p1a: Tauros|Body Slam|p2a: Almighty Bull\n|-crit|p2a: Almighty Bull\n|-damage|p2a: Almighty Bull|43/100 par\n|move|p2a: Almighty Bull|Blizzard|p1a: Tauros\n|-damage|p1a: Tauros|72/100\n|\n|upkeep\n|turn|44\n|\n|t:|1785248243\n|switch|p2a: Mistery|Starmie|66/100\n|move|p1a: Tauros|Body Slam|p2a: Mistery\n|-damage|p2a: Mistery|31/100\n|\n|upkeep\n|turn|45\n|\n|t:|1785248257\n|switch|p1a: Chansey|Chansey|64/100 par\n|move|p2a: Mistery|Recover|p2a: Mistery\n|-heal|p2a: Mistery|80/100\n|\n|upkeep\n|turn|46\n|\n|t:|1785248264\n|switch|p2a: Almighty Bull|Tauros|43/100 par\n|cant|p1a: Chansey|par\n|\n|upkeep\n|turn|47\n|inactive|Ulti Bastion has 150 seconds left.\n|\n|t:|1785248297\n|switch|p1a: Tauros|Tauros|72/100\n|move|p2a: Almighty Bull|Blizzard|p1a: Tauros\n|-crit|p1a: Tauros\n|-damage|p1a: Tauros|23/100\n|\n|upkeep\n|turn|48\n|inactive|Ulti Bastion has 120 seconds left.\n|inactive|Ulti Bastion has 90 seconds left.\n|\n|t:|1785248360\n|switch|p2a: Mistery|Starmie|80/100\n|move|p1a: Tauros|Body Slam|p2a: Mistery\n|-damage|p2a: Mistery|46/100\n|-status|p2a: Mistery|par\n|\n|upkeep\n|turn|49\n|inactive|Ulti Bastion has 90 seconds left.\n|\n|t:|1785248371\n|switch|p2a: A Padeira|Chansey|89/100 par\n|move|p1a: Tauros|Hyper Beam|p2a: A Padeira\n|-damage|p2a: A Padeira|24/100 par\n|-mustrecharge|p1a: Tauros\n|\n|upkeep\n|turn|50\n|\n|t:|1785248377\n|cant|p1a: Tauros|recharge\n|move|p2a: A Padeira|Counter|p1a: Tauros\n|-damage|p1a: Tauros|0 fnt\n|faint|p1a: Tauros\n|\n|t:|1785248380\n|switch|p1a: Rhydon|Rhydon|100/100\n|turn|51\n|\n|t:|1785248385\n|move|p1a: Rhydon|Earthquake|p2a: A Padeira\n|-damage|p2a: A Padeira|0 fnt\n|faint|p2a: A Padeira\n|\n|t:|1785248388\n|switch|p2a: Almighty Bull|Tauros|43/100 par\n|turn|52\n|\n|t:|1785248391\n|move|p1a: Rhydon|Earthquake|p2a: Almighty Bull\n|-damage|p2a: Almighty Bull|4/100 par\n|move|p2a: Almighty Bull|Blizzard|p1a: Rhydon\n|-crit|p1a: Rhydon\n|-supereffective|p1a: Rhydon\n|-damage|p1a: Rhydon|0 fnt\n|faint|p1a: Rhydon\n|\n|t:|1785248396\n|switch|p1a: Chansey|Chansey|64/100 par\n|turn|53\n|\n|t:|1785248401\n|move|p2a: Almighty Bull|Hyper Beam|p1a: Chansey\n|-damage|p1a: Chansey|0 fnt\n|faint|p1a: Chansey\n|\n|win|Ulti Bastion\n","uploadtime":1785248401,"views":"64","formatid":"gen1ou","rating":null,"private":0,"password":null}