{"id":"smogtours-gen1ou-971933","format":"[Gen 1] OU","players":["LNumbers","wooooo rby"],"log":"|inactive|Battle timer is ON: inactive players will automatically lose when time's up.\n|t:|1789496293\n|gametype|singles\n|player|p1|LNumbers|#rbywc2026|\n|player|p2|wooooo rby|lucas|\n|gen|1\n|tier|[Gen 1] OU\n|rule|Desync Clause Mod: Desyncs resolve to link battle behavior from the acting player's perspective.\n|rule|HP Percentage Mod: HP is shown in percentages\n|rule|Endless Battle Clause: Forcing endless battles is banned\n|rule|Sleep Clause Mod: Limit one foe put to sleep\n|rule|Freeze Clause Mod: Limit one foe frozen\n|rule|Species Clause: Limit one of each Pokémon\n|rule|OHKO Clause: OHKO moves are banned\n|rule|Evasion Moves Clause: Evasion moves are banned\n|\n|t:|1789496293\n|teamsize|p1|6\n|teamsize|p2|6\n|start\n|switch|p1a: Jynx|Jynx|100/100\n|switch|p2a: Gengar|Gengar|100/100\n|turn|1\n|c|☆wooooo rby|hf\n|c|☆LNumbers|hf\n|inactive|LNumbers has 270 seconds left.\n|\n|t:|1789496329\n|move|p2a: Gengar|Hypnosis|p1a: Jynx\n|-status|p1a: Jynx|slp|[from] move: Hypnosis\n|cant|p1a: Jynx|slp\n|\n|upkeep\n|turn|2\n|\n|t:|1789496343\n|switch|p1a: Snorlax|Snorlax|100/100\n|move|p2a: Gengar|Night Shade|p1a: Snorlax\n|-damage|p1a: Snorlax|81/100\n|\n|upkeep\n|turn|3\n|\n|t:|1789496357\n|switch|p2a: Chansey|Chansey|100/100\n|move|p1a: Snorlax|Earthquake|p2a: Chansey\n|-damage|p2a: Chansey|67/100\n|\n|upkeep\n|turn|4\n|\n|t:|1789496377\n|switch|p1a: Jynx|Jynx|100/100 slp\n|move|p2a: Chansey|Soft-Boiled|p2a: Chansey\n|-heal|p2a: Chansey|100/100\n|\n|upkeep\n|turn|5\n|\n|t:|1789496388\n|switch|p2a: Tauros|Tauros|100/100\n|cant|p1a: Jynx|slp\n|\n|upkeep\n|turn|6\n|\n|t:|1789496394\n|switch|p1a: Snorlax|Snorlax|81/100\n|move|p2a: Tauros|Body Slam|p1a: Snorlax\n|-damage|p1a: Snorlax|56/100\n|\n|upkeep\n|turn|7\n|\n|t:|1789496409\n|move|p2a: Tauros|Body Slam|p1a: Snorlax\n|-crit|p1a: Snorlax\n|-damage|p1a: Snorlax|10/100\n|move|p1a: Snorlax|Body Slam|p2a: Tauros\n|-damage|p2a: Tauros|68/100\n|\n|upkeep\n|turn|8\n|\n|t:|1789496415\n|switch|p1a: Exeggutor|Exeggutor|100/100\n|move|p2a: Tauros|Body Slam|p1a: Exeggutor\n|-crit|p1a: Exeggutor\n|-damage|p1a: Exeggutor|45/100\n|\n|upkeep\n|turn|9\n|\n|t:|1789496421\n|switch|p1a: Lapras|Lapras|100/100\n|move|p2a: Tauros|Hyper Beam|p1a: Lapras\n|-damage|p1a: Lapras|56/100\n|-mustrecharge|p2a: Tauros\n|\n|upkeep\n|turn|10\n|\n|t:|1789496425\n|cant|p2a: Tauros|recharge\n|move|p1a: Lapras|Sing|p2a: Tauros\n|-status|p2a: Tauros|slp|[from] move: Sing\n|\n|upkeep\n|turn|11\n|\n|t:|1789496436\n|switch|p2a: Chansey|Chansey|100/100\n|move|p1a: Lapras|Blizzard|p2a: Chansey\n|-damage|p2a: Chansey|81/100\n|-status|p2a: Chansey|frz\n|\n|upkeep\n|turn|12\n|inactive|LNumbers has 270 seconds left.\n|inactive|LNumbers has 240 seconds left.\n|\n|t:|1789496505\n|move|p1a: Lapras|Thunderbolt|p2a: Chansey\n|-damage|p2a: Chansey|70/100 frz\n|cant|p2a: Chansey|frz\n|\n|upkeep\n|turn|13\n|\n|t:|1789496522\n|move|p1a: Lapras|Blizzard|p2a: Chansey\n|-damage|p2a: Chansey|52/100 frz\n|cant|p2a: Chansey|frz\n|\n|upkeep\n|turn|14\n|\n|t:|1789496527\n|move|p1a: Lapras|Blizzard|p2a: Chansey\n|-damage|p2a: Chansey|33/100 frz\n|cant|p2a: Chansey|frz\n|\n|upkeep\n|turn|15\n|\n|t:|1789496543\n|move|p1a: Lapras|Blizzard|p2a: Chansey\n|-damage|p2a: Chansey|15/100 frz\n|cant|p2a: Chansey|frz\n|\n|upkeep\n|turn|16\n|\n|t:|1789496546\n|switch|p1a: Snorlax|Snorlax|10/100\n|cant|p2a: Chansey|frz\n|\n|upkeep\n|turn|17\n|inactive|LNumbers has 270 seconds left.\n|\n|t:|1789496552\n|cant|p2a: Chansey|frz\n|move|p1a: Snorlax|Rest|p1a: Snorlax\n|-status|p1a: Snorlax|slp|[from] move: Rest\n|-heal|p1a: Snorlax|100/100 slp|[silent]\n|\n|upkeep\n|turn|18\n|\n|t:|1789496559\n|switch|p2a: Starmie|Starmie|100/100\n|cant|p1a: Snorlax|slp\n|\n|upkeep\n|turn|19\n|\n|t:|1789496565\n|switch|p1a: Chansey|Chansey|100/100\n|move|p2a: Starmie|Psychic|p1a: Chansey\n|-damage|p1a: Chansey|86/100\n|\n|upkeep\n|turn|20\n|\n|t:|1789496576\n|move|p2a: Starmie|Thunder Wave|p1a: Chansey\n|-status|p1a: Chansey|par\n|cant|p1a: Chansey|par\n|\n|upkeep\n|turn|21\n|\n|t:|1789496586\n|switch|p2a: Chansey|Chansey|15/100 frz\n|move|p1a: Chansey|Thunder Wave|p2a: Chansey\n|-fail|p2a: Chansey\n|\n|upkeep\n|turn|22\n|\n|t:|1789496589\n|switch|p2a: Exeggutor|Exeggutor|100/100\n|move|p1a: Chansey|Thunder Wave|p2a: Exeggutor\n|-status|p2a: Exeggutor|par\n|\n|upkeep\n|turn|23\n|inactive|LNumbers has 270 seconds left.\n|inactive|LNumbers has 240 seconds left.\n|\n|t:|1789496653\n|move|p2a: Exeggutor|Psychic|p1a: Chansey\n|-crit|p1a: Chansey\n|-damage|p1a: Chansey|54/100 par\n|move|p1a: Chansey|Reflect|p1a: Chansey\n|-start|p1a: Chansey|Reflect\n|\n|upkeep\n|turn|24\n|\n|t:|1789496659\n|move|p2a: Exeggutor|Explosion|p1a: Chansey\n|-crit|p1a: Chansey\n|-damage|p1a: Chansey|0 fnt\n|faint|p1a: Chansey\n|faint|p2a: Exeggutor\n|inactive|LNumbers has 240 seconds left.\n|inactive|wooooo rby has 270 seconds left.\n|inactive|LNumbers has 210 seconds left.\n|\n|t:|1789496733\n|switch|p2a: Gengar|Gengar|100/100\n|switch|p1a: Jynx|Jynx|100/100 slp\n|turn|25\n|\n|t:|1789496739\n|move|p2a: Gengar|Night Shade|p1a: Jynx\n|-damage|p1a: Jynx|70/100 slp\n|cant|p1a: Jynx|slp\n|\n|upkeep\n|turn|26\n|\n|t:|1789496744\n|switch|p1a: Snorlax|Snorlax|100/100 slp\n|move|p2a: Gengar|Night Shade|p1a: Snorlax\n|-damage|p1a: Snorlax|81/100 slp\n|\n|upkeep\n|turn|27\n|\n|t:|1789496746\n|move|p2a: Gengar|Psychic|p1a: Snorlax\n|-crit|p1a: Snorlax\n|-damage|p1a: Snorlax|43/100 slp\n|-curestatus|p1a: Snorlax|slp|[msg]\n|\n|upkeep\n|turn|28\n|\n|t:|1789496756\n|move|p2a: Gengar|Psychic|p1a: Snorlax\n|-damage|p1a: Snorlax|23/100\n|move|p1a: Snorlax|Earthquake|p2a: Gengar\n|-supereffective|p2a: Gengar\n|-damage|p2a: Gengar|33/100\n|\n|upkeep\n|turn|29\n|\n|t:|1789496764\n|switch|p2a: Chansey|Chansey|15/100 frz\n|move|p1a: Snorlax|Earthquake|p2a: Chansey\n|-damage|p2a: Chansey|0 fnt\n|faint|p2a: Chansey\n|\n|t:|1789496766\n|switch|p2a: Starmie|Starmie|100/100\n|turn|30\n|\n|t:|1789496772\n|switch|p1a: Jynx|Jynx|70/100 slp\n|move|p2a: Starmie|Psychic|p1a: Jynx\n|-resisted|p1a: Jynx\n|-damage|p1a: Jynx|54/100 slp\n|-unboost|p1a: Jynx|spa|1\n|-unboost|p1a: Jynx|spd|1\n|\n|upkeep\n|turn|31\n|\n|t:|1789496775\n|move|p2a: Starmie|Psychic|p1a: Jynx\n|-resisted|p1a: Jynx\n|-damage|p1a: Jynx|31/100 slp\n|cant|p1a: Jynx|slp\n|\n|upkeep\n|turn|32\n|\n|t:|1789496780\n|switch|p1a: Exeggutor|Exeggutor|45/100\n|move|p2a: Starmie|Psychic|p1a: Exeggutor\n|-resisted|p1a: Exeggutor\n|-damage|p1a: Exeggutor|33/100\n|-unboost|p1a: Exeggutor|spa|1\n|-unboost|p1a: Exeggutor|spd|1\n|\n|upkeep\n|turn|33\n|\n|t:|1789496790\n|move|p2a: Starmie|Blizzard|p1a: Exeggutor\n|-supereffective|p1a: Exeggutor\n|-damage|p1a: Exeggutor|0 fnt\n|faint|p1a: Exeggutor\n|\n|t:|1789496791\n|switch|p1a: Tauros|Tauros|100/100\n|turn|34\n|\n|t:|1789496795\n|move|p2a: Starmie|Thunder Wave|p1a: Tauros\n|-status|p1a: Tauros|par\n|move|p1a: Tauros|Body Slam|p2a: Starmie\n|-damage|p2a: Starmie|66/100\n|\n|upkeep\n|turn|35\n|inactive|LNumbers has 270 seconds left.\n|\n|t:|1789496813\n|switch|p2a: Snorlax|Snorlax|100/100\n|move|p1a: Tauros|Body Slam|p2a: Snorlax\n|-damage|p2a: Snorlax|78/100\n|\n|upkeep\n|turn|36\n|inactive|LNumbers has 270 seconds left.\n|\n|t:|1789496829\n|move|p2a: Snorlax|Body Slam|p1a: Tauros\n|-damage|p1a: Tauros|71/100 par\n|move|p1a: Tauros|Hyper Beam|p2a: Snorlax\n|-crit|p2a: Snorlax\n|-damage|p2a: Snorlax|0 fnt\n|faint|p2a: Snorlax\n|inactive|wooooo rby has 270 seconds left.\n|\n|t:|1789496869\n|switch|p2a: Starmie|Starmie|66/100\n|turn|37\n|inactive|LNumbers has 270 seconds left.\n|inactive|LNumbers has 240 seconds left.\n|inactive|LNumbers has 210 seconds left.\n|inactive|LNumbers has 180 seconds left.\n|inactive|LNumbers has 150 seconds left.\n|inactive|LNumbers has 120 seconds left.\n|inactive|LNumbers has 90 seconds left.\n|inactive|LNumbers has 60 seconds left.\n|\n|t:|1789497109\n|move|p2a: Starmie|Psychic|p1a: Tauros\n|-crit|p1a: Tauros\n|-damage|p1a: Tauros|0 fnt\n|faint|p1a: Tauros\n|\n|t:|1789497114\n|switch|p1a: Lapras|Lapras|56/100\n|turn|38\n|inactive|LNumbers has 30 seconds left.\n|inactive|wooooo rby has 270 seconds left.\n|\n|t:|1789497145\n|switch|p2a: Gengar|Gengar|33/100\n|move|p1a: Lapras|Thunderbolt|p2a: Gengar\n|-damage|p2a: Gengar|14/100\n|\n|upkeep\n|turn|39\n|inactive|wooooo rby has 270 seconds left.\n|inactive|LNumbers has 30 seconds left.\n|\n|t:|1789497163\n|switch|p1a: Jynx|Jynx|31/100 slp\n|move|p2a: Gengar|Psychic|p1a: Jynx\n|-crit|p1a: Jynx\n|-resisted|p1a: Jynx\n|-damage|p1a: Jynx|7/100 slp\n|\n|upkeep\n|turn|40\n|inactive|wooooo rby has 270 seconds left.\n|inactive|LNumbers has 30 seconds left.\n|inactive|LNumbers has 20 seconds left.\n|inactive|LNumbers has 15 seconds left.\n|inactive|LNumbers has 10 seconds left.\n|inactive|wooooo rby has 240 seconds left.\n|inactive|wooooo rby has 210 seconds left.\n|\n|t:|1789497232\n|move|p2a: Gengar|Psychic|p1a: Jynx\n|-resisted|p1a: Jynx\n|-damage|p1a: Jynx|0 fnt\n|faint|p1a: Jynx\n|inactive|LNumbers has 15 seconds left this turn.\n|\n|t:|1789497235\n|switch|p1a: Snorlax|Snorlax|23/100\n|turn|41\n|inactive|LNumbers has 25 seconds left this turn.\n|inactive|LNumbers has 20 seconds left.\n|inactive|LNumbers has 15 seconds left.\n|inactive|LNumbers has 10 seconds left.\n|inactive|LNumbers has 5 seconds left.\n|\n|t:|1789497259\n|move|p2a: Gengar|Hypnosis|p1a: Snorlax\n|-status|p1a: Snorlax|slp|[from] move: Hypnosis\n|cant|p1a: Snorlax|slp\n|\n|upkeep\n|turn|42\n|inactive|LNumbers has 15 seconds left this turn.\n|c|☆LNumbers|gg\n|\n|t:|1789497278\n|move|p2a: Gengar|Psychic|p1a: Snorlax\n|-damage|p1a: Snorlax|2/100 slp\n|-unboost|p1a: Snorlax|spa|1\n|-unboost|p1a: Snorlax|spd|1\n|cant|p1a: Snorlax|slp\n|\n|upkeep\n|turn|43\n|inactive|LNumbers has 25 seconds left this turn.\n|\n|t:|1789497282\n|move|p2a: Gengar|Psychic|p1a: Snorlax\n|-damage|p1a: Snorlax|0 fnt\n|faint|p1a: Snorlax\n|inactive|LNumbers has 30 seconds left this turn.\n|\n|t:|1789497284\n|switch|p1a: Lapras|Lapras|56/100\n|turn|44\n|\n|t:|1789497288\n|move|p2a: Gengar|Explosion|p1a: Lapras\n|-crit|p1a: Lapras\n|-damage|p1a: Lapras|0 fnt\n|faint|p1a: Lapras\n|faint|p2a: Gengar\n|\n|win|wooooo rby\n|c|☆LNumbers|/log LNumbers made the replay of this battle unlisted.\n|c|☆wooooo rby|gg\n|player|p1|\n","uploadtime":1789497288,"views":"108","formatid":"gen1ou","rating":null,"private":2,"password":null}