{"id":"smogtours-gen1ou-911245","format":"[Gen 1] OU","players":["nicole7735","sadisticnarwhal"],"log":"|inactive|Battle timer is ON: inactive players will automatically lose when time's up.\n|t:|1771711510\n|gametype|singles\n|player|p1|nicole7735|#splxviiscooters|\n|player|p2|sadisticnarwhal|#splxviiruiners2|\n|gen|1\n|tier|[Gen 1] OU\n|rule|Desync Clause Mod: Desyncs changed to move failure.\n|rule|Sleep Clause Mod: Limit one foe put to sleep\n|rule|Freeze Clause Mod: Limit one foe frozen\n|rule|Species Clause: Limit one of each Pokémon\n|rule|OHKO Clause: OHKO moves are banned\n|rule|Evasion Moves Clause: Evasion moves are banned\n|rule|Endless Battle Clause: Forcing endless battles is banned\n|rule|HP Percentage Mod: HP is shown in percentages\n|\n|t:|1771711510\n|teamsize|p1|6\n|teamsize|p2|6\n|start\n|switch|p1a: Starmie|Starmie|100/100\n|switch|p2a: Starmie|Starmie|100/100\n|turn|1\n|c|☆sadisticnarwhal|hf\n|c|☆nicole7735|hf\n|\n|t:|1771711519\n|switch|p1a: Chansey|Chansey|100/100\n|move|p2a: Starmie|Blizzard|p1a: Chansey\n|-crit|p1a: Chansey\n|-damage|p1a: Chansey|74/100\n|\n|upkeep\n|turn|2\n|\n|t:|1771711525\n|move|p2a: Starmie|Blizzard|p1a: Chansey\n|-damage|p1a: Chansey|61/100\n|move|p1a: Chansey|Sing|p2a: Starmie\n|-status|p2a: Starmie|slp|[from] move: Sing\n|\n|upkeep\n|turn|3\n|\n|t:|1771711531\n|switch|p2a: Chansey|Chansey|100/100\n|move|p1a: Chansey|Thunder Wave|p2a: Chansey\n|-status|p2a: Chansey|par\n|\n|upkeep\n|turn|4\n|\n|t:|1771711534\n|move|p1a: Chansey|Seismic Toss|p2a: Chansey\n|-damage|p2a: Chansey|86/100 par\n|move|p2a: Chansey|Sing|p1a: Chansey|[miss]\n|-miss|p2a: Chansey\n|\n|upkeep\n|turn|5\n|\n|t:|1771711538\n|move|p1a: Chansey|Seismic Toss|p2a: Chansey\n|-damage|p2a: Chansey|72/100 par\n|move|p2a: Chansey|Sing|p1a: Chansey\n|-status|p1a: Chansey|slp|[from] move: Sing\n|\n|upkeep\n|turn|6\n|\n|t:|1771711543\n|switch|p1a: Snorlax|Snorlax|100/100\n|move|p2a: Chansey|Soft-Boiled|p2a: Chansey\n|-heal|p2a: Chansey|100/100 par\n|\n|upkeep\n|turn|7\n|\n|t:|1771711562\n|switch|p2a: Snorlax|Snorlax|100/100\n|move|p1a: Snorlax|Body Slam|p2a: Snorlax\n|-damage|p2a: Snorlax|74/100\n|\n|upkeep\n|turn|8\n|\n|t:|1771711564\n|move|p1a: Snorlax|Body Slam|p2a: Snorlax\n|-damage|p2a: Snorlax|46/100\n|move|p2a: Snorlax|Reflect|p2a: Snorlax\n|-start|p2a: Snorlax|Reflect\n|\n|upkeep\n|turn|9\n|\n|t:|1771711568\n|move|p2a: Snorlax|Rest|p2a: Snorlax\n|-status|p2a: Snorlax|slp|[from] move: Rest\n|-heal|p2a: Snorlax|100/100 slp|[silent]\n|move|p1a: Snorlax|Reflect|p1a: Snorlax\n|-start|p1a: Snorlax|Reflect\n|\n|upkeep\n|turn|10\n|\n|t:|1771711586\n|switch|p1a: Exeggutor|Exeggutor|100/100\n|cant|p2a: Snorlax|slp\n|\n|upkeep\n|turn|11\n|\n|t:|1771711596\n|switch|p2a: Chansey|Chansey|100/100 par\n|move|p1a: Exeggutor|Psychic|p2a: Chansey\n|-damage|p2a: Chansey|82/100 par\n|\n|upkeep\n|turn|12\n|\n|t:|1771711602\n|switch|p1a: Chansey|Chansey|61/100 slp\n|cant|p2a: Chansey|par\n|\n|upkeep\n|turn|13\n|\n|t:|1771711606\n|switch|p1a: Snorlax|Snorlax|100/100\n|switch|p2a: Snorlax|Snorlax|100/100 slp\n|\n|upkeep\n|turn|14\n|\n|t:|1771711608\n|move|p1a: Snorlax|Body Slam|p2a: Snorlax\n|-damage|p2a: Snorlax|75/100 slp\n|-curestatus|p2a: Snorlax|slp|[msg]\n|\n|upkeep\n|turn|15\n|\n|t:|1771711611\n|move|p1a: Snorlax|Body Slam|p2a: Snorlax\n|-damage|p2a: Snorlax|47/100\n|move|p2a: Snorlax|Reflect|p2a: Snorlax\n|-start|p2a: Snorlax|Reflect\n|\n|upkeep\n|turn|16\n|\n|t:|1771711634\n|move|p1a: Snorlax|Reflect|p1a: Snorlax\n|-start|p1a: Snorlax|Reflect\n|move|p2a: Snorlax|Body Slam|p1a: Snorlax\n|-damage|p1a: Snorlax|88/100\n|\n|upkeep\n|turn|17\n|\n|t:|1771711637\n|switch|p1a: Exeggutor|Exeggutor|100/100\n|move|p2a: Snorlax|Rest|p2a: Snorlax\n|-status|p2a: Snorlax|slp|[from] move: Rest\n|-heal|p2a: Snorlax|100/100 slp|[silent]\n|\n|upkeep\n|turn|18\n|\n|t:|1771711642\n|move|p1a: Exeggutor|Psychic|p2a: Snorlax\n|-damage|p2a: Snorlax|72/100 slp\n|cant|p2a: Snorlax|slp\n|\n|upkeep\n|turn|19\n|\n|t:|1771711645\n|switch|p2a: Chansey|Chansey|82/100 par\n|move|p1a: Exeggutor|Psychic|p2a: Chansey\n|-damage|p2a: Chansey|66/100 par\n|-unboost|p2a: Chansey|spa|1\n|-unboost|p2a: Chansey|spd|1\n|\n|upkeep\n|turn|20\n|\n|t:|1771711648\n|move|p1a: Exeggutor|Psychic|p2a: Chansey\n|-damage|p2a: Chansey|38/100 par\n|move|p2a: Chansey|Soft-Boiled|p2a: Chansey\n|-heal|p2a: Chansey|88/100 par\n|\n|upkeep\n|turn|21\n|inactive|nicole7735 has 270 seconds left.\n|\n|t:|1771711683\n|switch|p1a: Chansey|Chansey|61/100 slp\n|switch|p2a: Exeggutor|Exeggutor|100/100\n|\n|upkeep\n|turn|22\n|inactive|nicole7735 has 270 seconds left.\n|\n|t:|1771711696\n|switch|p1a: Exeggutor|Exeggutor|100/100\n|move|p2a: Exeggutor|Stun Spore|p1a: Exeggutor|[miss]\n|-miss|p2a: Exeggutor\n|\n|upkeep\n|turn|23\n|\n|t:|1771711701\n|switch|p2a: Chansey|Chansey|88/100 par\n|move|p1a: Exeggutor|Stun Spore|p2a: Chansey\n|-fail|p2a: Chansey|par\n|\n|upkeep\n|turn|24\n|\n|t:|1771711706\n|switch|p1a: Snorlax|Snorlax|88/100\n|move|p2a: Chansey|Thunder Wave|p1a: Snorlax\n|-status|p1a: Snorlax|par\n|\n|upkeep\n|turn|25\n|\n|t:|1771711710\n|switch|p2a: Snorlax|Snorlax|72/100 slp\n|move|p1a: Snorlax|Body Slam|p2a: Snorlax\n|-damage|p2a: Snorlax|44/100 slp\n|\n|upkeep\n|turn|26\n|\n|t:|1771711738\n|switch|p2a: Rhydon|Rhydon|100/100\n|switch|p1a: Tauros|Tauros|100/100\n|\n|upkeep\n|turn|27\n|inactive|sadisticnarwhal has 270 seconds left.\n|\n|t:|1771711771\n|move|p1a: Tauros|Blizzard|p2a: Rhydon\n|-supereffective|p2a: Rhydon\n|-damage|p2a: Rhydon|43/100\n|move|p2a: Rhydon|Earthquake|p1a: Tauros\n|-damage|p1a: Tauros|58/100\n|\n|upkeep\n|turn|28\n|\n|t:|1771711795\n|switch|p2a: Chansey|Chansey|88/100 par\n|move|p1a: Tauros|Earthquake|p2a: Chansey\n|-damage|p2a: Chansey|60/100 par\n|\n|upkeep\n|turn|29\n|\n|t:|1771711813\n|switch|p1a: Snorlax|Snorlax|88/100 par\n|switch|p2a: Exeggutor|Exeggutor|100/100\n|\n|upkeep\n|turn|30\n|\n|t:|1771711819\n|switch|p1a: Exeggutor|Exeggutor|100/100\n|move|p2a: Exeggutor|Psychic|p1a: Exeggutor\n|-crit|p1a: Exeggutor\n|-resisted|p1a: Exeggutor\n|-damage|p1a: Exeggutor|75/100\n|\n|upkeep\n|turn|31\n|\n|t:|1771711829\n|move|p2a: Exeggutor|Stun Spore|p1a: Exeggutor|[miss]\n|-miss|p2a: Exeggutor\n|move|p1a: Exeggutor|Stun Spore|p2a: Exeggutor\n|-status|p2a: Exeggutor|par\n|\n|upkeep\n|turn|32\n|inactive|sadisticnarwhal has 270 seconds left.\n|inactive|nicole7735 has 270 seconds left.\n|\n|t:|1771711880\n|move|p1a: Exeggutor|Psychic|p2a: Exeggutor\n|-resisted|p2a: Exeggutor\n|-damage|p2a: Exeggutor|88/100 par\n|move|p2a: Exeggutor|Psychic|p1a: Exeggutor\n|-resisted|p1a: Exeggutor\n|-damage|p1a: Exeggutor|60/100\n|\n|upkeep\n|turn|33\n|\n|t:|1771711887\n|move|p1a: Exeggutor|Psychic|p2a: Exeggutor\n|-resisted|p2a: Exeggutor\n|-damage|p2a: Exeggutor|74/100 par\n|move|p2a: Exeggutor|Stun Spore|p1a: Exeggutor\n|-status|p1a: Exeggutor|par\n|\n|upkeep\n|turn|34\n|\n|t:|1771711894\n|move|p1a: Exeggutor|Psychic|p2a: Exeggutor\n|-resisted|p2a: Exeggutor\n|-damage|p2a: Exeggutor|60/100 par\n|move|p2a: Exeggutor|Psychic|p1a: Exeggutor\n|-resisted|p1a: Exeggutor\n|-damage|p1a: Exeggutor|47/100 par\n|\n|upkeep\n|turn|35\n|inactive|sadisticnarwhal has 270 seconds left.\n|inactive|sadisticnarwhal has 240 seconds left.\n|inactive|sadisticnarwhal has 210 seconds left.\n|\n|t:|1771711983\n|switch|p2a: Chansey|Chansey|60/100 par\n|move|p1a: Exeggutor|Psychic|p2a: Chansey\n|-damage|p2a: Chansey|43/100 par\n|\n|upkeep\n|turn|36\n|inactive|sadisticnarwhal has 210 seconds left.\n|\n|t:|1771711990\n|switch|p1a: Snorlax|Snorlax|88/100 par\n|move|p2a: Chansey|Soft-Boiled|p2a: Chansey\n|-heal|p2a: Chansey|93/100 par\n|\n|upkeep\n|turn|37\n|inactive|sadisticnarwhal has 210 seconds left.\n|inactive|nicole7735 has 270 seconds left.\n|\n|t:|1771712042\n|move|p2a: Chansey|Seismic Toss|p1a: Snorlax\n|-damage|p1a: Snorlax|69/100 par\n|move|p1a: Snorlax|Reflect|p1a: Snorlax\n|-start|p1a: Snorlax|Reflect\n|\n|upkeep\n|turn|38\n|\n|t:|1771712048\n|move|p2a: Chansey|Seismic Toss|p1a: Snorlax\n|-damage|p1a: Snorlax|50/100 par\n|cant|p1a: Snorlax|par\n|\n|upkeep\n|turn|39\n|\n|t:|1771712055\n|switch|p2a: Snorlax|Snorlax|44/100 slp\n|cant|p1a: Snorlax|par\n|\n|upkeep\n|turn|40\n|inactive|nicole7735 has 240 seconds left.\n|\n|t:|1771712111\n|switch|p1a: Tauros|Tauros|58/100\n|-curestatus|p2a: Snorlax|slp|[msg]\n|\n|upkeep\n|turn|41\n|inactive|sadisticnarwhal has 210 seconds left.\n|inactive|sadisticnarwhal has 180 seconds left.\n|\n|t:|1771712157\n|switch|p2a: Starmie|Starmie|100/100 slp\n|move|p1a: Tauros|Hyper Beam|p2a: Starmie\n|-damage|p2a: Starmie|41/100 slp\n|-mustrecharge|p1a: Tauros\n|\n|upkeep\n|turn|42\n|\n|t:|1771712162\n|switch|p2a: Tauros|Tauros|100/100\n|cant|p1a: Tauros|recharge\n|\n|upkeep\n|turn|43\n|inactive|nicole7735 has 210 seconds left.\n|\n|t:|1771712188\n|switch|p1a: Chansey|Chansey|61/100 slp\n|move|p2a: Tauros|Body Slam|p1a: Chansey\n|-damage|p1a: Chansey|21/100 slp\n|\n|upkeep\n|turn|44\n|\n|t:|1771712191\n|move|p2a: Tauros|Body Slam|p1a: Chansey\n|-damage|p1a: Chansey|0 fnt\n|faint|p1a: Chansey\n|\n|t:|1771712201\n|switch|p1a: Starmie|Starmie|100/100\n|turn|45\n|inactive|sadisticnarwhal has 210 seconds left.\n|inactive|nicole7735 has 210 seconds left.\n|inactive|sadisticnarwhal has 180 seconds left.\n|\n|t:|1771712245\n|switch|p1a: Snorlax|Snorlax|50/100 par\n|switch|p2a: Chansey|Chansey|93/100 par\n|\n|upkeep\n|turn|46\n|inactive|sadisticnarwhal has 180 seconds left.\n|inactive|nicole7735 has 180 seconds left.\n|inactive|sadisticnarwhal has 150 seconds left.\n|inactive|nicole7735 has 150 seconds left.\n|inactive|sadisticnarwhal has 120 seconds left.\n|\n|t:|1771712327\n|switch|p2a: Rhydon|Rhydon|43/100\n|move|p1a: Snorlax|Reflect|p1a: Snorlax\n|-start|p1a: Snorlax|Reflect\n|\n|upkeep\n|turn|47\n|inactive|sadisticnarwhal has 120 seconds left.\n|inactive|nicole7735 has 120 seconds left.\n|inactive|sadisticnarwhal has 90 seconds left.\n|\n|t:|1771712381\n|move|p2a: Rhydon|Substitute|p2a: Rhydon\n|-start|p2a: Rhydon|Substitute\n|-damage|p2a: Rhydon|18/100\n|cant|p1a: Snorlax|par\n|\n|upkeep\n|turn|48\n|\n|t:|1771712385\n|move|p2a: Rhydon|Earthquake|p1a: Snorlax\n|-damage|p1a: Snorlax|32/100 par\n|move|p1a: Snorlax|Rest|p1a: Snorlax\n|-status|p1a: Snorlax|slp|[from] move: Rest\n|-heal|p1a: Snorlax|100/100 slp|[silent]\n|\n|upkeep\n|turn|49\n|\n|t:|1771712388\n|move|p2a: Rhydon|Earthquake|p1a: Snorlax\n|-damage|p1a: Snorlax|82/100 slp\n|cant|p1a: Snorlax|slp\n|\n|upkeep\n|turn|50\n|\n|t:|1771712391\n|move|p2a: Rhydon|Earthquake|p1a: Snorlax\n|-damage|p1a: Snorlax|64/100 slp\n|-curestatus|p1a: Snorlax|slp|[msg]\n|\n|upkeep\n|turn|51\n|\n|t:|1771712393\n|move|p2a: Rhydon|Earthquake|p1a: Snorlax\n|-damage|p1a: Snorlax|45/100\n|move|p1a: Snorlax|Self-Destruct|p2a: Rhydon\n|-resisted|p2a: Rhydon\n|-end|p2a: Rhydon|Substitute\n|-hint|In Gen 1, the user of Self-Destruct will not take damage if it breaks a Substitute.\n|\n|upkeep\n|turn|52\n|inactive|nicole7735 has 150 seconds left.\n|inactive|sadisticnarwhal has 120 seconds left.\n|\n|t:|1771712411\n|move|p2a: Rhydon|Earthquake|p1a: Snorlax\n|-damage|p1a: Snorlax|29/100\n|move|p1a: Snorlax|Body Slam|p2a: Rhydon\n|-resisted|p2a: Rhydon\n|-damage|p2a: Rhydon|8/100\n|\n|upkeep\n|turn|53\n|\n|t:|1771712416\n|switch|p2a: Exeggutor|Exeggutor|60/100 par\n|move|p1a: Snorlax|Rest|p1a: Snorlax\n|-status|p1a: Snorlax|slp|[from] move: Rest\n|-heal|p1a: Snorlax|100/100 slp|[silent]\n|\n|upkeep\n|turn|54\n|inactive|nicole7735 has 150 seconds left.\n|\n|t:|1771712427\n|move|p2a: Exeggutor|Psychic|p1a: Snorlax\n|-damage|p1a: Snorlax|69/100 slp\n|cant|p1a: Snorlax|slp\n|\n|upkeep\n|turn|55\n|\n|t:|1771712432\n|switch|p1a: Exeggutor|Exeggutor|47/100 par\n|move|p2a: Exeggutor|Psychic|p1a: Exeggutor\n|-crit|p1a: Exeggutor\n|-resisted|p1a: Exeggutor\n|-damage|p1a: Exeggutor|22/100 par\n|\n|upkeep\n|turn|56\n|\n|t:|1771712438\n|switch|p2a: Rhydon|Rhydon|8/100\n|move|p1a: Exeggutor|Mega Drain|p2a: Rhydon\n|-supereffective|p2a: Rhydon\n|-damage|p2a: Rhydon|0 fnt\n|-heal|p1a: Exeggutor|26/100 par|[from] drain|[of] p2a: Rhydon\n|faint|p2a: Rhydon\n|\n|t:|1771712444\n|switch|p2a: Tauros|Tauros|100/100\n|turn|57\n|\n|t:|1771712470\n|move|p2a: Tauros|Body Slam|p1a: Exeggutor\n|-crit|p1a: Exeggutor\n|-damage|p1a: Exeggutor|0 fnt\n|faint|p1a: Exeggutor\n|\n|t:|1771712473\n|switch|p1a: Starmie|Starmie|100/100\n|turn|58\n|inactive|sadisticnarwhal has 180 seconds left.\n|\n|t:|1771712496\n|switch|p2a: Chansey|Chansey|93/100 par\n|move|p1a: Starmie|Psychic|p2a: Chansey\n|-damage|p2a: Chansey|77/100 par\n|\n|upkeep\n|turn|59\n|inactive|sadisticnarwhal has 150 seconds left.\n|inactive|nicole7735 has 150 seconds left.\n|\n|t:|1771712557\n|switch|p1a: Tauros|Tauros|58/100\n|move|p2a: Chansey|Sing|p1a: Tauros\n|-status|p1a: Tauros|slp|[from] move: Sing\n|\n|upkeep\n|turn|60\n|inactive|sadisticnarwhal has 120 seconds left.\n|\n|t:|1771712595\n|switch|p1a: Starmie|Starmie|100/100\n|switch|p2a: Tauros|Tauros|100/100\n|\n|upkeep\n|turn|61\n|\n|t:|1771712602\n|switch|p2a: Chansey|Chansey|77/100 par\n|move|p1a: Starmie|Psychic|p2a: Chansey\n|-damage|p2a: Chansey|63/100 par\n|-unboost|p2a: Chansey|spa|1\n|-unboost|p2a: Chansey|spd|1\n|\n|upkeep\n|turn|62\n|inactive|sadisticnarwhal has 120 seconds left.\n|\n|t:|1771712616\n|switch|p1a: Snorlax|Snorlax|69/100 slp\n|cant|p2a: Chansey|par\n|\n|upkeep\n|turn|63\n|inactive|sadisticnarwhal has 120 seconds left.\n|\n|t:|1771712625\n|-curestatus|p1a: Snorlax|slp|[msg]\n|move|p2a: Chansey|Thunder Wave|p1a: Snorlax\n|-status|p1a: Snorlax|par\n|\n|upkeep\n|turn|64\n|\n|t:|1771712630\n|switch|p2a: Snorlax|Snorlax|44/100\n|move|p1a: Snorlax|Body Slam|p2a: Snorlax\n|-damage|p2a: Snorlax|15/100\n|\n|upkeep\n|turn|65\n|inactive|nicole7735 has 150 seconds left.\n|inactive|sadisticnarwhal has 120 seconds left.\n|\n|t:|1771712656\n|switch|p1a: Starmie|Starmie|100/100\n|move|p2a: Snorlax|Rest|p2a: Snorlax\n|-status|p2a: Snorlax|slp|[from] move: Rest\n|-heal|p2a: Snorlax|100/100 slp|[silent]\n|\n|upkeep\n|turn|66\n|\n|t:|1771712665\n|switch|p2a: Chansey|Chansey|63/100 par\n|move|p1a: Starmie|Psychic|p2a: Chansey\n|-damage|p2a: Chansey|49/100 par\n|\n|upkeep\n|turn|67\n|\n|t:|1771712669\n|switch|p1a: Snorlax|Snorlax|69/100 par\n|cant|p2a: Chansey|par\n|\n|upkeep\n|turn|68\n|\n|t:|1771712677\n|move|p2a: Chansey|Soft-Boiled|p2a: Chansey\n|-heal|p2a: Chansey|99/100 par\n|move|p1a: Snorlax|Body Slam|p2a: Chansey\n|-damage|p2a: Chansey|59/100 par\n|\n|upkeep\n|turn|69\n|\n|t:|1771712681\n|switch|p2a: Snorlax|Snorlax|100/100 slp\n|cant|p1a: Snorlax|par\n|\n|upkeep\n|turn|70\n|inactive|nicole7735 has 180 seconds left.\n|inactive|nicole7735 has 150 seconds left.\n|inactive|nicole7735 has 120 seconds left.\n|inactive|nicole7735 has 90 seconds left.\n|inactive|nicole7735 has 60 seconds left.\n|\n|t:|1771712825\n|switch|p1a: Zapdos|Zapdos|100/100\n|cant|p2a: Snorlax|slp\n|\n|upkeep\n|turn|71\n|\n|t:|1771712843\n|move|p1a: Zapdos|Thunderbolt|p2a: Snorlax\n|-damage|p2a: Snorlax|67/100 slp\n|-curestatus|p2a: Snorlax|slp|[msg]\n|\n|upkeep\n|turn|72\n|inactive|nicole7735 has 60 seconds left.\n|inactive|sadisticnarwhal has 150 seconds left.\n|\n|t:|1771712879\n|switch|p1a: Tauros|Tauros|58/100 slp\n|move|p2a: Snorlax|Body Slam|p1a: Tauros\n|-damage|p1a: Tauros|25/100 slp\n|\n|upkeep\n|turn|73\n|\n|t:|1771712888\n|cant|p1a: Tauros|slp\n|move|p2a: Snorlax|Body Slam|p1a: Tauros\n|-damage|p1a: Tauros|0 fnt\n|faint|p1a: Tauros\n|\n|t:|1771712891\n|switch|p1a: Starmie|Starmie|100/100\n|turn|74\n|inactive|sadisticnarwhal has 150 seconds left.\n|inactive|sadisticnarwhal has 120 seconds left.\n|\n|t:|1771712928\n|switch|p2a: Starmie|Starmie|41/100 slp\n|move|p1a: Starmie|Psychic|p2a: Starmie\n|-resisted|p2a: Starmie\n|-damage|p2a: Starmie|26/100 slp\n|\n|upkeep\n|turn|75\n|\n|t:|1771712933\n|move|p1a: Starmie|Psychic|p2a: Starmie\n|-resisted|p2a: Starmie\n|-damage|p2a: Starmie|10/100 slp\n|cant|p2a: Starmie|slp\n|\n|upkeep\n|turn|76\n|\n|t:|1771712941\n|cant|p2a: Starmie|slp\n|move|p1a: Starmie|Psychic|p2a: Starmie\n|-crit|p2a: Starmie\n|-resisted|p2a: Starmie\n|-damage|p2a: Starmie|0 fnt\n|faint|p2a: Starmie\n|\n|t:|1771712942\n|switch|p2a: Chansey|Chansey|59/100 par\n|turn|77\n|inactive|nicole7735 has 60 seconds left.\n|\n|t:|1771712986\n|switch|p1a: Snorlax|Snorlax|69/100 par\n|move|p2a: Chansey|Soft-Boiled|p2a: Chansey\n|-heal|p2a: Chansey|100/100 par\n|\n|upkeep\n|turn|78\n|inactive|sadisticnarwhal has 150 seconds left.\n|\n|t:|1771712997\n|switch|p2a: Snorlax|Snorlax|67/100\n|switch|p1a: Zapdos|Zapdos|100/100\n|\n|upkeep\n|turn|79\n|\n|t:|1771713002\n|move|p1a: Zapdos|Thunderbolt|p2a: Snorlax\n|-damage|p2a: Snorlax|35/100\n|move|p2a: Snorlax|Body Slam|p1a: Zapdos\n|-damage|p1a: Zapdos|68/100\n|\n|upkeep\n|turn|80\n|\n|t:|1771713016\n|move|p1a: Zapdos|Thunderbolt|p2a: Snorlax\n|-damage|p2a: Snorlax|5/100\n|-status|p2a: Snorlax|par\n|cant|p2a: Snorlax|par\n|\n|upkeep\n|turn|81\n|inactive|sadisticnarwhal has 150 seconds left.\n|inactive|sadisticnarwhal has 120 seconds left.\n|\n|t:|1771713062\n|move|p1a: Zapdos|Drill Peck|p2a: Snorlax\n|-damage|p2a: Snorlax|0 fnt\n|faint|p2a: Snorlax\n|inactive|sadisticnarwhal has 120 seconds left.\n|inactive|sadisticnarwhal has 90 seconds left.\n|\n|t:|1771713113\n|switch|p2a: Chansey|Chansey|100/100 par\n|turn|82\n|\n|t:|1771713121\n|switch|p1a: Snorlax|Snorlax|69/100 par\n|move|p2a: Chansey|Thunder Wave|p1a: Snorlax\n|-fail|p1a: Snorlax|par\n|\n|upkeep\n|turn|83\n|\n|t:|1771713127\n|switch|p2a: Exeggutor|Exeggutor|60/100 par\n|move|p1a: Snorlax|Body Slam|p2a: Exeggutor\n|-damage|p2a: Exeggutor|31/100 par\n|\n|upkeep\n|turn|84\n|inactive|sadisticnarwhal has 90 seconds left.\n|inactive|sadisticnarwhal has 60 seconds left.\n|inactive|nicole7735 has 60 seconds left.\n|\n|t:|1771713169\n|switch|p1a: Zapdos|Zapdos|68/100\n|move|p2a: Exeggutor|Explosion|p1a: Zapdos\n|-damage|p1a: Zapdos|0 fnt\n|faint|p1a: Zapdos\n|faint|p2a: Exeggutor\n|inactive|nicole7735 has 60 seconds left.\n|\n|t:|1771713187\n|switch|p1a: Starmie|Starmie|100/100\n|switch|p2a: Tauros|Tauros|100/100\n|turn|85\n|\n|t:|1771713193\n|switch|p2a: Chansey|Chansey|100/100 par\n|move|p1a: Starmie|Thunder Wave|p2a: Chansey\n|-fail|p2a: Chansey|par\n|\n|upkeep\n|turn|86\n|inactive|nicole7735 has 60 seconds left.\n|\n|t:|1771713198\n|switch|p1a: Snorlax|Snorlax|69/100 par\n|cant|p2a: Chansey|par\n|\n|upkeep\n|turn|87\n|\n|t:|1771713201\n|switch|p2a: Tauros|Tauros|100/100\n|cant|p1a: Snorlax|par\n|\n|upkeep\n|turn|88\n|\n|t:|1771713204\n|move|p2a: Tauros|Body Slam|p1a: Snorlax\n|-damage|p1a: Snorlax|46/100 par\n|move|p1a: Snorlax|Reflect|p1a: Snorlax\n|-start|p1a: Snorlax|Reflect\n|\n|upkeep\n|turn|89\n|inactive|sadisticnarwhal has 90 seconds left.\n|\n|t:|1771713212\n|move|p2a: Tauros|Body Slam|p1a: Snorlax\n|-damage|p1a: Snorlax|34/100 par\n|move|p1a: Snorlax|Rest|p1a: Snorlax\n|-status|p1a: Snorlax|slp|[from] move: Rest\n|-heal|p1a: Snorlax|100/100 slp|[silent]\n|\n|upkeep\n|turn|90\n|\n|t:|1771713216\n|switch|p2a: Chansey|Chansey|100/100 par\n|cant|p1a: Snorlax|slp\n|\n|upkeep\n|turn|91\n|\n|t:|1771713217\n|move|p2a: Chansey|Seismic Toss|p1a: Snorlax\n|-damage|p1a: Snorlax|81/100 slp\n|-curestatus|p1a: Snorlax|slp|[msg]\n|\n|upkeep\n|turn|92\n|\n|t:|1771713219\n|move|p2a: Chansey|Sing|p1a: Snorlax\n|-status|p1a: Snorlax|slp|[from] move: Sing\n|cant|p1a: Snorlax|slp\n|\n|upkeep\n|turn|93\n|\n|t:|1771713227\n|switch|p2a: Tauros|Tauros|100/100\n|-curestatus|p1a: Snorlax|slp|[msg]\n|\n|upkeep\n|turn|94\n|\n|t:|1771713231\n|move|p2a: Tauros|Body Slam|p1a: Snorlax\n|-damage|p1a: Snorlax|69/100\n|move|p1a: Snorlax|Body Slam|p2a: Tauros\n|-damage|p2a: Tauros|71/100\n|\n|upkeep\n|turn|95\n|\n|t:|1771713233\n|move|p2a: Tauros|Body Slam|p1a: Snorlax\n|-damage|p1a: Snorlax|56/100\n|move|p1a: Snorlax|Body Slam|p2a: Tauros\n|-damage|p2a: Tauros|42/100\n|\n|upkeep\n|turn|96\n|\n|t:|1771713236\n|move|p2a: Tauros|Body Slam|p1a: Snorlax\n|-damage|p1a: Snorlax|43/100\n|move|p1a: Snorlax|Body Slam|p2a: Tauros\n|-damage|p2a: Tauros|10/100\n|\n|upkeep\n|turn|97\n|\n|t:|1771713239\n|move|p2a: Tauros|Body Slam|p1a: Snorlax\n|-damage|p1a: Snorlax|30/100\n|move|p1a: Snorlax|Body Slam|p2a: Tauros\n|-damage|p2a: Tauros|0 fnt\n|faint|p2a: Tauros\n|\n|t:|1771713242\n|switch|p2a: Chansey|Chansey|100/100 par\n|turn|98\n|inactive|sadisticnarwhal has 180 seconds left.\n|\n|t:|1771713256\n|switch|p1a: Starmie|Starmie|100/100\n|move|p2a: Chansey|Sing|p1a: Starmie\n|-status|p1a: Starmie|slp|[from] move: Sing\n|\n|upkeep\n|turn|99\n|\n|t:|1771713266\n|-curestatus|p1a: Starmie|slp|[msg]\n|move|p2a: Chansey|Thunder Wave|p1a: Starmie\n|-status|p1a: Starmie|par\n|\n|upkeep\n|turn|100\n|inactive|nicole7735 has 180 seconds left.\n|\n|t:|1771713272\n|move|p1a: Starmie|Psychic|p2a: Chansey\n|-damage|p2a: Chansey|87/100 par\n|move|p2a: Chansey|Seismic Toss|p1a: Starmie\n|-damage|p1a: Starmie|70/100 par\n|\n|upkeep\n|turn|101\n|\n|t:|1771713274\n|move|p1a: Starmie|Recover|p1a: Starmie\n|-heal|p1a: Starmie|100/100 par\n|move|p2a: Chansey|Seismic Toss|p1a: Starmie\n|-damage|p1a: Starmie|70/100 par\n|\n|upkeep\n|turn|102\n|\n|t:|1771713276\n|move|p1a: Starmie|Recover|p1a: Starmie\n|-heal|p1a: Starmie|100/100 par\n|move|p2a: Chansey|Seismic Toss|p1a: Starmie\n|-damage|p1a: Starmie|70/100 par\n|\n|upkeep\n|turn|103\n|\n|t:|1771713279\n|cant|p1a: Starmie|par\n|cant|p2a: Chansey|par\n|\n|upkeep\n|turn|104\n|\n|t:|1771713281\n|move|p1a: Starmie|Recover|p1a: Starmie\n|-heal|p1a: Starmie|100/100 par\n|move|p2a: Chansey|Seismic Toss|p1a: Starmie\n|-damage|p1a: Starmie|70/100 par\n|\n|upkeep\n|turn|105\n|\n|t:|1771713283\n|move|p1a: Starmie|Recover|p1a: Starmie\n|-heal|p1a: Starmie|100/100 par\n|move|p2a: Chansey|Seismic Toss|p1a: Starmie\n|-damage|p1a: Starmie|70/100 par\n|\n|upkeep\n|turn|106\n|\n|t:|1771713285\n|move|p1a: Starmie|Recover|p1a: Starmie\n|-heal|p1a: Starmie|100/100 par\n|cant|p2a: Chansey|par\n|\n|upkeep\n|turn|107\n|\n|t:|1771713288\n|move|p1a: Starmie|Psychic|p2a: Chansey\n|-crit|p2a: Chansey\n|-damage|p2a: Chansey|57/100 par\n|move|p2a: Chansey|Seismic Toss|p1a: Starmie\n|-damage|p1a: Starmie|70/100 par\n|\n|upkeep\n|turn|108\n|\n|t:|1771713291\n|move|p1a: Starmie|Recover|p1a: Starmie\n|-heal|p1a: Starmie|100/100 par\n|move|p2a: Chansey|Soft-Boiled|p2a: Chansey\n|-heal|p2a: Chansey|100/100 par\n|\n|upkeep\n|turn|109\n|\n|t:|1771713292\n|cant|p1a: Starmie|par\n|move|p2a: Chansey|Seismic Toss|p1a: Starmie\n|-damage|p1a: Starmie|70/100 par\n|\n|upkeep\n|turn|110\n|\n|t:|1771713295\n|move|p1a: Starmie|Recover|p1a: Starmie\n|-heal|p1a: Starmie|100/100 par\n|cant|p2a: Chansey|par\n|\n|upkeep\n|turn|111\n|\n|t:|1771713297\n|move|p1a: Starmie|Psychic|p2a: Chansey\n|-damage|p2a: Chansey|86/100 par\n|-unboost|p2a: Chansey|spa|1\n|-unboost|p2a: Chansey|spd|1\n|move|p2a: Chansey|Seismic Toss|p1a: Starmie\n|-damage|p1a: Starmie|70/100 par\n|\n|upkeep\n|turn|112\n|\n|t:|1771713300\n|move|p1a: Starmie|Recover|p1a: Starmie\n|-heal|p1a: Starmie|100/100 par\n|move|p2a: Chansey|Seismic Toss|p1a: Starmie\n|-damage|p1a: Starmie|70/100 par\n|\n|upkeep\n|turn|113\n|\n|t:|1771713302\n|move|p1a: Starmie|Recover|p1a: Starmie\n|-heal|p1a: Starmie|100/100 par\n|move|p2a: Chansey|Seismic Toss|p1a: Starmie\n|-damage|p1a: Starmie|70/100 par\n|\n|upkeep\n|turn|114\n|\n|t:|1771713303\n|move|p1a: Starmie|Recover|p1a: Starmie\n|-heal|p1a: Starmie|100/100 par\n|move|p2a: Chansey|Seismic Toss|p1a: Starmie\n|-damage|p1a: Starmie|70/100 par\n|\n|upkeep\n|turn|115\n|\n|t:|1771713305\n|move|p1a: Starmie|Recover|p1a: Starmie\n|-heal|p1a: Starmie|100/100 par\n|move|p2a: Chansey|Seismic Toss|p1a: Starmie\n|-damage|p1a: Starmie|70/100 par\n|\n|upkeep\n|turn|116\n|\n|t:|1771713307\n|move|p1a: Starmie|Recover|p1a: Starmie\n|-heal|p1a: Starmie|100/100 par\n|move|p2a: Chansey|Seismic Toss|p1a: Starmie\n|-damage|p1a: Starmie|70/100 par\n|\n|upkeep\n|turn|117\n|\n|t:|1771713309\n|move|p1a: Starmie|Recover|p1a: Starmie\n|-heal|p1a: Starmie|100/100 par\n|cant|p2a: Chansey|par\n|\n|upkeep\n|turn|118\n|\n|t:|1771713312\n|move|p1a: Starmie|Psychic|p2a: Chansey\n|-crit|p2a: Chansey\n|-damage|p2a: Chansey|60/100 par\n|move|p2a: Chansey|Soft-Boiled|p2a: Chansey\n|-heal|p2a: Chansey|100/100 par\n|\n|upkeep\n|turn|119\n|\n|t:|1771713318\n|move|p1a: Starmie|Psychic|p2a: Chansey\n|-damage|p2a: Chansey|79/100 par\n|-unboost|p2a: Chansey|spa|1\n|-unboost|p2a: Chansey|spd|1\n|move|p2a: Chansey|Seismic Toss|p1a: Starmie\n|-damage|p1a: Starmie|70/100 par\n|\n|upkeep\n|turn|120\n|\n|t:|1771713320\n|cant|p1a: Starmie|par\n|move|p2a: Chansey|Seismic Toss|p1a: Starmie\n|-damage|p1a: Starmie|39/100 par\n|\n|upkeep\n|turn|121\n|\n|t:|1771713322\n|move|p1a: Starmie|Recover|p1a: Starmie\n|-heal|p1a: Starmie|88/100 par\n|cant|p2a: Chansey|par\n|\n|upkeep\n|turn|122\n|\n|t:|1771713324\n|move|p1a: Starmie|Psychic|p2a: Chansey\n|-crit|p2a: Chansey\n|-damage|p2a: Chansey|50/100 par\n|move|p2a: Chansey|Soft-Boiled|p2a: Chansey\n|-heal|p2a: Chansey|99/100 par\n|\n|upkeep\n|turn|123\n|\n|t:|1771713327\n|move|p1a: Starmie|Psychic|p2a: Chansey\n|-damage|p2a: Chansey|71/100 par\n|-unboost|p2a: Chansey|spa|1\n|-unboost|p2a: Chansey|spd|1\n|cant|p2a: Chansey|par\n|\n|upkeep\n|turn|124\n|\n|t:|1771713330\n|move|p1a: Starmie|Psychic|p2a: Chansey\n|-damage|p2a: Chansey|35/100 par\n|-unboost|p2a: Chansey|spa|1\n|-unboost|p2a: Chansey|spd|1\n|move|p2a: Chansey|Soft-Boiled|p2a: Chansey\n|-heal|p2a: Chansey|85/100 par\n|\n|upkeep\n|turn|125\n|\n|t:|1771713332\n|move|p1a: Starmie|Psychic|p2a: Chansey\n|-damage|p2a: Chansey|40/100 par\n|-unboost|p2a: Chansey|spa|1\n|-unboost|p2a: Chansey|spd|1\n|move|p2a: Chansey|Soft-Boiled|p2a: Chansey\n|-heal|p2a: Chansey|90/100 par\n|\n|upkeep\n|turn|126\n|\n|t:|1771713336\n|cant|p1a: Starmie|par\n|move|p2a: Chansey|Soft-Boiled|p2a: Chansey\n|-heal|p2a: Chansey|100/100 par\n|\n|upkeep\n|turn|127\n|\n|t:|1771713338\n|cant|p1a: Starmie|par\n|cant|p2a: Chansey|par\n|\n|upkeep\n|turn|128\n|\n|t:|1771713341\n|move|p1a: Starmie|Psychic|p2a: Chansey\n|-damage|p2a: Chansey|50/100 par\n|move|p2a: Chansey|Soft-Boiled|p2a: Chansey\n|-heal|p2a: Chansey|99/100 par\n|\n|upkeep\n|turn|129\n|\n|t:|1771713345\n|move|p1a: Starmie|Blizzard|p2a: Chansey\n|-damage|p2a: Chansey|55/100 par\n|move|p2a: Chansey|Seismic Toss|p1a: Starmie\n|-damage|p1a: Starmie|57/100 par\n|\n|upkeep\n|turn|130\n|\n|t:|1771713347\n|move|p1a: Starmie|Recover|p1a: Starmie\n|-heal|p1a: Starmie|100/100 par\n|move|p2a: Chansey|Soft-Boiled|p2a: Chansey\n|-heal|p2a: Chansey|100/100 par\n|\n|upkeep\n|turn|131\n|\n|t:|1771713350\n|move|p1a: Starmie|Blizzard|p2a: Chansey\n|-damage|p2a: Chansey|52/100 par\n|move|p2a: Chansey|Seismic Toss|p1a: Starmie\n|-damage|p1a: Starmie|70/100 par\n|\n|upkeep\n|turn|132\n|\n|t:|1771713354\n|move|p1a: Starmie|Blizzard|p2a: Chansey\n|-damage|p2a: Chansey|8/100 par\n|move|p2a: Chansey|Soft-Boiled|p2a: Chansey\n|-heal|p2a: Chansey|58/100 par\n|\n|upkeep\n|turn|133\n|\n|t:|1771713357\n|move|p1a: Starmie|Recover|p1a: Starmie\n|-heal|p1a: Starmie|100/100 par\n|move|p2a: Chansey|Soft-Boiled|p2a: Chansey\n|-heal|p2a: Chansey|100/100 par\n|\n|upkeep\n|turn|134\n|\n|t:|1771713364\n|cant|p1a: Starmie|par\n|move|p2a: Chansey|Seismic Toss|p1a: Starmie\n|-damage|p1a: Starmie|70/100 par\n|\n|upkeep\n|turn|135\n|\n|t:|1771713367\n|move|p1a: Starmie|Recover|p1a: Starmie\n|-heal|p1a: Starmie|100/100 par\n|move|p2a: Chansey|Seismic Toss|p1a: Starmie\n|-damage|p1a: Starmie|70/100 par\n|\n|upkeep\n|turn|136\n|\n|t:|1771713370\n|move|p1a: Starmie|Recover|p1a: Starmie\n|-heal|p1a: Starmie|100/100 par\n|move|p2a: Chansey|Seismic Toss|p1a: Starmie\n|-damage|p1a: Starmie|70/100 par\n|\n|upkeep\n|turn|137\n|\n|t:|1771713372\n|move|p1a: Starmie|Recover|p1a: Starmie\n|-heal|p1a: Starmie|100/100 par\n|move|p2a: Chansey|Seismic Toss|p1a: Starmie\n|-damage|p1a: Starmie|70/100 par\n|\n|upkeep\n|turn|138\n|\n|t:|1771713374\n|cant|p1a: Starmie|par\n|cant|p2a: Chansey|par\n|\n|upkeep\n|turn|139\n|\n|t:|1771713376\n|move|p1a: Starmie|Recover|p1a: Starmie\n|-heal|p1a: Starmie|100/100 par\n|cant|p2a: Chansey|par\n|\n|upkeep\n|turn|140\n|\n|t:|1771713379\n|move|p1a: Starmie|Blizzard|p2a: Chansey\n|-damage|p2a: Chansey|56/100 par\n|move|p2a: Chansey|Seismic Toss|p1a: Starmie\n|-damage|p1a: Starmie|70/100 par\n|\n|upkeep\n|turn|141\n|\n|t:|1771713382\n|move|p1a: Starmie|Blizzard|p2a: Chansey\n|-damage|p2a: Chansey|9/100 par\n|cant|p2a: Chansey|par\n|\n|upkeep\n|turn|142\n|\n|t:|1771713385\n|move|p1a: Starmie|Blizzard|p2a: Chansey\n|-crit|p2a: Chansey\n|-damage|p2a: Chansey|0 fnt\n|faint|p2a: Chansey\n|\n|win|nicole7735\n","uploadtime":1771713385,"views":"804","formatid":"gen1ou","rating":null,"private":0,"password":null}