{"id":"smogtours-gen1ou-900557","format":"[Gen 1] OU","players":["Serpi n_n","Ct0wn"],"log":"|inactive|Battle timer is ON: inactive players will automatically lose when time's up.\n|t:|1768767129\n|gametype|singles\n|player|p1|Serpi n_n|#splxviibigs2|\n|player|p2|Ct0wn|#splxviiclassiest2|\n|gen|1\n|tier|[Gen 1] OU\n|rule|Desync Clause Mod: Desyncs changed to move failure.\n|rule|Sleep Clause Mod: Limit one foe put to sleep\n|rule|Freeze Clause Mod: Limit one foe frozen\n|rule|Species Clause: Limit one of each Pokémon\n|rule|OHKO Clause: OHKO moves are banned\n|rule|Evasion Moves Clause: Evasion moves are banned\n|rule|Endless Battle Clause: Forcing endless battles is banned\n|rule|HP Percentage Mod: HP is shown in percentages\n|\n|t:|1768767129\n|teamsize|p1|6\n|teamsize|p2|6\n|start\n|switch|p1a: Gengar|Gengar|100/100\n|switch|p2a: Starmie|Starmie|100/100\n|turn|1\n|c|☆Serpi n_n|hf\n|c|☆Ct0wn|Hf\n|\n|t:|1768767140\n|switch|p2a: Exeggutor|Exeggutor|100/100\n|switch|p1a: Chansey|Chansey|100/100\n|\n|upkeep\n|turn|2\n|inactive|Serpi n_n has 270 seconds left.\n|inactive|Serpi n_n has 240 seconds left.\n|\n|t:|1768767208\n|switch|p1a: Gengar|Gengar|100/100\n|move|p2a: Exeggutor|Sleep Powder|p1a: Gengar|[miss]\n|-miss|p2a: Exeggutor\n|\n|upkeep\n|turn|3\n|\n|t:|1768767218\n|move|p1a: Gengar|Hypnosis|p2a: Exeggutor|[miss]\n|-miss|p1a: Gengar\n|move|p2a: Exeggutor|Stun Spore|p1a: Gengar\n|-status|p1a: Gengar|par\n|\n|upkeep\n|turn|4\n|inactive|Serpi n_n has 240 seconds left.\n|\n|t:|1768767253\n|move|p2a: Exeggutor|Psychic|p1a: Gengar\n|-supereffective|p1a: Gengar\n|-damage|p1a: Gengar|37/100 par\n|cant|p1a: Gengar|par\n|\n|upkeep\n|turn|5\n|\n|t:|1768767270\n|switch|p1a: Exeggutor|Exeggutor|100/100\n|move|p2a: Exeggutor|Sleep Powder|p1a: Exeggutor\n|-status|p1a: Exeggutor|slp|[from] move: Sleep Powder\n|\n|upkeep\n|turn|6\n|\n|t:|1768767284\n|switch|p1a: Chansey|Chansey|100/100\n|switch|p2a: Starmie|Starmie|100/100\n|\n|upkeep\n|turn|7\n|\n|t:|1768767291\n|switch|p2a: Alakazam|Alakazam|100/100\n|move|p1a: Chansey|Sing|p2a: Alakazam\n|-status|p2a: Alakazam|slp|[from] move: Sing\n|\n|upkeep\n|turn|8\n|\n|t:|1768767303\n|switch|p1a: Tauros|Tauros|100/100\n|cant|p2a: Alakazam|slp\n|\n|upkeep\n|turn|9\n|\n|t:|1768767310\n|switch|p2a: Snorlax|Snorlax|100/100\n|move|p1a: Tauros|Body Slam|p2a: Snorlax\n|-damage|p2a: Snorlax|76/100\n|\n|upkeep\n|turn|10\n|inactive|Serpi n_n has 240 seconds left.\n|inactive|Serpi n_n has 210 seconds left.\n|\n|t:|1768767364\n|switch|p1a: Gengar|Gengar|37/100 par\n|move|p2a: Snorlax|Body Slam|p1a: Gengar\n|-immune|p1a: Gengar\n|\n|upkeep\n|turn|11\n|inactive|Serpi n_n has 180 seconds left.\n|\n|t:|1768767400\n|switch|p1a: Chansey|Chansey|100/100\n|move|p2a: Snorlax|Earthquake|p1a: Chansey\n|-damage|p1a: Chansey|66/100\n|\n|upkeep\n|turn|12\n|inactive|Serpi n_n has 180 seconds left.\n|\n|t:|1768767415\n|switch|p2a: Starmie|Starmie|100/100\n|move|p1a: Chansey|Thunder Wave|p2a: Starmie\n|-status|p2a: Starmie|par\n|\n|upkeep\n|turn|13\n|inactive|Serpi n_n has 180 seconds left.\n|inactive|Serpi n_n has 150 seconds left.\n|\n|t:|1768767456\n|move|p1a: Chansey|Seismic Toss|p2a: Starmie\n|-damage|p2a: Starmie|70/100 par\n|cant|p2a: Starmie|par\n|\n|upkeep\n|turn|14\n|\n|t:|1768767461\n|move|p1a: Chansey|Seismic Toss|p2a: Starmie\n|-damage|p2a: Starmie|39/100 par\n|move|p2a: Starmie|Thunder Wave|p1a: Chansey\n|-status|p1a: Chansey|par\n|\n|upkeep\n|turn|15\n|\n|t:|1768767472\n|move|p2a: Starmie|Thunder Wave|p1a: Chansey\n|-fail|p1a: Chansey|par\n|move|p1a: Chansey|Seismic Toss|p2a: Starmie\n|-damage|p2a: Starmie|8/100 par\n|\n|upkeep\n|turn|16\n|\n|t:|1768767486\n|move|p2a: Starmie|Recover|p2a: Starmie\n|-heal|p2a: Starmie|57/100 par\n|cant|p1a: Chansey|par\n|\n|upkeep\n|turn|17\n|\n|t:|1768767489\n|move|p2a: Starmie|Recover|p2a: Starmie\n|-heal|p2a: Starmie|100/100 par\n|cant|p1a: Chansey|par\n|\n|upkeep\n|turn|18\n|\n|t:|1768767497\n|cant|p2a: Starmie|par\n|cant|p1a: Chansey|par\n|\n|upkeep\n|turn|19\n|\n|t:|1768767500\n|move|p2a: Starmie|Psychic|p1a: Chansey\n|-damage|p1a: Chansey|51/100 par\n|-unboost|p1a: Chansey|spa|1\n|-unboost|p1a: Chansey|spd|1\n|move|p1a: Chansey|Soft-Boiled|p1a: Chansey\n|-heal|p1a: Chansey|100/100 par\n|\n|upkeep\n|turn|20\n|\n|t:|1768767506\n|move|p2a: Starmie|Psychic|p1a: Chansey\n|-damage|p1a: Chansey|79/100 par\n|-unboost|p1a: Chansey|spa|1\n|-unboost|p1a: Chansey|spd|1\n|cant|p1a: Chansey|par\n|\n|upkeep\n|turn|21\n|\n|t:|1768767518\n|switch|p1a: Exeggutor|Exeggutor|100/100 slp\n|move|p2a: Starmie|Blizzard|p1a: Exeggutor\n|-crit|p1a: Exeggutor\n|-supereffective|p1a: Exeggutor\n|-damage|p1a: Exeggutor|20/100 slp\n|\n|upkeep\n|turn|22\n|\n|t:|1768767537\n|switch|p1a: Chansey|Chansey|79/100 par\n|move|p2a: Starmie|Psychic|p1a: Chansey\n|-damage|p1a: Chansey|65/100 par\n|\n|upkeep\n|turn|23\n|\n|t:|1768767545\n|move|p2a: Starmie|Psychic|p1a: Chansey\n|-damage|p1a: Chansey|49/100 par\n|move|p1a: Chansey|Soft-Boiled|p1a: Chansey\n|-heal|p1a: Chansey|99/100 par\n|\n|upkeep\n|turn|24\n|\n|t:|1768767548\n|move|p2a: Starmie|Psychic|p1a: Chansey\n|-damage|p1a: Chansey|86/100 par\n|move|p1a: Chansey|Seismic Toss|p2a: Starmie\n|-damage|p2a: Starmie|70/100 par\n|\n|upkeep\n|turn|25\n|\n|t:|1768767553\n|move|p2a: Starmie|Psychic|p1a: Chansey\n|-damage|p1a: Chansey|71/100 par\n|cant|p1a: Chansey|par\n|\n|upkeep\n|turn|26\n|\n|t:|1768767559\n|switch|p2a: Snorlax|Snorlax|76/100\n|move|p1a: Chansey|Soft-Boiled|p1a: Chansey\n|-heal|p1a: Chansey|100/100 par\n|\n|upkeep\n|turn|27\n|\n|t:|1768767572\n|move|p2a: Snorlax|Body Slam|p1a: Chansey\n|-damage|p1a: Chansey|62/100 par\n|move|p1a: Chansey|Thunder Wave|p2a: Snorlax\n|-status|p2a: Snorlax|par\n|\n|upkeep\n|turn|28\n|\n|t:|1768767584\n|switch|p1a: Snorlax|Snorlax|100/100\n|move|p2a: Snorlax|Earthquake|p1a: Snorlax\n|-damage|p1a: Snorlax|78/100\n|\n|upkeep\n|turn|29\n|inactive|Serpi n_n has 210 seconds left.\n|\n|t:|1768767620\n|switch|p2a: Cloyster|Cloyster|100/100\n|move|p1a: Snorlax|Body Slam|p2a: Cloyster\n|-damage|p2a: Cloyster|77/100\n|-status|p2a: Cloyster|par\n|\n|upkeep\n|turn|30\n|\n|t:|1768767634\n|switch|p1a: Starmie|Starmie|100/100\n|move|p2a: Cloyster|Blizzard|p1a: Starmie\n|-resisted|p1a: Starmie\n|-damage|p1a: Starmie|82/100\n|\n|upkeep\n|turn|31\n|\n|t:|1768767642\n|switch|p2a: Alakazam|Alakazam|100/100 slp\n|move|p1a: Starmie|Blizzard|p2a: Alakazam\n|-damage|p2a: Alakazam|77/100 slp\n|\n|upkeep\n|turn|32\n|\n|t:|1768767658\n|switch|p2a: Starmie|Starmie|70/100 par\n|switch|p1a: Snorlax|Snorlax|78/100\n|\n|upkeep\n|turn|33\n|\n|t:|1768767664\n|move|p1a: Snorlax|Body Slam|p2a: Starmie\n|-damage|p2a: Starmie|32/100 par\n|move|p2a: Starmie|Thunder Wave|p1a: Snorlax\n|-status|p1a: Snorlax|par\n|\n|upkeep\n|turn|34\n|\n|t:|1768767676\n|switch|p2a: Cloyster|Cloyster|77/100 par\n|move|p1a: Snorlax|Body Slam|p2a: Cloyster\n|-damage|p2a: Cloyster|53/100 par\n|\n|upkeep\n|turn|35\n|inactive|Serpi n_n has 210 seconds left.\n|\n|t:|1768767691\n|switch|p1a: Gengar|Gengar|37/100 par\n|move|p2a: Cloyster|Blizzard|p1a: Gengar\n|-damage|p1a: Gengar|4/100 par\n|\n|upkeep\n|turn|36\n|inactive|Serpi n_n has 210 seconds left.\n|\n|t:|1768767702\n|switch|p2a: Alakazam|Alakazam|77/100 slp\n|move|p1a: Gengar|Explosion|p2a: Alakazam\n|-crit|p2a: Alakazam\n|-damage|p2a: Alakazam|0 fnt\n|faint|p2a: Alakazam\n|faint|p1a: Gengar\n|inactive|Serpi n_n has 210 seconds left.\n|inactive|Serpi n_n has 180 seconds left.\n|\n|t:|1768767743\n|switch|p2a: Exeggutor|Exeggutor|100/100\n|switch|p1a: Chansey|Chansey|62/100 par\n|turn|37\n|inactive|Serpi n_n has 180 seconds left.\n|\n|t:|1768767761\n|switch|p2a: Starmie|Starmie|32/100 par\n|move|p1a: Chansey|Soft-Boiled|p1a: Chansey\n|-heal|p1a: Chansey|100/100 par\n|\n|upkeep\n|turn|38\n|\n|t:|1768767774\n|switch|p1a: Tauros|Tauros|100/100\n|cant|p2a: Starmie|par\n|\n|upkeep\n|turn|39\n|\n|t:|1768767799\n|switch|p2a: Exeggutor|Exeggutor|100/100\n|move|p1a: Tauros|Body Slam|p2a: Exeggutor\n|-damage|p2a: Exeggutor|72/100\n|\n|upkeep\n|turn|40\n|inactive|Serpi n_n has 180 seconds left.\n|\n|t:|1768767830\n|switch|p1a: Chansey|Chansey|100/100 par\n|move|p2a: Exeggutor|Psychic|p1a: Chansey\n|-damage|p1a: Chansey|82/100 par\n|\n|upkeep\n|turn|41\n|inactive|Serpi n_n has 150 seconds left.\n|\n|t:|1768767850\n|switch|p2a: Snorlax|Snorlax|76/100 par\n|move|p1a: Chansey|Seismic Toss|p2a: Snorlax\n|-damage|p2a: Snorlax|57/100 par\n|\n|upkeep\n|turn|42\n|inactive|Serpi n_n has 150 seconds left.\n|\n|t:|1768767874\n|switch|p1a: Snorlax|Snorlax|78/100 par\n|move|p2a: Snorlax|Body Slam|p1a: Snorlax\n|-damage|p1a: Snorlax|52/100 par\n|\n|upkeep\n|turn|43\n|\n|t:|1768767904\n|move|p1a: Snorlax|Rest|p1a: Snorlax\n|-status|p1a: Snorlax|slp|[from] move: Rest\n|-heal|p1a: Snorlax|100/100 slp|[silent]\n|move|p2a: Snorlax|Body Slam|p1a: Snorlax\n|-damage|p1a: Snorlax|76/100 slp\n|\n|upkeep\n|turn|44\n|\n|t:|1768767906\n|cant|p1a: Snorlax|slp\n|move|p2a: Snorlax|Body Slam|p1a: Snorlax\n|-damage|p1a: Snorlax|51/100 slp\n|\n|upkeep\n|turn|45\n|\n|t:|1768767912\n|-curestatus|p1a: Snorlax|slp|[msg]\n|move|p2a: Snorlax|Body Slam|p1a: Snorlax\n|-damage|p1a: Snorlax|23/100\n|\n|upkeep\n|turn|46\n|inactive|Serpi n_n has 150 seconds left.\n|inactive|Serpi n_n has 120 seconds left.\n|\n|t:|1768767966\n|switch|p2a: Cloyster|Cloyster|53/100 par\n|move|p1a: Snorlax|Self-Destruct|p2a: Cloyster\n|-damage|p2a: Cloyster|0 fnt\n|faint|p2a: Cloyster\n|faint|p1a: Snorlax\n|inactive|Serpi n_n has 90 seconds left.\n|\n|t:|1768767992\n|switch|p1a: Starmie|Starmie|82/100\n|switch|p2a: Snorlax|Snorlax|57/100 par\n|turn|47\n|inactive|Serpi n_n has 90 seconds left.\n|inactive|Ct0wn has 270 seconds left.\n|\n|t:|1768768024\n|move|p1a: Starmie|Psychic|p2a: Snorlax\n|-damage|p2a: Snorlax|32/100 par\n|move|p2a: Snorlax|Body Slam|p1a: Starmie\n|-damage|p1a: Starmie|44/100\n|\n|upkeep\n|turn|48\n|\n|t:|1768768030\n|switch|p1a: Exeggutor|Exeggutor|20/100 slp\n|move|p2a: Snorlax|Self-Destruct|p1a: Exeggutor\n|-damage|p1a: Exeggutor|0 fnt\n|faint|p1a: Exeggutor\n|faint|p2a: Snorlax\n|\n|t:|1768768049\n|switch|p1a: Chansey|Chansey|82/100 par\n|switch|p2a: Exeggutor|Exeggutor|72/100\n|turn|49\n|inactive|Ct0wn has 270 seconds left.\n|\n|t:|1768768065\n|move|p2a: Exeggutor|Psychic|p1a: Chansey\n|-damage|p1a: Chansey|66/100 par\n|-unboost|p1a: Chansey|spa|1\n|-unboost|p1a: Chansey|spd|1\n|cant|p1a: Chansey|par\n|\n|upkeep\n|turn|50\n|\n|t:|1768768075\n|switch|p2a: Starmie|Starmie|32/100 par\n|move|p1a: Chansey|Seismic Toss|p2a: Starmie\n|-damage|p2a: Starmie|1/100 par\n|\n|upkeep\n|turn|51\n|inactive|Serpi n_n has 60 seconds left.\n|\n|t:|1768768097\n|switch|p1a: Tauros|Tauros|100/100\n|cant|p2a: Starmie|par\n|\n|upkeep\n|turn|52\n|\n|t:|1768768105\n|move|p1a: Tauros|Body Slam|p2a: Starmie\n|-damage|p2a: Starmie|0 fnt\n|faint|p2a: Starmie\n|\n|t:|1768768111\n|switch|p2a: Exeggutor|Exeggutor|72/100\n|turn|53\n|inactive|Serpi n_n has 60 seconds left.\n|inactive|Ct0wn has 270 seconds left.\n|inactive|Serpi n_n has 30 seconds left.\n|\n|t:|1768768163\n|switch|p1a: Chansey|Chansey|66/100 par\n|switch|p2a: Tauros|Tauros|100/100\n|\n|upkeep\n|turn|54\n|inactive|Serpi n_n has 30 seconds left.\n|\n|t:|1768768179\n|move|p2a: Tauros|Hyper Beam|p1a: Chansey\n|-damage|p1a: Chansey|1/100 par\n|-mustrecharge|p2a: Tauros\n|move|p1a: Chansey|Thunder Wave|p2a: Tauros\n|-status|p2a: Tauros|par\n|\n|upkeep\n|turn|55\n|inactive|Ct0wn has 270 seconds left.\n|\n|t:|1768768206\n|cant|p2a: Tauros|recharge\n|move|p1a: Chansey|Seismic Toss|p2a: Tauros\n|-damage|p2a: Tauros|72/100 par\n|\n|upkeep\n|turn|56\n|\n|t:|1768768209\n|move|p2a: Tauros|Body Slam|p1a: Chansey\n|-damage|p1a: Chansey|0 fnt\n|faint|p1a: Chansey\n|inactive|Serpi n_n has 30 seconds left.\n|inactive|Serpi n_n has 20 seconds left.\n|inactive|Serpi n_n has 15 seconds left.\n|\n|t:|1768768246\n|switch|p1a: Tauros|Tauros|100/100\n|turn|57\n|inactive|Serpi n_n has 25 seconds left this turn.\n|inactive|Ct0wn has 270 seconds left.\n|\n|t:|1768768259\n|move|p1a: Tauros|Body Slam|p2a: Tauros\n|-damage|p2a: Tauros|42/100 par\n|move|p2a: Tauros|Hyper Beam|p1a: Tauros\n|-damage|p1a: Tauros|51/100\n|-mustrecharge|p2a: Tauros\n|\n|upkeep\n|turn|58\n|inactive|Serpi n_n has 30 seconds left.\n|\n|t:|1768768271\n|move|p1a: Tauros|Body Slam|p2a: Tauros\n|-damage|p2a: Tauros|14/100 par\n|cant|p2a: Tauros|recharge\n|\n|upkeep\n|turn|59\n|\n|t:|1768768275\n|move|p1a: Tauros|Body Slam|p2a: Tauros\n|-crit|p2a: Tauros\n|-damage|p2a: Tauros|0 fnt\n|faint|p2a: Tauros\n|\n|t:|1768768276\n|switch|p2a: Exeggutor|Exeggutor|72/100\n|turn|60\n|\n|t:|1768768294\n|move|p1a: Tauros|Hyper Beam|p2a: Exeggutor|[miss]\n|-miss|p1a: Tauros\n|move|p2a: Exeggutor|Sleep Powder|p1a: Tauros\n|-status|p1a: Tauros|slp|[from] move: Sleep Powder\n|\n|upkeep\n|turn|61\n|inactive|Serpi n_n has 30 seconds left.\n|inactive|Serpi n_n has 20 seconds left.\n|inactive|Serpi n_n has 15 seconds left.\n|\n|t:|1768768324\n|switch|p1a: Starmie|Starmie|44/100\n|move|p2a: Exeggutor|Stun Spore|p1a: Starmie\n|-status|p1a: Starmie|par\n|\n|upkeep\n|turn|62\n|inactive|Serpi n_n has 25 seconds left this turn.\n|\n|t:|1768768328\n|move|p2a: Exeggutor|Psychic|p1a: Starmie\n|-resisted|p1a: Starmie\n|-damage|p1a: Starmie|23/100 par\n|move|p1a: Starmie|Thunder Wave|p2a: Exeggutor\n|-status|p2a: Exeggutor|par\n|\n|upkeep\n|turn|63\n|inactive|Serpi n_n has 30 seconds left.\n|\n|t:|1768768339\n|cant|p1a: Starmie|par\n|cant|p2a: Exeggutor|par\n|\n|upkeep\n|turn|64\n|\n|t:|1768768340\n|move|p1a: Starmie|Recover|p1a: Starmie\n|-heal|p1a: Starmie|73/100 par\n|move|p2a: Exeggutor|Psychic|p1a: Starmie\n|-resisted|p1a: Starmie\n|-damage|p1a: Starmie|53/100 par\n|-unboost|p1a: Starmie|spa|1\n|-unboost|p1a: Starmie|spd|1\n|\n|upkeep\n|turn|65\n|inactive|Serpi n_n has 30 seconds left.\n|inactive|Serpi n_n has 20 seconds left.\n|\n|t:|1768768368\n|switch|p1a: Tauros|Tauros|51/100 slp\n|move|p2a: Exeggutor|Psychic|p1a: Tauros\n|-damage|p1a: Tauros|5/100 slp\n|\n|upkeep\n|turn|66\n|inactive|Serpi n_n has 30 seconds left this turn.\n|\n|t:|1768768373\n|switch|p1a: Starmie|Starmie|53/100 par\n|move|p2a: Exeggutor|Psychic|p1a: Starmie\n|-resisted|p1a: Starmie\n|-damage|p1a: Starmie|35/100 par\n|-unboost|p1a: Starmie|spa|1\n|-unboost|p1a: Starmie|spd|1\n|\n|upkeep\n|turn|67\n|\n|t:|1768768378\n|move|p2a: Exeggutor|Psychic|p1a: Starmie\n|-resisted|p1a: Starmie\n|-damage|p1a: Starmie|3/100 par\n|move|p1a: Starmie|Recover|p1a: Starmie\n|-heal|p1a: Starmie|53/100 par\n|\n|upkeep\n|turn|68\n|\n|t:|1768768387\n|cant|p2a: Exeggutor|par\n|cant|p1a: Starmie|par\n|\n|upkeep\n|turn|69\n|\n|t:|1768768390\n|move|p2a: Exeggutor|Psychic|p1a: Starmie\n|-resisted|p1a: Starmie\n|-damage|p1a: Starmie|26/100 par\n|move|p1a: Starmie|Recover|p1a: Starmie\n|-heal|p1a: Starmie|75/100 par\n|\n|upkeep\n|turn|70\n|inactive|Serpi n_n has 60 seconds left.\n|\n|t:|1768768414\n|move|p2a: Exeggutor|Psychic|p1a: Starmie\n|-resisted|p1a: Starmie\n|-damage|p1a: Starmie|45/100 par\n|cant|p1a: Starmie|par\n|\n|upkeep\n|turn|71\n|inactive|Serpi n_n has 30 seconds left.\n|\n|t:|1768768441\n|switch|p1a: Tauros|Tauros|5/100 slp\n|move|p2a: Exeggutor|Psychic|p1a: Tauros\n|-damage|p1a: Tauros|0 fnt\n|faint|p1a: Tauros\n|\n|t:|1768768442\n|switch|p1a: Starmie|Starmie|45/100 par\n|turn|72\n|\n|t:|1768768446\n|move|p1a: Starmie|Blizzard|p2a: Exeggutor\n|-supereffective|p2a: Exeggutor\n|-damage|p2a: Exeggutor|32/100 par\n|move|p2a: Exeggutor|Psychic|p1a: Starmie\n|-resisted|p1a: Starmie\n|-damage|p1a: Starmie|27/100 par\n|\n|upkeep\n|turn|73\n|\n|t:|1768768450\n|move|p1a: Starmie|Blizzard|p2a: Exeggutor|[miss]\n|-miss|p1a: Starmie\n|move|p2a: Exeggutor|Explosion|p1a: Starmie\n|-damage|p1a: Starmie|0 fnt\n|faint|p1a: Starmie\n|faint|p2a: Exeggutor\n|\n|tie\n|c|☆Serpi n_n|gg\n|c|☆Ct0wn|Gg\n|player|p1|\n|player|p2|\n","uploadtime":1768768450,"views":"1295","formatid":"gen1ou","rating":null,"private":0,"password":null}