{"id":"smogtours-gen1ou-814921","format":"[Gen 1] OU","players":["Sceptross","Prinz"],"log":"|inactive|Battle timer is ON: inactive players will automatically lose when time's up.\n|t:|1737295367\n|gametype|singles\n|player|p1|Sceptross|norman|\n|player|p2|Prinz|ethan|\n|teamsize|p1|6\n|teamsize|p2|6\n|gen|1\n|tier|[Gen 1] OU\n|rule|Desync Clause Mod: Desyncs changed to move failure.\n|rule|Sleep Clause Mod: Limit one foe put to sleep\n|rule|Freeze Clause Mod: Limit one foe frozen\n|rule|Species Clause: Limit one of each Pokémon\n|rule|OHKO Clause: OHKO moves are banned\n|rule|Evasion Moves Clause: Evasion moves are banned\n|rule|Endless Battle Clause: Forcing endless battles is banned\n|rule|HP Percentage Mod: HP is shown in percentages\n|\n|t:|1737295367\n|start\n|switch|p1a: Jynx|Jynx|100/100\n|switch|p2a: Starmie|Starmie|100/100\n|turn|1\n|c|☆Sceptross|hf\n|c|☆Prinz|u2\n|raw|<div class=\"broadcast-red\"><strong>Moderated chat was set to ☆!</strong><br />Only users of rank ☆ and higher can talk.</div>\n|\n|t:|1737295390\n|move|p2a: Starmie|Thunderbolt|p1a: Jynx\n|-damage|p1a: Jynx|78/100\n|move|p1a: Jynx|Lovely Kiss|p2a: Starmie|[miss]\n|-miss|p1a: Jynx\n|\n|upkeep\n|turn|2\n|\n|t:|1737295395\n|move|p2a: Starmie|Thunderbolt|p1a: Jynx\n|-damage|p1a: Jynx|53/100\n|move|p1a: Jynx|Lovely Kiss|p2a: Starmie\n|-status|p2a: Starmie|slp|[from] move: Lovely Kiss\n|\n|upkeep\n|turn|3\n|\n|t:|1737295417\n|switch|p2a: Jynx|Jynx|100/100\n|move|p1a: Jynx|Blizzard|p2a: Jynx\n|-resisted|p2a: Jynx\n|-damage|p2a: Jynx|79/100\n|\n|upkeep\n|turn|4\n|\n|t:|1737295430\n|move|p2a: Jynx|Lovely Kiss|p1a: Jynx\n|-status|p1a: Jynx|slp|[from] move: Lovely Kiss\n|cant|p1a: Jynx|slp\n|\n|upkeep\n|turn|5\n|\n|t:|1737295447\n|switch|p1a: Chansey|Chansey|100/100\n|move|p2a: Jynx|Blizzard|p1a: Chansey\n|-damage|p1a: Chansey|81/100\n|-status|p1a: Chansey|frz\n|\n|upkeep\n|turn|6\n|inactive|Sceptross has 270 seconds left.\n|\n|t:|1737295471\n|switch|p2a: Chansey|Chansey|100/100\n|switch|p1a: Starmie|Starmie|100/100\n|\n|upkeep\n|turn|7\n|inactive|Sceptross has 270 seconds left.\n|inactive|Sceptross has 240 seconds left.\n|\n|t:|1737295513\n|move|p1a: Starmie|Thunder Wave|p2a: Chansey\n|-status|p2a: Chansey|par\n|move|p2a: Chansey|Thunder Wave|p1a: Starmie\n|-status|p1a: Starmie|par\n|\n|upkeep\n|turn|8\n|inactive|Sceptross has 240 seconds left.\n|\n|t:|1737295524\n|switch|p1a: Snorlax|Snorlax|100/100\n|cant|p2a: Chansey|par\n|\n|upkeep\n|turn|9\n|inactive|Sceptross has 240 seconds left.\n|\n|t:|1737295532\n|move|p1a: Snorlax|Body Slam|p2a: Chansey\n|-damage|p2a: Chansey|56/100 par\n|move|p2a: Chansey|Thunder Wave|p1a: Snorlax\n|-status|p1a: Snorlax|par\n|\n|upkeep\n|turn|10\n|\n|t:|1737295535\n|move|p2a: Chansey|Soft-Boiled|p2a: Chansey\n|-heal|p2a: Chansey|100/100 par\n|move|p1a: Snorlax|Body Slam|p2a: Chansey\n|-damage|p2a: Chansey|59/100 par\n|\n|upkeep\n|turn|11\n|\n|t:|1737295540\n|move|p1a: Snorlax|Body Slam|p2a: Chansey\n|-damage|p2a: Chansey|18/100 par\n|move|p2a: Chansey|Counter|p1a: Snorlax\n|-damage|p1a: Snorlax|0 fnt\n|faint|p1a: Snorlax\n|\n|t:|1737295542\n|switch|p1a: Tauros|Tauros|100/100\n|turn|12\n|\n|t:|1737295545\n|switch|p2a: Snorlax|Snorlax|100/100\n|move|p1a: Tauros|Body Slam|p2a: Snorlax\n|-crit|p2a: Snorlax\n|-damage|p2a: Snorlax|55/100\n|\n|upkeep\n|turn|13\n|\n|t:|1737295554\n|move|p1a: Tauros|Blizzard|p2a: Snorlax\n|-damage|p2a: Snorlax|38/100\n|move|p2a: Snorlax|Body Slam|p1a: Tauros\n|-damage|p1a: Tauros|69/100\n|\n|upkeep\n|turn|14\n|inactive|Sceptross has 270 seconds left.\n|\n|t:|1737295581\n|switch|p2a: Starmie|Starmie|100/100 slp\n|move|p1a: Tauros|Body Slam|p2a: Starmie\n|-damage|p2a: Starmie|67/100 slp\n|\n|upkeep\n|turn|15\n|inactive|Sceptross has 270 seconds left.\n|\n|t:|1737295593\n|cant|p2a: Starmie|slp\n|move|p1a: Tauros|Body Slam|p2a: Starmie\n|-damage|p2a: Starmie|31/100 slp\n|\n|upkeep\n|turn|16\n|\n|t:|1737295597\n|cant|p2a: Starmie|slp\n|move|p1a: Tauros|Body Slam|p2a: Starmie\n|-damage|p2a: Starmie|0 fnt\n|faint|p2a: Starmie\n|\n|t:|1737295600\n|switch|p2a: Tauros|Tauros|100/100\n|turn|17\n|inactive|Sceptross has 270 seconds left.\n|inactive|Sceptross has 240 seconds left.\n|rated|Smogon Premier League\n|\n|t:|1737295681\n|move|p2a: Tauros|Body Slam|p1a: Tauros\n|-crit|p1a: Tauros\n|-damage|p1a: Tauros|14/100\n|move|p1a: Tauros|Blizzard|p2a: Tauros\n|-damage|p2a: Tauros|74/100\n|\n|upkeep\n|turn|18\n|\n|t:|1737295689\n|switch|p1a: Jynx|Jynx|53/100 slp\n|move|p2a: Tauros|Body Slam|p1a: Jynx\n|-damage|p1a: Jynx|3/100 slp\n|\n|upkeep\n|turn|19\n|\n|t:|1737295708\n|switch|p1a: Tauros|Tauros|14/100\n|move|p2a: Tauros|Body Slam|p1a: Tauros\n|-damage|p1a: Tauros|0 fnt\n|faint|p1a: Tauros\n|\n|t:|1737295711\n|switch|p1a: Starmie|Starmie|100/100 par\n|turn|20\n|\n|t:|1737295720\n|switch|p2a: Jynx|Jynx|79/100\n|move|p1a: Starmie|Psychic|p2a: Jynx\n|-resisted|p2a: Jynx\n|-damage|p2a: Jynx|64/100\n|-unboost|p2a: Jynx|spa|1\n|-unboost|p2a: Jynx|spd|1\n|\n|upkeep\n|turn|21\n|\n|t:|1737295725\n|move|p2a: Jynx|Psychic|p1a: Starmie\n|-resisted|p1a: Starmie\n|-damage|p1a: Starmie|90/100 par\n|move|p1a: Starmie|Thunder Wave|p2a: Jynx\n|-status|p2a: Jynx|par\n|\n|upkeep\n|turn|22\n|\n|t:|1737295734\n|move|p1a: Starmie|Psychic|p2a: Jynx\n|-resisted|p2a: Jynx\n|-damage|p2a: Jynx|39/100 par\n|move|p2a: Jynx|Psychic|p1a: Starmie\n|-resisted|p1a: Starmie\n|-damage|p1a: Starmie|79/100 par\n|\n|upkeep\n|turn|23\n|\n|t:|1737295747\n|move|p1a: Starmie|Psychic|p2a: Jynx\n|-resisted|p2a: Jynx\n|-damage|p2a: Jynx|13/100 par\n|move|p2a: Jynx|Psychic|p1a: Starmie\n|-crit|p1a: Starmie\n|-resisted|p1a: Starmie\n|-damage|p1a: Starmie|47/100 par\n|\n|upkeep\n|turn|24\n|\n|t:|1737295757\n|switch|p2a: Snorlax|Snorlax|38/100\n|move|p1a: Starmie|Recover|p1a: Starmie\n|-heal|p1a: Starmie|97/100 par\n|\n|upkeep\n|turn|25\n|\n|t:|1737295762\n|switch|p1a: Jynx|Jynx|3/100 slp\n|move|p2a: Snorlax|Body Slam|p1a: Jynx\n|-damage|p1a: Jynx|0 fnt\n|faint|p1a: Jynx\n|\n|t:|1737295764\n|switch|p1a: Rhydon|Rhydon|100/100\n|turn|26\n|inactive|Sceptross has 270 seconds left.\n|\n|t:|1737295779\n|switch|p2a: Jynx|Jynx|13/100 par\n|move|p1a: Rhydon|Substitute|p1a: Rhydon\n|-start|p1a: Rhydon|Substitute\n|-damage|p1a: Rhydon|76/100\n|\n|upkeep\n|turn|27\n|\n|t:|1737295783\n|move|p1a: Rhydon|Earthquake|p2a: Jynx\n|-crit|p2a: Jynx\n|-damage|p2a: Jynx|0 fnt\n|faint|p2a: Jynx\n|\n|t:|1737295785\n|switch|p2a: Tauros|Tauros|74/100\n|turn|28\n|\n|t:|1737295790\n|move|p2a: Tauros|Earthquake|p1a: Rhydon\n|-crit|p1a: Rhydon\n|-supereffective|p1a: Rhydon\n|-end|p1a: Rhydon|Substitute\n|move|p1a: Rhydon|Earthquake|p2a: Tauros\n|-damage|p2a: Tauros|36/100\n|\n|upkeep\n|turn|29\n|inactive|Sceptross has 270 seconds left.\n|\n|t:|1737295849\n|switch|p1a: Starmie|Starmie|97/100 par\n|move|p2a: Tauros|Blizzard|p1a: Starmie|[miss]\n|-miss|p2a: Tauros\n|\n|upkeep\n|turn|30\n|\n|t:|1737295857\n|switch|p1a: Rhydon|Rhydon|76/100\n|move|p2a: Tauros|Body Slam|p1a: Rhydon\n|-crit|p1a: Rhydon\n|-resisted|p1a: Rhydon\n|-damage|p1a: Rhydon|55/100\n|\n|upkeep\n|turn|31\n|\n|t:|1737295873\n|switch|p1a: Starmie|Starmie|97/100 par\n|move|p2a: Tauros|Blizzard|p1a: Starmie\n|-resisted|p1a: Starmie\n|-damage|p1a: Starmie|84/100 par\n|\n|upkeep\n|turn|32\n|\n|t:|1737295878\n|move|p2a: Tauros|Body Slam|p1a: Starmie\n|-crit|p1a: Starmie\n|-damage|p1a: Starmie|16/100 par\n|cant|p1a: Starmie|par\n|\n|upkeep\n|turn|33\n|\n|t:|1737295883\n|move|p2a: Tauros|Earthquake|p1a: Starmie\n|-crit|p1a: Starmie\n|-damage|p1a: Starmie|0 fnt\n|faint|p1a: Starmie\n|\n|t:|1737295885\n|switch|p1a: Rhydon|Rhydon|55/100\n|turn|34\n|\n|t:|1737295889\n|move|p2a: Tauros|Blizzard|p1a: Rhydon\n|-supereffective|p1a: Rhydon\n|-damage|p1a: Rhydon|0 fnt\n|faint|p1a: Rhydon\n|c|☆Sceptross|gg\n|-message|Sceptross forfeited.\n|\n|win|Prinz\n|c|☆Prinz|gg\n|player|p2|\n","uploadtime":1737295894,"views":"2811","formatid":"gen1ou","rating":null,"private":0,"password":null}