{"id":"smogtours-gen1ou-959517","format":"[Gen 1] OU","players":["Cakeconnesseur","Girls See Ghosts"],"log":"|inactive|Battle timer is ON: inactive players will automatically lose when time's up.\n|t:|1785102928\n|gametype|singles\n|player|p1|Cakeconnesseur|#adpl9|\n|player|p2|Girls See Ghosts|#adpl9|\n|gen|1\n|tier|[Gen 1] OU\n|rule|Desync Clause Mod: Desyncs resolve to link battle behavior from the acting player's perspective.\n|rule|HP Percentage Mod: HP is shown in percentages\n|rule|Endless Battle Clause: Forcing endless battles is banned\n|rule|Sleep Clause Mod: Limit one foe put to sleep\n|rule|Freeze Clause Mod: Limit one foe frozen\n|rule|Species Clause: Limit one of each Pokémon\n|rule|OHKO Clause: OHKO moves are banned\n|rule|Evasion Moves Clause: Evasion moves are banned\n|\n|t:|1785102928\n|teamsize|p1|6\n|teamsize|p2|6\n|start\n|switch|p1a: Jynx|Jynx|100/100\n|switch|p2a: Alakazam|Alakazam|100/100\n|turn|1\n|\n|t:|1785102935\n|move|p2a: Alakazam|Thunder Wave|p1a: Jynx\n|-status|p1a: Jynx|par\n|move|p1a: Jynx|Lovely Kiss|p2a: Alakazam\n|-status|p2a: Alakazam|slp|[from] move: Lovely Kiss\n|\n|upkeep\n|turn|2\n|\n|t:|1785102948\n|switch|p2a: Chansey|Chansey|100/100\n|cant|p1a: Jynx|par\n|\n|upkeep\n|turn|3\n|\n|t:|1785102952\n|move|p2a: Chansey|Thunderbolt|p1a: Jynx\n|-damage|p1a: Jynx|75/100 par\n|move|p1a: Jynx|Blizzard|p2a: Chansey\n|-damage|p2a: Chansey|82/100\n|\n|upkeep\n|turn|4\n|\n|t:|1785102957\n|switch|p1a: Chansey|Chansey|100/100\n|move|p2a: Chansey|Thunderbolt|p1a: Chansey\n|-crit|p1a: Chansey\n|-damage|p1a: Chansey|81/100\n|\n|upkeep\n|turn|5\n|\n|t:|1785102961\n|move|p2a: Chansey|Ice Beam|p1a: Chansey\n|-damage|p1a: Chansey|70/100\n|move|p1a: Chansey|Ice Beam|p2a: Chansey\n|-damage|p2a: Chansey|72/100\n|\n|upkeep\n|turn|6\n|\n|t:|1785102966\n|move|p1a: Chansey|Thunder Wave|p2a: Chansey\n|-status|p2a: Chansey|par\n|cant|p2a: Chansey|par\n|\n|upkeep\n|turn|7\n|\n|t:|1785102971\n|switch|p1a: Snorlax|Snorlax|100/100\n|cant|p2a: Chansey|par\n|\n|upkeep\n|turn|8\n|\n|t:|1785102982\n|switch|p2a: Snorlax|Snorlax|100/100\n|move|p1a: Snorlax|Body Slam|p2a: Snorlax\n|-damage|p2a: Snorlax|73/100\n|\n|upkeep\n|turn|9\n|\n|t:|1785102989\n|move|p2a: Snorlax|Reflect|p2a: Snorlax\n|-start|p2a: Snorlax|Reflect\n|move|p1a: Snorlax|Body Slam|p2a: Snorlax\n|-damage|p2a: Snorlax|60/100\n|\n|upkeep\n|turn|10\n|\n|t:|1785102998\n|move|p1a: Snorlax|Body Slam|p2a: Snorlax\n|-damage|p2a: Snorlax|47/100\n|move|p2a: Snorlax|Body Slam|p1a: Snorlax\n|-damage|p1a: Snorlax|73/100\n|\n|upkeep\n|turn|11\n|\n|t:|1785103008\n|switch|p1a: Chansey|Chansey|70/100\n|move|p2a: Snorlax|Body Slam|p1a: Chansey\n|-crit|p1a: Chansey\n|-damage|p1a: Chansey|0 fnt\n|faint|p1a: Chansey\n|c|☆Cakeconnesseur|lol\n|\n|t:|1785103020\n|switch|p1a: Starmie|Starmie|100/100\n|turn|12\n|\n|t:|1785103045\n|move|p1a: Starmie|Surf|p2a: Snorlax\n|-damage|p2a: Snorlax|18/100\n|move|p2a: Snorlax|Body Slam|p1a: Starmie\n|-damage|p1a: Starmie|65/100\n|\n|upkeep\n|turn|13\n|\n|t:|1785103053\n|switch|p2a: Chansey|Chansey|72/100 par\n|move|p1a: Starmie|Recover|p1a: Starmie\n|-heal|p1a: Starmie|100/100\n|\n|upkeep\n|turn|14\n|\n|t:|1785103062\n|switch|p1a: Snorlax|Snorlax|73/100\n|switch|p2a: Exeggutor|Exeggutor|100/100\n|\n|upkeep\n|turn|15\n|\n|t:|1785103072\n|switch|p1a: Jynx|Jynx|75/100 par\n|move|p2a: Exeggutor|Psychic|p1a: Jynx\n|-resisted|p1a: Jynx\n|-damage|p1a: Jynx|56/100 par\n|\n|upkeep\n|turn|16\n|\n|t:|1785103082\n|switch|p2a: Chansey|Chansey|72/100 par\n|cant|p1a: Jynx|par\n|\n|upkeep\n|turn|17\n|\n|t:|1785103097\n|cant|p1a: Jynx|par\n|move|p2a: Chansey|Thunderbolt|p1a: Jynx\n|-damage|p1a: Jynx|31/100 par\n|\n|upkeep\n|turn|18\n|\n|t:|1785103102\n|switch|p2a: Snorlax|Snorlax|18/100\n|move|p1a: Jynx|Blizzard|p2a: Snorlax\n|-damage|p2a: Snorlax|0 fnt\n|faint|p2a: Snorlax\n|\n|t:|1785103108\n|switch|p2a: Tauros|Tauros|100/100\n|turn|19\n|\n|t:|1785103110\n|switch|p1a: Starmie|Starmie|100/100\n|move|p2a: Tauros|Body Slam|p1a: Starmie\n|-damage|p1a: Starmie|67/100\n|-status|p1a: Starmie|par\n|\n|upkeep\n|turn|20\n|\n|t:|1785103119\n|move|p2a: Tauros|Body Slam|p1a: Starmie\n|-damage|p1a: Starmie|35/100 par\n|move|p1a: Starmie|Recover|p1a: Starmie\n|-heal|p1a: Starmie|84/100 par\n|\n|upkeep\n|turn|21\n|\n|t:|1785103127\n|move|p2a: Tauros|Thunderbolt|p1a: Starmie\n|-supereffective|p1a: Starmie\n|-damage|p1a: Starmie|48/100 par\n|move|p1a: Starmie|Thunder Wave|p2a: Tauros\n|-status|p2a: Tauros|par\n|\n|upkeep\n|turn|22\n|\n|t:|1785103131\n|move|p1a: Starmie|Surf|p2a: Tauros\n|-crit|p2a: Tauros\n|-damage|p2a: Tauros|21/100 par\n|move|p2a: Tauros|Body Slam|p1a: Starmie\n|-crit|p1a: Starmie\n|-damage|p1a: Starmie|0 fnt\n|faint|p1a: Starmie\n|inactive|Cakeconnesseur has 270 seconds left.\n|inactive|Cakeconnesseur has 240 seconds left.\n|\n|t:|1785103194\n|switch|p1a: Tauros|Tauros|100/100\n|turn|23\n|inactive|Girls See Ghosts has 270 seconds left.\n|\n|t:|1785103250\n|move|p1a: Tauros|Body Slam|p2a: Tauros\n|-damage|p2a: Tauros|0 fnt\n|faint|p2a: Tauros\n|\n|t:|1785103252\n|switch|p2a: Exeggutor|Exeggutor|100/100\n|turn|24\n|\n|t:|1785103259\n|move|p1a: Tauros|Blizzard|p2a: Exeggutor|[miss]\n|-miss|p1a: Tauros\n|move|p2a: Exeggutor|Sleep Powder|p1a: Tauros|[miss]\n|-miss|p2a: Exeggutor\n|\n|upkeep\n|turn|25\n|\n|t:|1785103263\n|switch|p1a: Jynx|Jynx|31/100 par\n|move|p2a: Exeggutor|Sleep Powder|p1a: Jynx\n|-fail|p1a: Jynx\n|\n|upkeep\n|turn|26\n|inactive|Girls See Ghosts has 270 seconds left.\n|\n|t:|1785103271\n|switch|p2a: Chansey|Chansey|72/100 par\n|move|p1a: Jynx|Blizzard|p2a: Chansey\n|-damage|p2a: Chansey|53/100 par\n|\n|upkeep\n|turn|27\n|\n|t:|1785103275\n|move|p1a: Jynx|Rest|p1a: Jynx\n|-status|p1a: Jynx|slp|[from] move: Rest\n|-heal|p1a: Jynx|100/100 slp|[silent]\n|cant|p2a: Chansey|par\n|\n|upkeep\n|turn|28\n|\n|t:|1785103279\n|switch|p2a: Rhydon|Rhydon|100/100\n|cant|p1a: Jynx|slp\n|\n|upkeep\n|turn|29\n|inactive|Cakeconnesseur has 270 seconds left.\n|inactive|Cakeconnesseur has 240 seconds left.\n|inactive|Cakeconnesseur has 210 seconds left.\n|inactive|Cakeconnesseur has 180 seconds left.\n|inactive|Cakeconnesseur has 150 seconds left.\n|\n|t:|1785103431\n|switch|p1a: Tauros|Tauros|100/100\n|move|p2a: Rhydon|Earthquake|p1a: Tauros\n|-damage|p1a: Tauros|59/100\n|\n|upkeep\n|turn|30\n|\n|t:|1785103439\n|switch|p2a: Alakazam|Alakazam|100/100 slp\n|move|p1a: Tauros|Blizzard|p2a: Alakazam\n|-crit|p2a: Alakazam\n|-damage|p2a: Alakazam|62/100 slp\n|\n|upkeep\n|turn|31\n|\n|t:|1785103447\n|-curestatus|p2a: Alakazam|slp|[msg]\n|move|p1a: Tauros|Body Slam|p2a: Alakazam\n|-damage|p2a: Alakazam|14/100\n|\n|upkeep\n|turn|32\n|inactive|Cakeconnesseur has 150 seconds left.\n|\n|t:|1785103486\n|switch|p1a: Snorlax|Snorlax|73/100\n|move|p2a: Alakazam|Seismic Toss|p1a: Snorlax\n|-damage|p1a: Snorlax|54/100\n|\n|upkeep\n|turn|33\n|\n|t:|1785103509\n|move|p2a: Alakazam|Psychic|p1a: Snorlax\n|-damage|p1a: Snorlax|21/100\n|move|p1a: Snorlax|Earthquake|p2a: Alakazam\n|-damage|p2a: Alakazam|0 fnt\n|faint|p2a: Alakazam\n|inactive|Girls See Ghosts has 270 seconds left.\n|inactive|Girls See Ghosts has 240 seconds left.\n|\n|t:|1785103564\n|switch|p2a: Exeggutor|Exeggutor|100/100\n|turn|34\n|inactive|Cakeconnesseur has 150 seconds left.\n|inactive|Cakeconnesseur has 120 seconds left.\n|inactive|Cakeconnesseur has 90 seconds left.\n|\n|t:|1785103642\n|switch|p1a: Zapdos|Zapdos|100/100\n|move|p2a: Exeggutor|Psychic|p1a: Zapdos\n|-damage|p1a: Zapdos|74/100\n|-unboost|p1a: Zapdos|spa|1\n|-unboost|p1a: Zapdos|spd|1\n|\n|upkeep\n|turn|35\n|inactive|Cakeconnesseur has 90 seconds left.\n|inactive|Girls See Ghosts has 240 seconds left.\n|\n|t:|1785103681\n|switch|p2a: Rhydon|Rhydon|100/100\n|move|p1a: Zapdos|Drill Peck|p2a: Rhydon\n|-resisted|p2a: Rhydon\n|-damage|p2a: Rhydon|91/100\n|\n|upkeep\n|turn|36\n|inactive|Cakeconnesseur has 90 seconds left.\n|inactive|Girls See Ghosts has 210 seconds left.\n|inactive|Cakeconnesseur has 60 seconds left.\n|\n|t:|1785103727\n|move|p1a: Zapdos|Drill Peck|p2a: Rhydon\n|-crit|p2a: Rhydon\n|-resisted|p2a: Rhydon\n|-damage|p2a: Rhydon|72/100\n|move|p2a: Rhydon|Body Slam|p1a: Zapdos\n|-damage|p1a: Zapdos|51/100\n|\n|upkeep\n|turn|37\n|inactive|Cakeconnesseur has 60 seconds left.\n|\n|t:|1785103766\n|move|p1a: Zapdos|Drill Peck|p2a: Rhydon\n|-crit|p2a: Rhydon\n|-resisted|p2a: Rhydon\n|-damage|p2a: Rhydon|55/100\n|move|p2a: Rhydon|Substitute|p2a: Rhydon\n|-start|p2a: Rhydon|Substitute\n|-damage|p2a: Rhydon|30/100\n|\n|upkeep\n|turn|38\n|inactive|Cakeconnesseur has 30 seconds left.\n|\n|t:|1785103787\n|switch|p1a: Snorlax|Snorlax|21/100\n|move|p2a: Rhydon|Rock Slide|p1a: Snorlax\n|-damage|p1a: Snorlax|0 fnt\n|faint|p1a: Snorlax\n|inactive|Cakeconnesseur has 30 seconds left this turn.\n|\n|t:|1785103789\n|switch|p1a: Tauros|Tauros|59/100\n|turn|39\n|inactive|Girls See Ghosts has 210 seconds left.\n|\n|t:|1785103795\n|move|p1a: Tauros|Blizzard|p2a: Rhydon\n|-crit|p2a: Rhydon\n|-supereffective|p2a: Rhydon\n|-end|p2a: Rhydon|Substitute\n|move|p2a: Rhydon|Earthquake|p1a: Tauros\n|-damage|p1a: Tauros|17/100\n|\n|upkeep\n|turn|40\n|inactive|Girls See Ghosts has 210 seconds left.\n|\n|t:|1785103829\n|switch|p2a: Chansey|Chansey|53/100 par\n|move|p1a: Tauros|Blizzard|p2a: Chansey\n|-damage|p2a: Chansey|43/100 par\n|\n|upkeep\n|turn|41\n|inactive|Girls See Ghosts has 180 seconds left.\n|inactive|Girls See Ghosts has 150 seconds left.\n|inactive|Cakeconnesseur has 30 seconds left.\n|inactive|Cakeconnesseur has 20 seconds left.\n|inactive|Cakeconnesseur has 15 seconds left.\n|inactive|Girls See Ghosts has 120 seconds left.\n|inactive|Girls See Ghosts has 90 seconds left.\n|\n|t:|1785103957\n|switch|p2a: Rhydon|Rhydon|30/100\n|move|p1a: Tauros|Hyper Beam|p2a: Rhydon\n|-resisted|p2a: Rhydon\n|-damage|p2a: Rhydon|13/100\n|-mustrecharge|p1a: Tauros\n|\n|upkeep\n|turn|42\n|inactive|Cakeconnesseur has 25 seconds left this turn.\n|\n|t:|1785103965\n|cant|p1a: Tauros|recharge\n|move|p2a: Rhydon|Body Slam|p1a: Tauros\n|-damage|p1a: Tauros|0 fnt\n|faint|p1a: Tauros\n|inactive|Cakeconnesseur has 30 seconds left this turn.\n|inactive|Cakeconnesseur has 20 seconds left.\n|inactive|Cakeconnesseur has 15 seconds left.\n|\n|t:|1785103981\n|switch|p1a: Zapdos|Zapdos|51/100\n|turn|43\n|inactive|Cakeconnesseur has 25 seconds left this turn.\n|inactive|Girls See Ghosts has 90 seconds left.\n|\n|t:|1785103987\n|move|p1a: Zapdos|Drill Peck|p2a: Rhydon\n|-resisted|p2a: Rhydon\n|-damage|p2a: Rhydon|3/100\n|move|p2a: Rhydon|Rock Slide|p1a: Zapdos\n|-supereffective|p1a: Zapdos\n|-damage|p1a: Zapdos|0 fnt\n|faint|p1a: Zapdos\n|inactive|Cakeconnesseur has 30 seconds left this turn.\n|\n|t:|1785103989\n|switch|p1a: Jynx|Jynx|100/100 slp\n|turn|44\n|\n|t:|1785103993\n|-curestatus|p1a: Jynx|slp|[msg]\n|move|p2a: Rhydon|Rock Slide|p1a: Jynx\n|-supereffective|p1a: Jynx\n|-damage|p1a: Jynx|0 fnt\n|faint|p1a: Jynx\n|\n|win|Girls See Ghosts\n|c|☆Girls See Ghosts|gg\n|c|☆Cakeconnesseur|/log Cakeconnesseur made the replay of this battle unlisted.\n|player|p1|\n","uploadtime":1785103993,"views":"51","formatid":"gen1ou","rating":null,"private":2,"password":null}