{"id":"smogtours-gen1ou-945483","format":"[Gen 1] OU","players":["Kristyl ★","fiishing"],"log":"|inactive|Battle timer is ON: inactive players will automatically lose when time's up.\n|badge|p2|silver|gen9ou|30-9\n|uhtml|medal-msg|<div class=\"broadcast-blue\">Curious what those medals under the avatar are? PS now has Ladder Seasons! For more information, check out the <a href=\"https://www.smogon.com/forums/threads/3740067/\">thread on Smogon.</a></div>\n|t:|1781216830\n|gametype|singles\n|player|p1|Kristyl ★|dawn|\n|player|p2|fiishing|miku-water|\n|gen|1\n|tier|[Gen 1] OU\n|rule|Desync Clause Mod: Desyncs changed to move failure.\n|rule|HP Percentage Mod: HP is shown in percentages\n|rule|Endless Battle Clause: Forcing endless battles is banned\n|rule|Sleep Clause Mod: Limit one foe put to sleep\n|rule|Freeze Clause Mod: Limit one foe frozen\n|rule|Species Clause: Limit one of each Pokémon\n|rule|OHKO Clause: OHKO moves are banned\n|rule|Evasion Moves Clause: Evasion moves are banned\n|\n|t:|1781216830\n|teamsize|p1|6\n|teamsize|p2|6\n|start\n|switch|p1a: Gengar|Gengar|100/100\n|switch|p2a: Alakazam|Alakazam|100/100\n|turn|1\n|c|☆fiishing|glhf\n|inactive|Kristyl ★ disconnected and has 300 seconds to reconnect!\n|player|p1|\n|inactive|Kristyl ★ has 270 seconds to reconnect!\n|inactive|Kristyl ★ reconnected and has 290 seconds left.\n|player|p1|Kristyl ★|dawn|\n|c|☆Kristyl ★|u2\n|\n|t:|1781216878\n|switch|p1a: Jynx|Jynx|100/100\n|move|p2a: Alakazam|Psychic|p1a: Jynx\n|-crit|p1a: Jynx\n|-resisted|p1a: Jynx\n|-damage|p1a: Jynx|63/100\n|-unboost|p1a: Jynx|spa|1\n|-unboost|p1a: Jynx|spd|1\n|\n|upkeep\n|turn|2\n|\n|t:|1781216893\n|move|p2a: Alakazam|Thunder Wave|p1a: Jynx\n|-status|p1a: Jynx|par\n|cant|p1a: Jynx|par\n|\n|upkeep\n|turn|3\n|\n|t:|1781216901\n|move|p2a: Alakazam|Psychic|p1a: Jynx\n|-resisted|p1a: Jynx\n|-damage|p1a: Jynx|34/100 par\n|-unboost|p1a: Jynx|spa|1\n|-unboost|p1a: Jynx|spd|1\n|move|p1a: Jynx|Rest|p1a: Jynx\n|-status|p1a: Jynx|slp|[from] move: Rest\n|-heal|p1a: Jynx|100/100 slp|[silent]\n|\n|upkeep\n|turn|4\n|\n|t:|1781216907\n|switch|p1a: Chansey|Chansey|100/100\n|move|p2a: Alakazam|Psychic|p1a: Chansey\n|-damage|p1a: Chansey|84/100\n|\n|upkeep\n|turn|5\n|\n|t:|1781216910\n|move|p2a: Alakazam|Psychic|p1a: Chansey\n|-damage|p1a: Chansey|66/100\n|-unboost|p1a: Chansey|spa|1\n|-unboost|p1a: Chansey|spd|1\n|move|p1a: Chansey|Ice Beam|p2a: Alakazam\n|-damage|p2a: Alakazam|87/100\n|\n|upkeep\n|turn|6\n|\n|t:|1781216915\n|move|p2a: Alakazam|Psychic|p1a: Chansey\n|-damage|p1a: Chansey|41/100\n|move|p1a: Chansey|Soft-Boiled|p1a: Chansey\n|-heal|p1a: Chansey|91/100\n|\n|upkeep\n|turn|7\n|\n|t:|1781216920\n|move|p2a: Alakazam|Psychic|p1a: Chansey\n|-damage|p1a: Chansey|64/100\n|-unboost|p1a: Chansey|spa|1\n|-unboost|p1a: Chansey|spd|1\n|move|p1a: Chansey|Ice Beam|p2a: Alakazam\n|-damage|p2a: Alakazam|78/100\n|-status|p2a: Alakazam|frz\n|\n|upkeep\n|turn|8\n|\n|t:|1781216927\n|switch|p2a: Chansey|Chansey|100/100\n|switch|p1a: Gengar|Gengar|100/100\n|\n|upkeep\n|turn|9\n|\n|t:|1781216934\n|switch|p2a: Exeggutor|Exeggutor|100/100\n|move|p1a: Gengar|Hypnosis|p2a: Exeggutor|[miss]\n|-miss|p1a: Gengar\n|\n|upkeep\n|turn|10\n|\n|t:|1781216939\n|move|p1a: Gengar|Hypnosis|p2a: Exeggutor|[miss]\n|-miss|p1a: Gengar\n|move|p2a: Exeggutor|Sleep Powder|p1a: Gengar\n|-status|p1a: Gengar|slp|[from] move: Sleep Powder\n|\n|upkeep\n|turn|11\n|\n|t:|1781216944\n|switch|p1a: Jynx|Jynx|100/100 slp\n|move|p2a: Exeggutor|Psychic|p1a: Jynx\n|-resisted|p1a: Jynx\n|-damage|p1a: Jynx|80/100 slp\n|-unboost|p1a: Jynx|spa|1\n|-unboost|p1a: Jynx|spd|1\n|\n|upkeep\n|turn|12\n|\n|t:|1781216947\n|switch|p2a: Tauros|Tauros|100/100\n|cant|p1a: Jynx|slp\n|\n|upkeep\n|turn|13\n|\n|t:|1781216951\n|switch|p1a: Snorlax|Snorlax|100/100\n|move|p2a: Tauros|Body Slam|p1a: Snorlax\n|-damage|p1a: Snorlax|75/100\n|\n|upkeep\n|turn|14\n|\n|t:|1781216955\n|switch|p2a: Snorlax|Snorlax|100/100\n|move|p1a: Snorlax|Counter|p2a: Snorlax\n|-damage|p2a: Snorlax|50/100\n|\n|upkeep\n|turn|15\n|\n|t:|1781216969\n|move|p2a: Snorlax|Self-Destruct|p1a: Snorlax\n|-damage|p1a: Snorlax|0 fnt\n|faint|p1a: Snorlax\n|faint|p2a: Snorlax\n|\n|t:|1781216977\n|switch|p1a: Jynx|Jynx|80/100 slp\n|switch|p2a: Exeggutor|Exeggutor|100/100\n|turn|16\n|\n|t:|1781216987\n|switch|p2a: Chansey|Chansey|100/100\n|-curestatus|p1a: Jynx|slp|[msg]\n|\n|upkeep\n|turn|17\n|\n|t:|1781216992\n|move|p1a: Jynx|Lovely Kiss|p2a: Chansey\n|-status|p2a: Chansey|slp|[from] move: Lovely Kiss\n|cant|p2a: Chansey|slp\n|\n|upkeep\n|turn|18\n|\n|t:|1781217000\n|move|p1a: Jynx|Ice Beam|p2a: Chansey\n|-crit|p2a: Chansey\n|-damage|p2a: Chansey|73/100 slp\n|cant|p2a: Chansey|slp\n|\n|upkeep\n|turn|19\n|\n|t:|1781217002\n|move|p1a: Jynx|Psychic|p2a: Chansey\n|-crit|p2a: Chansey\n|-damage|p2a: Chansey|46/100 slp\n|cant|p2a: Chansey|slp\n|\n|upkeep\n|turn|20\n|\n|t:|1781217011\n|switch|p2a: Tauros|Tauros|100/100\n|move|p1a: Jynx|Psychic|p2a: Tauros\n|-damage|p2a: Tauros|66/100\n|-unboost|p2a: Tauros|spa|1\n|-unboost|p2a: Tauros|spd|1\n|\n|upkeep\n|turn|21\n|\n|t:|1781217024\n|switch|p1a: Starmie|Starmie|100/100\n|move|p2a: Tauros|Hyper Beam|p1a: Starmie\n|-damage|p1a: Starmie|40/100\n|-mustrecharge|p2a: Tauros\n|\n|upkeep\n|turn|22\n|\n|t:|1781217030\n|move|p1a: Starmie|Thunder Wave|p2a: Tauros\n|-status|p2a: Tauros|par\n|cant|p2a: Tauros|recharge\n|\n|upkeep\n|turn|23\n|\n|t:|1781217034\n|move|p1a: Starmie|Recover|p1a: Starmie\n|-heal|p1a: Starmie|90/100\n|cant|p2a: Tauros|par\n|\n|upkeep\n|turn|24\n|\n|t:|1781217038\n|switch|p2a: Exeggutor|Exeggutor|100/100\n|move|p1a: Starmie|Psychic|p2a: Exeggutor\n|-resisted|p2a: Exeggutor\n|-damage|p2a: Exeggutor|90/100\n|\n|upkeep\n|turn|25\n|\n|t:|1781217045\n|switch|p1a: Chansey|Chansey|64/100\n|move|p2a: Exeggutor|Stun Spore|p1a: Chansey\n|-status|p1a: Chansey|par\n|\n|upkeep\n|turn|26\n|\n|t:|1781217050\n|switch|p2a: Tauros|Tauros|66/100 par\n|cant|p1a: Chansey|par\n|\n|upkeep\n|turn|27\n|\n|t:|1781217053\n|move|p2a: Tauros|Body Slam|p1a: Chansey\n|-crit|p1a: Chansey\n|-damage|p1a: Chansey|0 fnt\n|faint|p1a: Chansey\n|\n|t:|1781217059\n|switch|p1a: Tauros|Tauros|100/100\n|turn|28\n|\n|t:|1781217065\n|move|p1a: Tauros|Body Slam|p2a: Tauros\n|-crit|p2a: Tauros\n|-damage|p2a: Tauros|10/100 par\n|move|p2a: Tauros|Body Slam|p1a: Tauros\n|-damage|p1a: Tauros|71/100\n|\n|upkeep\n|turn|29\n|\n|t:|1781217070\n|move|p1a: Tauros|Body Slam|p2a: Tauros\n|-damage|p2a: Tauros|0 fnt\n|faint|p2a: Tauros\n|\n|t:|1781217075\n|switch|p2a: Exeggutor|Exeggutor|90/100\n|turn|30\n|\n|t:|1781217079\n|move|p1a: Tauros|Body Slam|p2a: Exeggutor\n|-damage|p2a: Exeggutor|60/100\n|move|p2a: Exeggutor|Stun Spore|p1a: Tauros\n|-status|p1a: Tauros|par\n|\n|upkeep\n|turn|31\n|\n|t:|1781217084\n|move|p2a: Exeggutor|Psychic|p1a: Tauros\n|-damage|p1a: Tauros|24/100 par\n|move|p1a: Tauros|Body Slam|p2a: Exeggutor\n|-damage|p2a: Exeggutor|33/100\n|\n|upkeep\n|turn|32\n|\n|t:|1781217088\n|move|p2a: Exeggutor|Psychic|p1a: Tauros\n|-damage|p1a: Tauros|0 fnt\n|faint|p1a: Tauros\n|\n|t:|1781217090\n|switch|p1a: Jynx|Jynx|80/100\n|turn|33\n|\n|t:|1781217097\n|move|p1a: Jynx|Ice Beam|p2a: Exeggutor\n|-supereffective|p2a: Exeggutor\n|-damage|p2a: Exeggutor|0 fnt\n|faint|p2a: Exeggutor\n|\n|t:|1781217100\n|switch|p2a: Chansey|Chansey|46/100 slp\n|turn|34\n|\n|t:|1781217103\n|move|p1a: Jynx|Psychic|p2a: Chansey\n|-damage|p2a: Chansey|31/100 slp\n|cant|p2a: Chansey|slp\n|\n|upkeep\n|turn|35\n|\n|t:|1781217105\n|move|p1a: Jynx|Psychic|p2a: Chansey\n|-damage|p2a: Chansey|17/100 slp\n|-unboost|p2a: Chansey|spa|1\n|-unboost|p2a: Chansey|spd|1\n|-curestatus|p2a: Chansey|slp|[msg]\n|\n|upkeep\n|turn|36\n|\n|t:|1781217113\n|move|p1a: Jynx|Psychic|p2a: Chansey\n|-crit|p2a: Chansey\n|-damage|p2a: Chansey|0 fnt\n|faint|p2a: Chansey\n|\n|t:|1781217115\n|switch|p2a: Zapdos|Zapdos|100/100\n|turn|37\n|\n|t:|1781217126\n|move|p2a: Zapdos|Drill Peck|p1a: Jynx\n|-damage|p1a: Jynx|33/100\n|move|p1a: Jynx|Ice Beam|p2a: Zapdos\n|-supereffective|p2a: Zapdos\n|-damage|p2a: Zapdos|52/100\n|\n|upkeep\n|turn|38\n|\n|t:|1781217130\n|move|p2a: Zapdos|Drill Peck|p1a: Jynx\n|-damage|p1a: Jynx|0 fnt\n|faint|p1a: Jynx\n|\n|t:|1781217132\n|switch|p1a: Starmie|Starmie|90/100\n|turn|39\n|\n|t:|1781217142\n|move|p1a: Starmie|Psychic|p2a: Zapdos\n|-damage|p2a: Zapdos|28/100\n|-unboost|p2a: Zapdos|spa|1\n|-unboost|p2a: Zapdos|spd|1\n|move|p2a: Zapdos|Thunder Wave|p1a: Starmie\n|-status|p1a: Starmie|par\n|\n|upkeep\n|turn|40\n|\n|t:|1781217147\n|switch|p2a: Alakazam|Alakazam|78/100 frz\n|move|p1a: Starmie|Psychic|p2a: Alakazam\n|-resisted|p2a: Alakazam\n|-damage|p2a: Alakazam|64/100 frz\n|-unboost|p2a: Alakazam|spa|1\n|-unboost|p2a: Alakazam|spd|1\n|\n|upkeep\n|turn|41\n|\n|t:|1781217149\n|cant|p2a: Alakazam|frz\n|move|p1a: Starmie|Recover|p1a: Starmie\n|-heal|p1a: Starmie|100/100 par\n|\n|upkeep\n|turn|42\n|\n|t:|1781217153\n|switch|p1a: Gengar|Gengar|100/100 slp\n|cant|p2a: Alakazam|frz\n|\n|upkeep\n|turn|43\n|\n|t:|1781217155\n|switch|p2a: Zapdos|Zapdos|28/100\n|cant|p1a: Gengar|slp\n|\n|upkeep\n|turn|44\n|\n|t:|1781217158\n|cant|p1a: Gengar|slp\n|move|p2a: Zapdos|Thunderbolt|p1a: Gengar\n|-crit|p1a: Gengar\n|-damage|p1a: Gengar|37/100 slp\n|\n|upkeep\n|turn|45\n|\n|t:|1781217159\n|cant|p1a: Gengar|slp\n|move|p2a: Zapdos|Thunderbolt|p1a: Gengar\n|-damage|p1a: Gengar|3/100 slp\n|\n|upkeep\n|turn|46\n|\n|t:|1781217161\n|cant|p1a: Gengar|slp\n|move|p2a: Zapdos|Thunderbolt|p1a: Gengar\n|-damage|p1a: Gengar|0 fnt\n|faint|p1a: Gengar\n|\n|t:|1781217162\n|switch|p1a: Starmie|Starmie|100/100 par\n|turn|47\n|\n|t:|1781217164\n|move|p2a: Zapdos|Thunderbolt|p1a: Starmie\n|-supereffective|p1a: Starmie\n|-damage|p1a: Starmie|25/100 par\n|move|p1a: Starmie|Blizzard|p2a: Zapdos\n|-crit|p2a: Zapdos\n|-supereffective|p2a: Zapdos\n|-damage|p2a: Zapdos|0 fnt\n|faint|p2a: Zapdos\n|\n|t:|1781217167\n|switch|p2a: Alakazam|Alakazam|64/100 frz\n|turn|48\n|\n|t:|1781217169\n|cant|p2a: Alakazam|frz\n|cant|p1a: Starmie|par\n|\n|upkeep\n|turn|49\n|c|☆fiishing|ggs\n|\n|t:|1781217172\n|cant|p2a: Alakazam|frz\n|cant|p1a: Starmie|par\n|\n|upkeep\n|turn|50\n|c|☆Kristyl ★|ggs\n|\n|t:|1781217174\n|cant|p2a: Alakazam|frz\n|cant|p1a: Starmie|par\n|\n|upkeep\n|turn|51\n|\n|t:|1781217177\n|cant|p2a: Alakazam|frz\n|move|p1a: Starmie|Recover|p1a: Starmie\n|-heal|p1a: Starmie|74/100 par\n|\n|upkeep\n|turn|52\n|\n|t:|1781217179\n|cant|p2a: Alakazam|frz\n|move|p1a: Starmie|Psychic|p2a: Alakazam\n|-crit|p2a: Alakazam\n|-resisted|p2a: Alakazam\n|-damage|p2a: Alakazam|37/100 frz\n|-unboost|p2a: Alakazam|spa|1\n|-unboost|p2a: Alakazam|spd|1\n|\n|upkeep\n|turn|53\n|\n|t:|1781217180\n|cant|p2a: Alakazam|frz\n|move|p1a: Starmie|Psychic|p2a: Alakazam\n|-resisted|p2a: Alakazam\n|-damage|p2a: Alakazam|15/100 frz\n|\n|upkeep\n|turn|54\n|\n|t:|1781217181\n|cant|p2a: Alakazam|frz\n|move|p1a: Starmie|Psychic|p2a: Alakazam\n|-resisted|p2a: Alakazam\n|-damage|p2a: Alakazam|0 fnt\n|faint|p2a: Alakazam\n|\n|win|Kristyl ★\n","uploadtime":1781217181,"views":"117","formatid":"gen1ou","rating":null,"private":0,"password":null}