{"id":"smogtours-gen1ou-947063","format":"[Gen 1] OU","players":["virae","TG2513"],"log":"|inactive|Battle timer is ON: inactive players will automatically lose when time's up.\n|t:|1781465631\n|gametype|singles\n|player|p1|virae|#rbyplvmightymagmars|\n|player|p2|TG2513|brycenman|\n|gen|1\n|tier|[Gen 1] OU\n|rule|Desync Clause Mod: Desyncs changed to move failure.\n|rule|HP Percentage Mod: HP is shown in percentages\n|rule|Endless Battle Clause: Forcing endless battles is banned\n|rule|Sleep Clause Mod: Limit one foe put to sleep\n|rule|Freeze Clause Mod: Limit one foe frozen\n|rule|Species Clause: Limit one of each Pokémon\n|rule|OHKO Clause: OHKO moves are banned\n|rule|Evasion Moves Clause: Evasion moves are banned\n|\n|t:|1781465631\n|teamsize|p1|6\n|teamsize|p2|6\n|start\n|switch|p1a: Gengar|Gengar|100/100\n|switch|p2a: Alakazam|Alakazam|100/100\n|turn|1\n|c|☆TG2513|HF\n|c|☆virae|u2!\n|\n|t:|1781465643\n|switch|p1a: Exeggutor|Exeggutor|100/100\n|move|p2a: Alakazam|Psychic|p1a: Exeggutor\n|-resisted|p1a: Exeggutor\n|-damage|p1a: Exeggutor|87/100\n|\n|upkeep\n|turn|2\n|\n|t:|1781465647\n|move|p2a: Alakazam|Thunder Wave|p1a: Exeggutor\n|-status|p1a: Exeggutor|par\n|move|p1a: Exeggutor|Sleep Powder|p2a: Alakazam\n|-status|p2a: Alakazam|slp|[from] move: Sleep Powder\n|\n|upkeep\n|turn|3\n|\n|t:|1781465671\n|switch|p2a: Exeggutor|Exeggutor|100/100\n|cant|p1a: Exeggutor|par\n|\n|upkeep\n|turn|4\n|\n|t:|1781465680\n|move|p2a: Exeggutor|Double-Edge|p1a: Exeggutor\n|-damage|p1a: Exeggutor|67/100 par\n|-damage|p2a: Exeggutor|95/100|[from] Recoil|[of] p1a: Exeggutor\n|move|p1a: Exeggutor|Psychic|p2a: Exeggutor\n|-crit|p2a: Exeggutor\n|-resisted|p2a: Exeggutor\n|-damage|p2a: Exeggutor|68/100\n|\n|upkeep\n|turn|5\n|\n|t:|1781465685\n|move|p2a: Exeggutor|Psychic|p1a: Exeggutor\n|-resisted|p1a: Exeggutor\n|-damage|p1a: Exeggutor|52/100 par\n|-unboost|p1a: Exeggutor|spa|1\n|-unboost|p1a: Exeggutor|spd|1\n|move|p1a: Exeggutor|Explosion|p2a: Exeggutor\n|-damage|p2a: Exeggutor|0 fnt\n|faint|p2a: Exeggutor\n|faint|p1a: Exeggutor\n|inactive|virae has 270 seconds left.\n|\n|t:|1781465711\n|switch|p2a: Chansey|Chansey|100/100\n|switch|p1a: Chansey|Chansey|100/100\n|turn|6\n|\n|t:|1781465719\n|move|p1a: Chansey|Thunder Wave|p2a: Chansey\n|-status|p2a: Chansey|par\n|cant|p2a: Chansey|par\n|\n|upkeep\n|turn|7\n|inactive|virae has 270 seconds left.\n|inactive|virae has 240 seconds left.\n|\n|t:|1781465766\n|switch|p1a: Gengar|Gengar|100/100\n|move|p2a: Chansey|Sing|p1a: Gengar\n|-status|p1a: Gengar|slp|[from] move: Sing\n|\n|upkeep\n|turn|8\n|\n|t:|1781465770\n|switch|p1a: Snorlax|Snorlax|100/100\n|move|p2a: Chansey|Ice Beam|p1a: Snorlax\n|-damage|p1a: Snorlax|83/100\n|\n|upkeep\n|turn|9\n|\n|t:|1781465788\n|move|p1a: Snorlax|Body Slam|p2a: Chansey\n|-damage|p2a: Chansey|58/100 par\n|move|p2a: Chansey|Thunder Wave|p1a: Snorlax\n|-status|p1a: Snorlax|par\n|\n|upkeep\n|turn|10\n|\n|t:|1781465793\n|move|p2a: Chansey|Soft-Boiled|p2a: Chansey\n|-heal|p2a: Chansey|100/100 par\n|cant|p1a: Snorlax|par\n|\n|upkeep\n|turn|11\n|\n|t:|1781465796\n|switch|p2a: Snorlax|Snorlax|100/100\n|cant|p1a: Snorlax|par\n|\n|upkeep\n|turn|12\n|inactive|virae has 270 seconds left.\n|\n|t:|1781465808\n|switch|p1a: Chansey|Chansey|100/100\n|move|p2a: Snorlax|Reflect|p2a: Snorlax\n|-start|p2a: Snorlax|Reflect\n|\n|upkeep\n|turn|13\n|inactive|virae has 270 seconds left.\n|\n|t:|1781465817\n|move|p2a: Snorlax|Ice Beam|p1a: Chansey\n|-damage|p1a: Chansey|92/100\n|move|p1a: Chansey|Counter|p2a: Snorlax\n|-fail|p1a: Chansey\n|\n|upkeep\n|turn|14\n|inactive|virae has 270 seconds left.\n|\n|t:|1781465831\n|move|p1a: Chansey|Thunder Wave|p2a: Snorlax\n|-status|p2a: Snorlax|par\n|move|p2a: Snorlax|Ice Beam|p1a: Chansey\n|-damage|p1a: Chansey|84/100\n|\n|upkeep\n|turn|15\n|\n|t:|1781465835\n|switch|p1a: Gengar|Gengar|100/100 slp\n|move|p2a: Snorlax|Ice Beam|p1a: Gengar\n|-damage|p1a: Gengar|86/100 slp\n|\n|upkeep\n|turn|16\n|\n|t:|1781465841\n|switch|p2a: Tauros|Tauros|100/100\n|cant|p1a: Gengar|slp\n|\n|upkeep\n|turn|17\n|\n|t:|1781465845\n|switch|p1a: Snorlax|Snorlax|83/100 par\n|move|p2a: Tauros|Body Slam|p1a: Snorlax\n|-crit|p1a: Snorlax\n|-damage|p1a: Snorlax|37/100 par\n|\n|upkeep\n|turn|18\n|\n|t:|1781465871\n|switch|p2a: Snorlax|Snorlax|100/100 par\n|move|p1a: Snorlax|Self-Destruct|p2a: Snorlax\n|-damage|p2a: Snorlax|20/100 par\n|faint|p1a: Snorlax\n|inactive|virae has 270 seconds left.\n|inactive|virae has 240 seconds left.\n|\n|t:|1781465933\n|switch|p1a: Tauros|Tauros|100/100\n|turn|19\n|\n|t:|1781465937\n|move|p1a: Tauros|Body Slam|p2a: Snorlax\n|-crit|p2a: Snorlax\n|-damage|p2a: Snorlax|0 fnt\n|faint|p2a: Snorlax\n|\n|t:|1781465940\n|switch|p2a: Zapdos|Zapdos|100/100\n|turn|20\n|inactive|virae has 240 seconds left.\n|inactive|virae has 210 seconds left.\n|inactive|virae has 180 seconds left.\n|\n|t:|1781466015\n|move|p1a: Tauros|Body Slam|p2a: Zapdos\n|-damage|p2a: Zapdos|71/100\n|-status|p2a: Zapdos|par\n|cant|p2a: Zapdos|par\n|\n|upkeep\n|turn|21\n|inactive|virae has 180 seconds left.\n|\n|t:|1781466030\n|switch|p1a: Chansey|Chansey|84/100\n|move|p2a: Zapdos|Thunder Wave|p1a: Chansey\n|-status|p1a: Chansey|par\n|\n|upkeep\n|turn|22\n|\n|t:|1781466038\n|move|p2a: Zapdos|Agility|p2a: Zapdos\n|-boost|p2a: Zapdos|spe|2\n|move|p1a: Chansey|Seismic Toss|p2a: Zapdos\n|-damage|p2a: Zapdos|45/100 par\n|\n|upkeep\n|turn|23\n|inactive|virae has 180 seconds left.\n|\n|t:|1781466044\n|move|p2a: Zapdos|Drill Peck|p1a: Chansey\n|-damage|p1a: Chansey|47/100 par\n|move|p1a: Chansey|Seismic Toss|p2a: Zapdos\n|-damage|p2a: Zapdos|19/100 par\n|\n|upkeep\n|turn|24\n|inactive|virae has 180 seconds left.\n|\n|t:|1781466060\n|move|p2a: Zapdos|Drill Peck|p1a: Chansey\n|-damage|p1a: Chansey|12/100 par\n|move|p1a: Chansey|Seismic Toss|p2a: Zapdos\n|-damage|p2a: Zapdos|0 fnt\n|faint|p2a: Zapdos\n|\n|t:|1781466065\n|switch|p2a: Tauros|Tauros|100/100\n|turn|25\n|inactive|virae has 180 seconds left.\n|\n|t:|1781466084\n|move|p2a: Tauros|Body Slam|p1a: Chansey\n|-damage|p1a: Chansey|0 fnt\n|faint|p1a: Chansey\n|\n|t:|1781466087\n|switch|p1a: Hypno|Hypno|100/100\n|turn|26\n|inactive|virae has 180 seconds left.\n|inactive|virae has 150 seconds left.\n|\n|t:|1781466128\n|switch|p2a: Chansey|Chansey|100/100 par\n|move|p1a: Hypno|Psychic|p2a: Chansey\n|-damage|p2a: Chansey|86/100 par\n|\n|upkeep\n|turn|27\n|inactive|virae has 150 seconds left.\n|\n|t:|1781466157\n|switch|p2a: Tauros|Tauros|100/100\n|move|p1a: Hypno|Psychic|p2a: Tauros\n|-crit|p2a: Tauros\n|-damage|p2a: Tauros|13/100\n|\n|upkeep\n|turn|28\n|\n|t:|1781466170\n|switch|p2a: Chansey|Chansey|86/100 par\n|move|p1a: Hypno|Psychic|p2a: Chansey\n|-crit|p2a: Chansey\n|-damage|p2a: Chansey|55/100 par\n|\n|upkeep\n|turn|29\n|\n|t:|1781466175\n|move|p1a: Hypno|Submission|p2a: Chansey\n|-supereffective|p2a: Chansey\n|-damage|p2a: Chansey|13/100 par\n|-damage|p1a: Hypno|81/100|[from] Recoil|[of] p2a: Chansey\n|move|p2a: Chansey|Soft-Boiled|p2a: Chansey\n|-heal|p2a: Chansey|63/100 par\n|\n|upkeep\n|turn|30\n|\n|t:|1781466179\n|move|p1a: Hypno|Submission|p2a: Chansey\n|-supereffective|p2a: Chansey\n|-damage|p2a: Chansey|24/100 par\n|-damage|p1a: Hypno|62/100|[from] Recoil|[of] p2a: Chansey\n|move|p2a: Chansey|Soft-Boiled|p2a: Chansey\n|-heal|p2a: Chansey|74/100 par\n|\n|upkeep\n|turn|31\n|\n|t:|1781466182\n|move|p1a: Hypno|Submission|p2a: Chansey\n|-supereffective|p2a: Chansey\n|-damage|p2a: Chansey|32/100 par\n|-damage|p1a: Hypno|43/100|[from] Recoil|[of] p2a: Chansey\n|move|p2a: Chansey|Soft-Boiled|p2a: Chansey\n|-heal|p2a: Chansey|82/100 par\n|\n|upkeep\n|turn|32\n|\n|t:|1781466191\n|move|p1a: Hypno|Psychic|p2a: Chansey\n|-damage|p2a: Chansey|66/100 par\n|move|p2a: Chansey|Soft-Boiled|p2a: Chansey\n|-heal|p2a: Chansey|100/100 par\n|\n|upkeep\n|turn|33\n|\n|t:|1781466198\n|move|p1a: Hypno|Psychic|p2a: Chansey\n|-damage|p2a: Chansey|84/100 par\n|-unboost|p2a: Chansey|spa|1\n|-unboost|p2a: Chansey|spd|1\n|move|p2a: Chansey|Thunder Wave|p1a: Hypno\n|-status|p1a: Hypno|par\n|\n|upkeep\n|turn|34\n|inactive|virae has 180 seconds left.\n|\n|t:|1781466204\n|switch|p2a: Alakazam|Alakazam|100/100 slp\n|move|p1a: Hypno|Psychic|p2a: Alakazam\n|-resisted|p2a: Alakazam\n|-damage|p2a: Alakazam|86/100 slp\n|\n|upkeep\n|turn|35\n|\n|t:|1781466207\n|switch|p1a: Tauros|Tauros|100/100\n|cant|p2a: Alakazam|slp\n|\n|upkeep\n|turn|36\n|\n|t:|1781466211\n|cant|p2a: Alakazam|slp\n|move|p1a: Tauros|Body Slam|p2a: Alakazam\n|-damage|p2a: Alakazam|32/100 slp\n|\n|upkeep\n|turn|37\n|\n|t:|1781466216\n|cant|p2a: Alakazam|slp\n|move|p1a: Tauros|Body Slam|p2a: Alakazam\n|-damage|p2a: Alakazam|0 fnt\n|faint|p2a: Alakazam\n|\n|t:|1781466221\n|switch|p2a: Chansey|Chansey|84/100 par\n|turn|38\n|\n|t:|1781466227\n|switch|p1a: Hypno|Hypno|43/100 par\n|cant|p2a: Chansey|par\n|\n|upkeep\n|turn|39\n|\n|t:|1781466232\n|move|p1a: Hypno|Submission|p2a: Chansey\n|-supereffective|p2a: Chansey\n|-damage|p2a: Chansey|42/100 par\n|-damage|p1a: Hypno|23/100 par|[from] Recoil|[of] p2a: Chansey\n|move|p2a: Chansey|Soft-Boiled|p2a: Chansey\n|-heal|p2a: Chansey|92/100 par\n|\n|upkeep\n|turn|40\n|\n|t:|1781466236\n|move|p1a: Hypno|Submission|p2a: Chansey|[miss]\n|-miss|p1a: Hypno\n|cant|p2a: Chansey|par\n|\n|upkeep\n|turn|41\n|\n|t:|1781466239\n|cant|p1a: Hypno|par\n|move|p2a: Chansey|Soft-Boiled|p2a: Chansey\n|-heal|p2a: Chansey|100/100 par\n|\n|upkeep\n|turn|42\n|\n|t:|1781466248\n|move|p1a: Hypno|Submission|p2a: Chansey\n|-supereffective|p2a: Chansey\n|-damage|p2a: Chansey|63/100 par\n|-damage|p1a: Hypno|6/100 par|[from] Recoil|[of] p2a: Chansey\n|move|p2a: Chansey|Soft-Boiled|p2a: Chansey\n|-heal|p2a: Chansey|100/100 par\n|\n|upkeep\n|turn|43\n|\n|t:|1781466254\n|move|p1a: Hypno|Submission|p2a: Chansey\n|-supereffective|p2a: Chansey\n|-damage|p2a: Chansey|61/100 par\n|-damage|p1a: Hypno|0 fnt|[from] Recoil|[of] p2a: Chansey\n|faint|p1a: Hypno\n|\n|t:|1781466256\n|switch|p1a: Tauros|Tauros|100/100\n|turn|44\n|\n|t:|1781466260\n|move|p1a: Tauros|Hyper Beam|p2a: Chansey\n|-damage|p2a: Chansey|0 fnt\n|faint|p2a: Chansey\n|\n|t:|1781466262\n|switch|p2a: Tauros|Tauros|13/100\n|turn|45\n|\n|t:|1781466269\n|move|p1a: Tauros|Body Slam|p2a: Tauros\n|-damage|p2a: Tauros|0 fnt\n|faint|p2a: Tauros\n|\n|win|virae\n|c|☆TG2513|GG\n|c|☆virae|gg\n|player|p2|\n","uploadtime":1781466269,"views":"89","formatid":"gen1ou","rating":null,"private":0,"password":null}