{"id":"smogtours-gen1ou-958916","format":"[Gen 1] OU","players":["Deezcastforms","Isza"],"log":"|inactive|Battle timer is ON: inactive players will automatically lose when time's up.\n|t:|1785010379\n|gametype|singles\n|player|p1|Deezcastforms|#adpl8|\n|player|p2|Isza|#scl5foxes|\n|gen|1\n|tier|[Gen 1] OU\n|rule|Desync Clause Mod: Desyncs resolve to link battle behavior from the acting player's perspective.\n|rule|HP Percentage Mod: HP is shown in percentages\n|rule|Endless Battle Clause: Forcing endless battles is banned\n|rule|Sleep Clause Mod: Limit one foe put to sleep\n|rule|Freeze Clause Mod: Limit one foe frozen\n|rule|Species Clause: Limit one of each Pokémon\n|rule|OHKO Clause: OHKO moves are banned\n|rule|Evasion Moves Clause: Evasion moves are banned\n|\n|t:|1785010379\n|teamsize|p1|6\n|teamsize|p2|6\n|start\n|switch|p1a: Alakazam|Alakazam|100/100\n|switch|p2a: Jynx|Jynx|100/100\n|turn|1\n|c|☆Isza|Hf\n|c|☆Deezcastforms|u2\n|inactive|Isza disconnected and has 300 seconds to reconnect!\n|player|p2|\n|inactive|Isza reconnected.\n|player|p2|Isza|#scl5foxes|\n|inactive|Deezcastforms has 270 seconds left.\n|inactive|Deezcastforms has 240 seconds left.\n|\n|t:|1785010452\n|move|p1a: Alakazam|Thunder Wave|p2a: Jynx\n|-status|p2a: Jynx|par\n|move|p2a: Jynx|Lovely Kiss|p1a: Alakazam\n|-status|p1a: Alakazam|slp|[from] move: Lovely Kiss\n|\n|upkeep\n|turn|2\n|\n|t:|1785010459\n|switch|p1a: Chansey|Chansey|100/100\n|move|p2a: Jynx|Blizzard|p1a: Chansey\n|-damage|p1a: Chansey|81/100\n|\n|upkeep\n|turn|3\n|\n|t:|1785010463\n|move|p1a: Chansey|Thunderbolt|p2a: Jynx\n|-damage|p2a: Jynx|77/100 par\n|move|p2a: Jynx|Blizzard|p1a: Chansey\n|-crit|p1a: Chansey\n|-damage|p1a: Chansey|44/100\n|\n|upkeep\n|turn|4\n|\n|t:|1785010465\n|move|p1a: Chansey|Soft-Boiled|p1a: Chansey\n|-heal|p1a: Chansey|94/100\n|move|p2a: Jynx|Blizzard|p1a: Chansey\n|-crit|p1a: Chansey\n|-damage|p1a: Chansey|55/100\n|\n|upkeep\n|turn|5\n|\n|t:|1785010471\n|switch|p2a: Chansey|Chansey|100/100\n|move|p1a: Chansey|Soft-Boiled|p1a: Chansey\n|-heal|p1a: Chansey|100/100\n|\n|upkeep\n|turn|6\n|\n|t:|1785010486\n|move|p2a: Chansey|Thunder Wave|p1a: Chansey\n|-status|p1a: Chansey|par\n|move|p1a: Chansey|Thunder Wave|p2a: Chansey\n|-status|p2a: Chansey|par\n|\n|upkeep\n|turn|7\n|\n|t:|1785010492\n|switch|p1a: Snorlax|Snorlax|100/100\n|cant|p2a: Chansey|par\n|\n|upkeep\n|turn|8\n|\n|t:|1785010499\n|switch|p2a: Snorlax|Snorlax|100/100\n|move|p1a: Snorlax|Earthquake|p2a: Snorlax\n|-damage|p2a: Snorlax|80/100\n|\n|upkeep\n|turn|9\n|\n|t:|1785010501\n|move|p2a: Snorlax|Body Slam|p1a: Snorlax\n|-damage|p1a: Snorlax|73/100\n|move|p1a: Snorlax|Reflect|p1a: Snorlax\n|-start|p1a: Snorlax|Reflect\n|\n|upkeep\n|turn|10\n|\n|t:|1785010506\n|move|p2a: Snorlax|Reflect|p2a: Snorlax\n|-start|p2a: Snorlax|Reflect\n|move|p1a: Snorlax|Body Slam|p2a: Snorlax\n|-damage|p2a: Snorlax|66/100\n|\n|upkeep\n|turn|11\n|\n|t:|1785010509\n|move|p1a: Snorlax|Body Slam|p2a: Snorlax\n|-crit|p2a: Snorlax\n|-damage|p2a: Snorlax|17/100\n|move|p2a: Snorlax|Body Slam|p1a: Snorlax\n|-damage|p1a: Snorlax|59/100\n|\n|upkeep\n|turn|12\n|\n|t:|1785010519\n|switch|p1a: Exeggutor|Exeggutor|100/100\n|move|p2a: Snorlax|Rest|p2a: Snorlax\n|-status|p2a: Snorlax|slp|[from] move: Rest\n|-heal|p2a: Snorlax|100/100 slp|[silent]\n|\n|upkeep\n|turn|13\n|\n|t:|1785010523\n|move|p1a: Exeggutor|Psychic|p2a: Snorlax\n|-damage|p2a: Snorlax|68/100 slp\n|cant|p2a: Snorlax|slp\n|\n|upkeep\n|turn|14\n|\n|t:|1785010525\n|switch|p2a: Chansey|Chansey|100/100 par\n|move|p1a: Exeggutor|Psychic|p2a: Chansey\n|-damage|p2a: Chansey|82/100 par\n|\n|upkeep\n|turn|15\n|\n|t:|1785010531\n|switch|p1a: Snorlax|Snorlax|59/100\n|move|p2a: Chansey|Thunder Wave|p1a: Snorlax\n|-status|p1a: Snorlax|par\n|\n|upkeep\n|turn|16\n|\n|t:|1785010540\n|switch|p2a: Snorlax|Snorlax|68/100 slp\n|cant|p1a: Snorlax|par\n|\n|upkeep\n|turn|17\n|\n|t:|1785010543\n|switch|p1a: Exeggutor|Exeggutor|100/100\n|-curestatus|p2a: Snorlax|slp|[msg]\n|\n|upkeep\n|turn|18\n|\n|t:|1785010547\n|switch|p2a: Chansey|Chansey|82/100 par\n|move|p1a: Exeggutor|Psychic|p2a: Chansey\n|-damage|p2a: Chansey|65/100 par\n|\n|upkeep\n|turn|19\n|\n|t:|1785010553\n|switch|p1a: Snorlax|Snorlax|59/100 par\n|move|p2a: Chansey|Soft-Boiled|p2a: Chansey\n|-heal|p2a: Chansey|100/100 par\n|\n|upkeep\n|turn|20\n|\n|t:|1785010557\n|switch|p2a: Snorlax|Snorlax|68/100\n|move|p1a: Snorlax|Reflect|p1a: Snorlax\n|-start|p1a: Snorlax|Reflect\n|\n|upkeep\n|turn|21\n|\n|t:|1785010561\n|move|p2a: Snorlax|Reflect|p2a: Snorlax\n|-start|p2a: Snorlax|Reflect\n|cant|p1a: Snorlax|par\n|\n|upkeep\n|turn|22\n|\n|t:|1785010565\n|switch|p2a: Zapdos|Zapdos|100/100\n|move|p1a: Snorlax|Rest|p1a: Snorlax\n|-status|p1a: Snorlax|slp|[from] move: Rest\n|-heal|p1a: Snorlax|100/100 slp|[silent]\n|\n|upkeep\n|turn|23\n|\n|t:|1785010570\n|move|p2a: Zapdos|Drill Peck|p1a: Snorlax\n|-damage|p1a: Snorlax|89/100 slp\n|cant|p1a: Snorlax|slp\n|\n|upkeep\n|turn|24\n|\n|t:|1785010580\n|move|p2a: Zapdos|Thunderbolt|p1a: Snorlax\n|-damage|p1a: Snorlax|58/100 slp\n|-curestatus|p1a: Snorlax|slp|[msg]\n|\n|upkeep\n|turn|25\n|inactive|Deezcastforms has 270 seconds left.\n|\n|t:|1785010612\n|move|p2a: Zapdos|Thunderbolt|p1a: Snorlax\n|-damage|p1a: Snorlax|24/100\n|move|p1a: Snorlax|Body Slam|p2a: Zapdos\n|-damage|p2a: Zapdos|71/100\n|\n|upkeep\n|turn|26\n|\n|t:|1785010620\n|switch|p1a: Chansey|Chansey|100/100 par\n|move|p2a: Zapdos|Thunderbolt|p1a: Chansey\n|-damage|p1a: Chansey|83/100 par\n|\n|upkeep\n|turn|27\n|\n|t:|1785010631\n|switch|p2a: Snorlax|Snorlax|68/100\n|move|p1a: Chansey|Thunder Wave|p2a: Snorlax\n|-status|p2a: Snorlax|par\n|\n|upkeep\n|turn|28\n|\n|t:|1785010637\n|switch|p1a: Exeggutor|Exeggutor|100/100\n|move|p2a: Snorlax|Body Slam|p1a: Exeggutor\n|-damage|p1a: Exeggutor|70/100\n|\n|upkeep\n|turn|29\n|\n|t:|1785010647\n|switch|p2a: Jynx|Jynx|77/100 par\n|move|p1a: Exeggutor|Psychic|p2a: Jynx\n|-resisted|p2a: Jynx\n|-damage|p2a: Jynx|58/100 par\n|-unboost|p2a: Jynx|spa|1\n|-unboost|p2a: Jynx|spd|1\n|\n|upkeep\n|turn|30\n|\n|t:|1785010652\n|move|p1a: Exeggutor|Hyper Beam|p2a: Jynx\n|-crit|p2a: Jynx\n|-damage|p2a: Jynx|0 fnt\n|faint|p2a: Jynx\n|\n|t:|1785010655\n|switch|p2a: Chansey|Chansey|100/100 par\n|turn|31\n|inactive|Deezcastforms has 270 seconds left.\n|inactive|Deezcastforms has 240 seconds left.\n|inactive|Deezcastforms has 210 seconds left.\n|\n|t:|1785010746\n|move|p1a: Exeggutor|Explosion|p2a: Chansey\n|-damage|p2a: Chansey|0 fnt\n|faint|p2a: Chansey\n|faint|p1a: Exeggutor\n|inactive|Deezcastforms has 210 seconds left.\n|inactive|Deezcastforms has 180 seconds left.\n|\n|t:|1785010793\n|switch|p1a: Chansey|Chansey|83/100 par\n|switch|p2a: Zapdos|Zapdos|71/100\n|turn|32\n|\n|t:|1785010815\n|switch|p2a: Snorlax|Snorlax|68/100 par\n|cant|p1a: Chansey|par\n|\n|upkeep\n|turn|33\n|inactive|Deezcastforms has 150 seconds left.\n|\n|t:|1785010837\n|move|p1a: Chansey|Ice Beam|p2a: Snorlax\n|-damage|p2a: Snorlax|48/100 par\n|move|p2a: Snorlax|Body Slam|p1a: Chansey\n|-damage|p1a: Chansey|40/100 par\n|\n|upkeep\n|turn|34\n|\n|t:|1785010842\n|cant|p1a: Chansey|par\n|move|p2a: Snorlax|Body Slam|p1a: Chansey\n|-damage|p1a: Chansey|1/100 par\n|\n|upkeep\n|turn|35\n|\n|t:|1785010853\n|move|p1a: Chansey|Soft-Boiled|p1a: Chansey\n|-heal|p1a: Chansey|51/100 par\n|move|p2a: Snorlax|Body Slam|p1a: Chansey\n|-damage|p1a: Chansey|7/100 par\n|\n|upkeep\n|turn|36\n|\n|t:|1785010863\n|cant|p1a: Chansey|par\n|cant|p2a: Snorlax|par\n|\n|upkeep\n|turn|37\n|\n|t:|1785010865\n|move|p1a: Chansey|Soft-Boiled|p1a: Chansey\n|-heal|p1a: Chansey|57/100 par\n|move|p2a: Snorlax|Body Slam|p1a: Chansey\n|-damage|p1a: Chansey|15/100 par\n|\n|upkeep\n|turn|38\n|\n|t:|1785010870\n|move|p1a: Chansey|Soft-Boiled|p1a: Chansey\n|-heal|p1a: Chansey|65/100 par\n|move|p2a: Snorlax|Body Slam|p1a: Chansey\n|-damage|p1a: Chansey|24/100 par\n|\n|upkeep\n|turn|39\n|\n|t:|1785010873\n|move|p1a: Chansey|Soft-Boiled|p1a: Chansey\n|-heal|p1a: Chansey|74/100 par\n|move|p2a: Snorlax|Body Slam|p1a: Chansey\n|-damage|p1a: Chansey|32/100 par\n|\n|upkeep\n|turn|40\n|\n|t:|1785010877\n|move|p1a: Chansey|Soft-Boiled|p1a: Chansey\n|-heal|p1a: Chansey|82/100 par\n|move|p2a: Snorlax|Body Slam|p1a: Chansey\n|-damage|p1a: Chansey|39/100 par\n|\n|upkeep\n|turn|41\n|\n|t:|1785010880\n|move|p1a: Chansey|Soft-Boiled|p1a: Chansey\n|-heal|p1a: Chansey|89/100 par\n|move|p2a: Snorlax|Body Slam|p1a: Chansey\n|-damage|p1a: Chansey|49/100 par\n|\n|upkeep\n|turn|42\n|\n|t:|1785010885\n|move|p1a: Chansey|Soft-Boiled|p1a: Chansey\n|-heal|p1a: Chansey|99/100 par\n|move|p2a: Snorlax|Body Slam|p1a: Chansey\n|-damage|p1a: Chansey|58/100 par\n|\n|upkeep\n|turn|43\n|\n|t:|1785010898\n|move|p1a: Chansey|Ice Beam|p2a: Snorlax\n|-damage|p2a: Snorlax|30/100 par\n|move|p2a: Snorlax|Body Slam|p1a: Chansey\n|-damage|p1a: Chansey|19/100 par\n|\n|upkeep\n|turn|44\n|\n|t:|1785010913\n|move|p1a: Chansey|Ice Beam|p2a: Snorlax\n|-crit|p2a: Snorlax\n|-damage|p2a: Snorlax|0 fnt\n|faint|p2a: Snorlax\n|\n|t:|1785010926\n|switch|p2a: Tauros|Tauros|100/100\n|turn|45\n|\n|t:|1785010944\n|move|p2a: Tauros|Body Slam|p1a: Chansey\n|-damage|p1a: Chansey|0 fnt\n|faint|p1a: Chansey\n|inactive|Deezcastforms has 210 seconds left.\n|\n|t:|1785010970\n|switch|p1a: Tauros|Tauros|100/100\n|turn|46\n|\n|t:|1785010972\n|move|p1a: Tauros|Body Slam|p2a: Tauros\n|-damage|p2a: Tauros|72/100\n|move|p2a: Tauros|Body Slam|p1a: Tauros\n|-damage|p1a: Tauros|70/100\n|\n|upkeep\n|turn|47\n|\n|t:|1785010975\n|move|p1a: Tauros|Body Slam|p2a: Tauros\n|-crit|p2a: Tauros\n|-damage|p2a: Tauros|17/100\n|move|p2a: Tauros|Body Slam|p1a: Tauros\n|-crit|p1a: Tauros\n|-damage|p1a: Tauros|11/100\n|\n|upkeep\n|turn|48\n|\n|t:|1785010987\n|move|p2a: Tauros|Body Slam|p1a: Tauros\n|-damage|p1a: Tauros|0 fnt\n|faint|p1a: Tauros\n|\n|t:|1785010990\n|switch|p1a: Zapdos|Zapdos|100/100\n|turn|49\n|\n|t:|1785010996\n|move|p2a: Tauros|Hyper Beam|p1a: Zapdos\n|-damage|p1a: Zapdos|46/100\n|-mustrecharge|p2a: Tauros\n|move|p1a: Zapdos|Agility|p1a: Zapdos\n|-boost|p1a: Zapdos|spe|2\n|\n|upkeep\n|turn|50\n|\n|t:|1785011001\n|move|p1a: Zapdos|Thunderbolt|p2a: Tauros\n|-crit|p2a: Tauros\n|-damage|p2a: Tauros|0 fnt\n|faint|p2a: Tauros\n|\n|t:|1785011012\n|switch|p2a: Zapdos|Zapdos|71/100\n|turn|51\n|\n|t:|1785011030\n|move|p1a: Zapdos|Thunder Wave|p2a: Zapdos\n|-status|p2a: Zapdos|par\n|move|p2a: Zapdos|Thunder Wave|p1a: Zapdos\n|-status|p1a: Zapdos|par\n|\n|upkeep\n|turn|52\n|\n|t:|1785011035\n|switch|p2a: Exeggutor|Exeggutor|100/100\n|move|p1a: Zapdos|Thunderbolt|p2a: Exeggutor\n|-resisted|p2a: Exeggutor\n|-damage|p2a: Exeggutor|86/100\n|\n|upkeep\n|turn|53\n|\n|t:|1785011058\n|switch|p2a: Zapdos|Zapdos|71/100 par\n|cant|p1a: Zapdos|par\n|\n|upkeep\n|turn|54\n|inactive|Deezcastforms has 240 seconds left.\n|\n|t:|1785011074\n|move|p1a: Zapdos|Thunderbolt|p2a: Zapdos\n|-damage|p2a: Zapdos|41/100 par\n|move|p2a: Zapdos|Thunderbolt|p1a: Zapdos\n|-damage|p1a: Zapdos|18/100 par\n|\n|upkeep\n|turn|55\n|inactive|Deezcastforms has 240 seconds left.\n|\n|t:|1785011088\n|move|p1a: Zapdos|Thunderbolt|p2a: Zapdos\n|-crit|p2a: Zapdos\n|-damage|p2a: Zapdos|0 fnt\n|faint|p2a: Zapdos\n|c|☆Isza|Bro\n|\n|t:|1785011093\n|switch|p2a: Exeggutor|Exeggutor|86/100\n|turn|56\n|inactive|Deezcastforms has 240 seconds left.\n|\n|t:|1785011134\n|move|p2a: Exeggutor|Psychic|p1a: Zapdos\n|-damage|p1a: Zapdos|0 fnt\n|faint|p1a: Zapdos\n|\n|t:|1785011138\n|switch|p1a: Alakazam|Alakazam|100/100 slp\n|turn|57\n|\n|t:|1785011141\n|cant|p1a: Alakazam|slp\n|move|p2a: Exeggutor|Psychic|p1a: Alakazam\n|-resisted|p1a: Alakazam\n|-damage|p1a: Alakazam|85/100 slp\n|\n|upkeep\n|turn|58\n|\n|t:|1785011145\n|-curestatus|p1a: Alakazam|slp|[msg]\n|move|p2a: Exeggutor|Psychic|p1a: Alakazam\n|-resisted|p1a: Alakazam\n|-damage|p1a: Alakazam|70/100\n|\n|upkeep\n|turn|59\n|\n|t:|1785011149\n|move|p1a: Alakazam|Thunder Wave|p2a: Exeggutor\n|-status|p2a: Exeggutor|par\n|cant|p2a: Exeggutor|par\n|\n|upkeep\n|turn|60\n|\n|t:|1785011156\n|move|p1a: Alakazam|Seismic Toss|p2a: Exeggutor\n|-damage|p2a: Exeggutor|60/100 par\n|move|p2a: Exeggutor|Sleep Powder|p1a: Alakazam|[miss]\n|-miss|p2a: Exeggutor\n|\n|upkeep\n|turn|61\n|\n|t:|1785011160\n|move|p1a: Alakazam|Seismic Toss|p2a: Exeggutor\n|-damage|p2a: Exeggutor|35/100 par\n|move|p2a: Exeggutor|Sleep Powder|p1a: Alakazam|[miss]\n|-miss|p2a: Exeggutor\n|\n|upkeep\n|turn|62\n|-message|Isza forfeited.\n|\n|win|Deezcastforms\n|player|p1|\n|player|p2|\n","uploadtime":1785011161,"views":"105","formatid":"gen1ou","rating":null,"private":0,"password":null}