{"id":"smogtours-gen1ou-959914","format":"[Gen 1] OU","players":["Unowndragon","Ulti Bastion"],"log":"|inactive|Battle timer is ON: inactive players will automatically lose when time's up.\n|t:|1785248444\n|gametype|singles\n|player|p1|Unowndragon|#uplximelmetal|\n|player|p2|Ulti Bastion|#rbyplvisaffronhaymakers|\n|gen|1\n|tier|[Gen 1] OU\n|rule|Desync Clause Mod: Desyncs resolve to link battle behavior from the acting player's perspective.\n|rule|HP Percentage Mod: HP is shown in percentages\n|rule|Endless Battle Clause: Forcing endless battles is banned\n|rule|Sleep Clause Mod: Limit one foe put to sleep\n|rule|Freeze Clause Mod: Limit one foe frozen\n|rule|Species Clause: Limit one of each Pokémon\n|rule|OHKO Clause: OHKO moves are banned\n|rule|Evasion Moves Clause: Evasion moves are banned\n|\n|t:|1785248444\n|teamsize|p1|6\n|teamsize|p2|6\n|start\n|switch|p1a: Zapdos|Zapdos|100/100\n|switch|p2a: Mistery|Starmie|100/100\n|turn|1\n|\n|t:|1785248460\n|switch|p2a: A Padeira|Chansey|100/100\n|switch|p1a: Exeggutor|Exeggutor|100/100\n|\n|upkeep\n|turn|2\n|c|☆Ulti Bastion|Hf\n|c|☆Unowndragon|u2\n|\n|t:|1785248473\n|move|p1a: Exeggutor|Sleep Powder|p2a: A Padeira|[miss]\n|-miss|p1a: Exeggutor\n|move|p2a: A Padeira|Thunder Wave|p1a: Exeggutor\n|-status|p1a: Exeggutor|par\n|\n|upkeep\n|turn|3\n|\n|t:|1785248479\n|move|p2a: A Padeira|Seismic Toss|p1a: Exeggutor\n|-damage|p1a: Exeggutor|75/100 par\n|move|p1a: Exeggutor|Sleep Powder|p2a: A Padeira\n|-status|p2a: A Padeira|slp|[from] move: Sleep Powder\n|\n|upkeep\n|turn|4\n|\n|t:|1785248487\n|switch|p1a: Zapdos|Zapdos|100/100\n|cant|p2a: A Padeira|slp\n|\n|upkeep\n|turn|5\n|\n|t:|1785248490\n|switch|p2a: The Bronco|Rhydon|100/100\n|move|p1a: Zapdos|Drill Peck|p2a: The Bronco\n|-resisted|p2a: The Bronco\n|-damage|p2a: The Bronco|91/100\n|\n|upkeep\n|turn|6\n|\n|t:|1785248498\n|switch|p1a: Exeggutor|Exeggutor|75/100 par\n|move|p2a: The Bronco|Rock Slide|p1a: Exeggutor\n|-damage|p1a: Exeggutor|47/100 par\n|\n|upkeep\n|turn|7\n|\n|t:|1785248516\n|switch|p2a: A Padeira|Chansey|100/100 slp\n|move|p1a: Exeggutor|Stun Spore|p2a: A Padeira\n|-fail|p2a: A Padeira\n|\n|upkeep\n|turn|8\n|\n|t:|1785248538\n|switch|p2a: Green Illusionist|Exeggutor|100/100\n|switch|p1a: Snorlax|Snorlax|100/100\n|\n|upkeep\n|turn|9\n|\n|t:|1785248550\n|switch|p1a: Exeggutor|Exeggutor|47/100 par\n|move|p2a: Green Illusionist|Psychic|p1a: Exeggutor\n|-resisted|p1a: Exeggutor\n|-damage|p1a: Exeggutor|35/100 par\n|-unboost|p1a: Exeggutor|spa|1\n|-unboost|p1a: Exeggutor|spd|1\n|\n|upkeep\n|turn|10\n|inactive|Ulti Bastion has 270 seconds left.\n|\n|t:|1785248571\n|move|p2a: Green Illusionist|Psychic|p1a: Exeggutor\n|-resisted|p1a: Exeggutor\n|-damage|p1a: Exeggutor|16/100 par\n|-unboost|p1a: Exeggutor|spa|1\n|-unboost|p1a: Exeggutor|spd|1\n|move|p1a: Exeggutor|Explosion|p2a: Green Illusionist\n|-damage|p2a: Green Illusionist|26/100\n|faint|p1a: Exeggutor\n|\n|t:|1785248576\n|switch|p1a: Zapdos|Zapdos|100/100\n|turn|11\n|\n|t:|1785248590\n|switch|p1a: Articuno|Articuno|100/100\n|switch|p2a: The Bronco|Rhydon|91/100\n|\n|upkeep\n|turn|12\n|\n|t:|1785248594\n|switch|p2a: Mistery|Starmie|100/100\n|move|p1a: Articuno|Ice Beam|p2a: Mistery\n|-crit|p2a: Mistery\n|-resisted|p2a: Mistery\n|-damage|p2a: Mistery|61/100\n|\n|upkeep\n|turn|13\n|\n|t:|1785248606\n|switch|p1a: Chansey|Chansey|100/100\n|move|p2a: Mistery|Recover|p2a: Mistery\n|-heal|p2a: Mistery|100/100\n|\n|upkeep\n|turn|14\n|\n|t:|1785248610\n|switch|p2a: A Padeira|Chansey|100/100 slp\n|move|p1a: Chansey|Ice Beam|p2a: A Padeira\n|-damage|p2a: A Padeira|91/100 slp\n|\n|upkeep\n|turn|15\n|\n|t:|1785248617\n|move|p1a: Chansey|Ice Beam|p2a: A Padeira\n|-damage|p2a: A Padeira|80/100 slp\n|-curestatus|p2a: A Padeira|slp|[msg]\n|\n|upkeep\n|turn|16\n|\n|t:|1785248623\n|move|p1a: Chansey|Ice Beam|p2a: A Padeira\n|-damage|p2a: A Padeira|68/100\n|move|p2a: A Padeira|Sing|p1a: Chansey|[miss]\n|-miss|p2a: A Padeira\n|\n|upkeep\n|turn|17\n|\n|t:|1785248628\n|move|p1a: Chansey|Thunder Wave|p2a: A Padeira\n|-status|p2a: A Padeira|par\n|move|p2a: A Padeira|Sing|p1a: Chansey|[miss]\n|-miss|p2a: A Padeira\n|\n|upkeep\n|turn|18\n|\n|t:|1785248637\n|switch|p1a: Snorlax|Snorlax|100/100\n|move|p2a: A Padeira|Sing|p1a: Snorlax\n|-status|p1a: Snorlax|slp|[from] move: Sing\n|\n|upkeep\n|turn|19\n|\n|t:|1785248663\n|switch|p1a: Chansey|Chansey|100/100\n|switch|p2a: Green Illusionist|Exeggutor|26/100\n|\n|upkeep\n|turn|20\n|\n|t:|1785248676\n|switch|p2a: A Padeira|Chansey|68/100 par\n|switch|p1a: Snorlax|Snorlax|100/100 slp\n|\n|upkeep\n|turn|21\n|inactive|Ulti Bastion has 270 seconds left.\n|\n|t:|1785248701\n|switch|p2a: Almighty Bull|Tauros|100/100\n|-curestatus|p1a: Snorlax|slp|[msg]\n|\n|upkeep\n|turn|22\n|\n|t:|1785248706\n|switch|p2a: THE COLUSSUS|Snorlax|100/100\n|move|p1a: Snorlax|Body Slam|p2a: THE COLUSSUS\n|-damage|p2a: THE COLUSSUS|72/100\n|\n|upkeep\n|turn|23\n|\n|t:|1785248709\n|move|p1a: Snorlax|Reflect|p1a: Snorlax\n|-start|p1a: Snorlax|Reflect\n|move|p2a: THE COLUSSUS|Reflect|p2a: THE COLUSSUS\n|-start|p2a: THE COLUSSUS|Reflect\n|\n|upkeep\n|turn|24\n|\n|t:|1785248712\n|move|p2a: THE COLUSSUS|Body Slam|p1a: Snorlax\n|-damage|p1a: Snorlax|87/100\n|move|p1a: Snorlax|Body Slam|p2a: THE COLUSSUS\n|-damage|p2a: THE COLUSSUS|58/100\n|\n|upkeep\n|turn|25\n|\n|t:|1785248720\n|move|p2a: THE COLUSSUS|Rest|p2a: THE COLUSSUS\n|-status|p2a: THE COLUSSUS|slp|[from] move: Rest\n|-heal|p2a: THE COLUSSUS|100/100 slp|[silent]\n|move|p1a: Snorlax|Body Slam|p2a: THE COLUSSUS\n|-damage|p2a: THE COLUSSUS|87/100 slp\n|\n|upkeep\n|turn|26\n|\n|t:|1785248727\n|switch|p1a: Articuno|Articuno|100/100\n|cant|p2a: THE COLUSSUS|slp\n|\n|upkeep\n|turn|27\n|\n|t:|1785248734\n|switch|p2a: A Padeira|Chansey|68/100 par\n|move|p1a: Articuno|Blizzard|p2a: A Padeira\n|-damage|p2a: A Padeira|46/100 par\n|\n|upkeep\n|turn|28\n|\n|t:|1785248744\n|switch|p1a: Snorlax|Snorlax|87/100\n|switch|p2a: Mistery|Starmie|100/100\n|\n|upkeep\n|turn|29\n|\n|t:|1785248751\n|switch|p1a: Chansey|Chansey|100/100\n|move|p2a: Mistery|Thunder Wave|p1a: Chansey\n|-status|p1a: Chansey|par\n|\n|upkeep\n|turn|30\n|\n|t:|1785248764\n|switch|p2a: THE COLUSSUS|Snorlax|87/100 slp\n|switch|p1a: Snorlax|Snorlax|87/100\n|\n|upkeep\n|turn|31\n|\n|t:|1785248767\n|-curestatus|p2a: THE COLUSSUS|slp|[msg]\n|move|p1a: Snorlax|Body Slam|p2a: THE COLUSSUS\n|-damage|p2a: THE COLUSSUS|61/100\n|\n|upkeep\n|turn|32\n|\n|t:|1785248774\n|switch|p1a: Articuno|Articuno|100/100\n|move|p2a: THE COLUSSUS|Reflect|p2a: THE COLUSSUS\n|-start|p2a: THE COLUSSUS|Reflect\n|\n|upkeep\n|turn|33\n|\n|t:|1785248782\n|switch|p2a: Mistery|Starmie|100/100\n|move|p1a: Articuno|Ice Beam|p2a: Mistery\n|-resisted|p2a: Mistery\n|-damage|p2a: Mistery|79/100\n|\n|upkeep\n|turn|34\n|\n|t:|1785248797\n|move|p2a: Mistery|Thunderbolt|p1a: Articuno\n|-crit|p1a: Articuno\n|-supereffective|p1a: Articuno\n|-damage|p1a: Articuno|31/100\n|move|p1a: Articuno|Ice Beam|p2a: Mistery\n|-resisted|p2a: Mistery\n|-damage|p2a: Mistery|60/100\n|\n|upkeep\n|turn|35\n|\n|t:|1785248807\n|switch|p1a: Chansey|Chansey|100/100 par\n|move|p2a: Mistery|Recover|p2a: Mistery\n|-heal|p2a: Mistery|100/100\n|\n|upkeep\n|turn|36\n|\n|t:|1785248820\n|switch|p2a: A Padeira|Chansey|46/100 par\n|switch|p1a: Articuno|Articuno|31/100\n|\n|upkeep\n|turn|37\n|inactive|Ulti Bastion has 270 seconds left.\n|\n|t:|1785248869\n|switch|p1a: Snorlax|Snorlax|87/100\n|cant|p2a: A Padeira|par\n|\n|upkeep\n|turn|38\n|inactive|Ulti Bastion has 240 seconds left.\n|\n|t:|1785248898\n|switch|p2a: The Bronco|Rhydon|91/100\n|move|p1a: Snorlax|Body Slam|p2a: The Bronco\n|-resisted|p2a: The Bronco\n|-damage|p2a: The Bronco|79/100\n|\n|upkeep\n|turn|39\n|\n|t:|1785248907\n|move|p2a: The Bronco|Rock Slide|p1a: Snorlax\n|-damage|p1a: Snorlax|59/100\n|move|p1a: Snorlax|Reflect|p1a: Snorlax\n|-start|p1a: Snorlax|Reflect\n|\n|upkeep\n|turn|40\n|\n|t:|1785248914\n|move|p2a: The Bronco|Earthquake|p1a: Snorlax\n|-crit|p1a: Snorlax\n|-damage|p1a: Snorlax|0 fnt\n|faint|p1a: Snorlax\n|\n|t:|1785248919\n|switch|p1a: Articuno|Articuno|31/100\n|turn|41\n|\n|t:|1785248943\n|switch|p2a: A Padeira|Chansey|46/100 par\n|move|p1a: Articuno|Ice Beam|p2a: A Padeira\n|-damage|p2a: A Padeira|27/100 par\n|\n|upkeep\n|turn|42\n|\n|t:|1785248957\n|switch|p2a: Mistery|Starmie|100/100\n|move|p1a: Articuno|Hyper Beam|p2a: Mistery\n|-damage|p2a: Mistery|63/100\n|-mustrecharge|p1a: Articuno\n|\n|upkeep\n|turn|43\n|\n|t:|1785248963\n|move|p2a: Mistery|Thunderbolt|p1a: Articuno\n|-supereffective|p1a: Articuno\n|-damage|p1a: Articuno|0 fnt\n|faint|p1a: Articuno\n|\n|t:|1785248968\n|switch|p1a: Chansey|Chansey|100/100 par\n|turn|44\n|\n|t:|1785248974\n|switch|p2a: A Padeira|Chansey|27/100 par\n|cant|p1a: Chansey|par\n|\n|upkeep\n|turn|45\n|\n|t:|1785248994\n|switch|p1a: Tauros|Tauros|100/100\n|move|p2a: A Padeira|Thunder Wave|p1a: Tauros\n|-status|p1a: Tauros|par\n|\n|upkeep\n|turn|46\n|inactive|Ulti Bastion has 240 seconds left.\n|inactive|Ulti Bastion has 210 seconds left.\n|\n|t:|1785249054\n|cant|p1a: Tauros|par\n|move|p2a: A Padeira|Seismic Toss|p1a: Tauros\n|-damage|p1a: Tauros|72/100 par\n|\n|upkeep\n|turn|47\n|\n|t:|1785249060\n|move|p1a: Tauros|Earthquake|p2a: A Padeira\n|-damage|p2a: A Padeira|0 fnt\n|faint|p2a: A Padeira\n|\n|t:|1785249063\n|switch|p2a: Green Illusionist|Exeggutor|26/100\n|turn|48\n|\n|t:|1785249071\n|switch|p1a: Zapdos|Zapdos|100/100\n|move|p2a: Green Illusionist|Psychic|p1a: Zapdos|[miss]\n|-miss|p2a: Green Illusionist\n|-hint|In Gen 1, moves with 100% accuracy can still miss 1/256 of the time.\n|\n|upkeep\n|turn|49\n|\n|t:|1785249076\n|switch|p2a: The Bronco|Rhydon|79/100\n|move|p1a: Zapdos|Drill Peck|p2a: The Bronco\n|-crit|p2a: The Bronco\n|-resisted|p2a: The Bronco\n|-damage|p2a: The Bronco|62/100\n|\n|upkeep\n|turn|50\n|inactive|Ulti Bastion has 240 seconds left.\n|\n|t:|1785249083\n|move|p1a: Zapdos|Drill Peck|p2a: The Bronco\n|-crit|p2a: The Bronco\n|-resisted|p2a: The Bronco\n|-damage|p2a: The Bronco|45/100\n|move|p2a: The Bronco|Earthquake|p1a: Zapdos\n|-immune|p1a: Zapdos\n|\n|upkeep\n|turn|51\n|\n|t:|1785249088\n|move|p1a: Zapdos|Drill Peck|p2a: The Bronco\n|-resisted|p2a: The Bronco\n|-damage|p2a: The Bronco|36/100\n|move|p2a: The Bronco|Rock Slide|p1a: Zapdos\n|-supereffective|p1a: Zapdos\n|-damage|p1a: Zapdos|41/100\n|\n|upkeep\n|turn|52\n|\n|t:|1785249108\n|move|p1a: Zapdos|Drill Peck|p2a: The Bronco\n|-crit|p2a: The Bronco\n|-resisted|p2a: The Bronco\n|-damage|p2a: The Bronco|18/100\n|move|p2a: The Bronco|Substitute|p2a: The Bronco\n|-fail|p2a: The Bronco|move: Substitute|[weak]\n|\n|upkeep\n|turn|53\n|\n|t:|1785249114\n|move|p1a: Zapdos|Drill Peck|p2a: The Bronco\n|-resisted|p2a: The Bronco\n|-damage|p2a: The Bronco|8/100\n|move|p2a: The Bronco|Rock Slide|p1a: Zapdos\n|-supereffective|p1a: Zapdos\n|-damage|p1a: Zapdos|0 fnt\n|faint|p1a: Zapdos\n|\n|t:|1785249122\n|switch|p1a: Tauros|Tauros|72/100 par\n|turn|54\n|\n|t:|1785249129\n|move|p2a: The Bronco|Earthquake|p1a: Tauros\n|-crit|p1a: Tauros\n|-damage|p1a: Tauros|0 fnt\n|faint|p1a: Tauros\n|\n|t:|1785249133\n|switch|p1a: Chansey|Chansey|100/100 par\n|turn|55\n|\n|t:|1785249135\n|move|p2a: The Bronco|Earthquake|p1a: Chansey\n|-crit|p1a: Chansey\n|-damage|p1a: Chansey|0 fnt\n|faint|p1a: Chansey\n|\n|win|Ulti Bastion\n|c|☆Ulti Bastion|\"ggs\"\n|c|☆Unowndragon|g.g\n|player|p1|\n","uploadtime":1785249135,"views":"62","formatid":"gen1ou","rating":null,"private":0,"password":null}