{"id":"smogtours-gen1ou-946364","format":"[Gen 1] OU","players":["Blue Cl0yster","fighting demons"],"log":"|inactive|Battle timer is ON: inactive players will automatically lose when time's up.\n|t:|1781388441\n|gametype|singles\n|player|p1|Blue Cl0yster|hilbert|\n|player|p2|fighting demons|giovanni-lgpe|\n|gen|1\n|tier|[Gen 1] OU\n|rule|Desync Clause Mod: Desyncs changed to move failure.\n|rule|HP Percentage Mod: HP is shown in percentages\n|rule|Endless Battle Clause: Forcing endless battles is banned\n|rule|Sleep Clause Mod: Limit one foe put to sleep\n|rule|Freeze Clause Mod: Limit one foe frozen\n|rule|Species Clause: Limit one of each Pokémon\n|rule|OHKO Clause: OHKO moves are banned\n|rule|Evasion Moves Clause: Evasion moves are banned\n|\n|t:|1781388441\n|teamsize|p1|6\n|teamsize|p2|6\n|start\n|switch|p1a: Jolteon|Jolteon|100/100\n|switch|p2a: Jynx|Jynx|100/100\n|turn|1\n|c|☆fighting demons|hf\n|c|☆Blue Cl0yster|u2\n|\n|t:|1781388458\n|move|p1a: Jolteon|Thunder Wave|p2a: Jynx\n|-status|p2a: Jynx|par\n|cant|p2a: Jynx|par\n|\n|upkeep\n|turn|2\n|\n|t:|1781388464\n|move|p1a: Jolteon|Thunderbolt|p2a: Jynx\n|-damage|p2a: Jynx|64/100 par\n|move|p2a: Jynx|Lovely Kiss|p1a: Jolteon|[miss]\n|-miss|p2a: Jynx\n|\n|upkeep\n|turn|3\n|\n|t:|1781388469\n|switch|p2a: Exeggutor|Exeggutor|100/100\n|move|p1a: Jolteon|Thunderbolt|p2a: Exeggutor\n|-resisted|p2a: Exeggutor\n|-damage|p2a: Exeggutor|87/100\n|\n|upkeep\n|turn|4\n|inactive|Blue Cl0yster has 270 seconds left.\n|inactive|Blue Cl0yster has 240 seconds left.\n|\n|t:|1781388558\n|move|p1a: Jolteon|Thunder Wave|p2a: Exeggutor\n|-status|p2a: Exeggutor|par\n|move|p2a: Exeggutor|Sleep Powder|p1a: Jolteon\n|-status|p1a: Jolteon|slp|[from] move: Sleep Powder\n|\n|upkeep\n|turn|5\n|\n|t:|1781388570\n|switch|p1a: Lapras|Lapras|100/100\n|move|p2a: Exeggutor|Psychic|p1a: Lapras\n|-damage|p1a: Lapras|71/100\n|-unboost|p1a: Lapras|spa|1\n|-unboost|p1a: Lapras|spd|1\n|\n|upkeep\n|turn|6\n|\n|t:|1781388592\n|switch|p2a: Starmie|Starmie|100/100\n|move|p1a: Lapras|Blizzard|p2a: Starmie\n|-resisted|p2a: Starmie\n|-damage|p2a: Starmie|86/100\n|\n|upkeep\n|turn|7\n|\n|t:|1781388600\n|switch|p1a: Chansey|Chansey|100/100\n|move|p2a: Starmie|Thunder Wave|p1a: Chansey\n|-status|p1a: Chansey|par\n|\n|upkeep\n|turn|8\n|inactive|fighting demons has 270 seconds left.\n|inactive|fighting demons has 240 seconds left.\n|\n|t:|1781388655\n|switch|p2a: Exeggutor|Exeggutor|87/100 par\n|cant|p1a: Chansey|par\n|\n|upkeep\n|turn|9\n|inactive|fighting demons has 240 seconds left.\n|\n|t:|1781388668\n|switch|p1a: Exeggutor|Exeggutor|100/100\n|cant|p2a: Exeggutor|par\n|\n|upkeep\n|turn|10\n|\n|t:|1781388673\n|move|p1a: Exeggutor|Psychic|p2a: Exeggutor\n|-crit|p2a: Exeggutor\n|-resisted|p2a: Exeggutor\n|-damage|p2a: Exeggutor|62/100 par\n|-unboost|p2a: Exeggutor|spa|1\n|-unboost|p2a: Exeggutor|spd|1\n|cant|p2a: Exeggutor|par\n|\n|upkeep\n|turn|11\n|inactive|Blue Cl0yster has 240 seconds left.\n|\n|t:|1781388684\n|move|p1a: Exeggutor|Psychic|p2a: Exeggutor\n|-resisted|p2a: Exeggutor\n|-damage|p2a: Exeggutor|42/100 par\n|move|p2a: Exeggutor|Stun Spore|p1a: Exeggutor\n|-status|p1a: Exeggutor|par\n|\n|upkeep\n|turn|12\n|inactive|Blue Cl0yster has 240 seconds left.\n|\n|t:|1781388696\n|switch|p1a: Jolteon|Jolteon|100/100 slp\n|switch|p2a: Jynx|Jynx|64/100 par\n|\n|upkeep\n|turn|13\n|inactive|fighting demons has 270 seconds left.\n|\n|t:|1781388702\n|switch|p1a: Chansey|Chansey|100/100 par\n|switch|p2a: Snorlax|Snorlax|100/100\n|\n|upkeep\n|turn|14\n|\n|t:|1781388712\n|switch|p2a: Exeggutor|Exeggutor|42/100 par\n|move|p1a: Chansey|Thunder Wave|p2a: Exeggutor\n|-fail|p2a: Exeggutor|par\n|\n|upkeep\n|turn|15\n|\n|t:|1781388723\n|switch|p2a: Jynx|Jynx|64/100 par\n|switch|p1a: Jolteon|Jolteon|100/100 slp\n|\n|upkeep\n|turn|16\n|\n|t:|1781388734\n|switch|p1a: Lapras|Lapras|71/100\n|move|p2a: Jynx|Psychic|p1a: Lapras\n|-damage|p1a: Lapras|48/100\n|\n|upkeep\n|turn|17\n|\n|t:|1781388747\n|move|p1a: Lapras|Thunderbolt|p2a: Jynx\n|-damage|p2a: Jynx|40/100 par\n|move|p2a: Jynx|Rest|p2a: Jynx\n|-status|p2a: Jynx|slp|[from] move: Rest\n|-heal|p2a: Jynx|100/100 slp|[silent]\n|\n|upkeep\n|turn|18\n|\n|t:|1781388766\n|switch|p1a: Tauros|Tauros|100/100\n|cant|p2a: Jynx|slp\n|\n|upkeep\n|turn|19\n|\n|t:|1781388771\n|switch|p2a: Snorlax|Snorlax|100/100\n|move|p1a: Tauros|Body Slam|p2a: Snorlax\n|-damage|p2a: Snorlax|77/100\n|\n|upkeep\n|turn|20\n|\n|t:|1781388779\n|switch|p1a: Snorlax|Snorlax|100/100\n|move|p2a: Snorlax|Self-Destruct|p1a: Snorlax\n|-damage|p1a: Snorlax|25/100\n|faint|p2a: Snorlax\n|inactive|fighting demons has 270 seconds left.\n|\n|t:|1781388810\n|switch|p2a: Zapdos|Zapdos|100/100\n|turn|21\n|\n|t:|1781388814\n|switch|p1a: Jolteon|Jolteon|100/100 slp\n|move|p2a: Zapdos|Thunderbolt|p1a: Jolteon\n|-resisted|p1a: Jolteon\n|-damage|p1a: Jolteon|82/100 slp\n|\n|upkeep\n|turn|22\n|\n|t:|1781388820\n|cant|p1a: Jolteon|slp\n|move|p2a: Zapdos|Thunderbolt|p1a: Jolteon\n|-resisted|p1a: Jolteon\n|-damage|p1a: Jolteon|64/100 slp\n|\n|upkeep\n|turn|23\n|\n|t:|1781388825\n|switch|p2a: Tauros|Tauros|100/100\n|cant|p1a: Jolteon|slp\n|\n|upkeep\n|turn|24\n|inactive|Blue Cl0yster has 270 seconds left.\n|\n|t:|1781388871\n|cant|p1a: Jolteon|slp\n|move|p2a: Tauros|Body Slam|p1a: Jolteon\n|-crit|p1a: Jolteon\n|-damage|p1a: Jolteon|0 fnt\n|faint|p1a: Jolteon\n|inactive|Blue Cl0yster has 240 seconds left.\n|inactive|Blue Cl0yster has 210 seconds left.\n|\n|t:|1781388924\n|switch|p1a: Lapras|Lapras|48/100\n|turn|25\n|inactive|fighting demons has 270 seconds left.\n|\n|t:|1781388982\n|switch|p2a: Starmie|Starmie|86/100\n|move|p1a: Lapras|Blizzard|p2a: Starmie\n|-resisted|p2a: Starmie\n|-damage|p2a: Starmie|65/100\n|\n|upkeep\n|turn|26\n|\n|t:|1781388990\n|switch|p1a: Chansey|Chansey|100/100 par\n|move|p2a: Starmie|Psychic|p1a: Chansey\n|-damage|p1a: Chansey|87/100 par\n|\n|upkeep\n|turn|27\n|inactive|fighting demons has 240 seconds left.\n|\n|t:|1781389025\n|switch|p2a: Exeggutor|Exeggutor|42/100 par\n|move|p1a: Chansey|Seismic Toss|p2a: Exeggutor\n|-damage|p2a: Exeggutor|17/100 par\n|\n|upkeep\n|turn|28\n|\n|t:|1781389033\n|switch|p1a: Lapras|Lapras|48/100\n|cant|p2a: Exeggutor|par\n|\n|upkeep\n|turn|29\n|inactive|Blue Cl0yster has 240 seconds left.\n|\n|t:|1781389044\n|switch|p2a: Jynx|Jynx|100/100 slp\n|move|p1a: Lapras|Blizzard|p2a: Jynx\n|-resisted|p2a: Jynx\n|-damage|p2a: Jynx|78/100 slp\n|\n|upkeep\n|turn|30\n|inactive|Blue Cl0yster has 240 seconds left.\n|\n|t:|1781389052\n|switch|p1a: Tauros|Tauros|100/100\n|-curestatus|p2a: Jynx|slp|[msg]\n|\n|upkeep\n|turn|31\n|\n|t:|1781389059\n|move|p1a: Tauros|Hyper Beam|p2a: Jynx\n|-damage|p2a: Jynx|0 fnt\n|faint|p2a: Jynx\n|\n|t:|1781389062\n|switch|p2a: Tauros|Tauros|100/100\n|turn|32\n|\n|t:|1781389086\n|move|p1a: Tauros|Body Slam|p2a: Tauros\n|-crit|p2a: Tauros\n|-damage|p2a: Tauros|46/100\n|move|p2a: Tauros|Body Slam|p1a: Tauros\n|-crit|p1a: Tauros\n|-damage|p1a: Tauros|42/100\n|\n|upkeep\n|turn|33\n|inactive|Blue Cl0yster has 240 seconds left.\n|\n|t:|1781389104\n|move|p2a: Tauros|Hyper Beam|p1a: Tauros\n|-damage|p1a: Tauros|0 fnt\n|faint|p1a: Tauros\n|inactive|Blue Cl0yster has 240 seconds left.\n|inactive|Blue Cl0yster has 210 seconds left.\n|\n|t:|1781389142\n|switch|p1a: Exeggutor|Exeggutor|100/100 par\n|turn|34\n|inactive|Blue Cl0yster has 210 seconds left.\n|inactive|fighting demons has 270 seconds left.\n|\n|t:|1781389182\n|switch|p2a: Starmie|Starmie|65/100\n|switch|p1a: Snorlax|Snorlax|25/100\n|\n|upkeep\n|turn|35\n|inactive|fighting demons has 270 seconds left.\n|inactive|Blue Cl0yster has 180 seconds left.\n|\n|t:|1781389208\n|switch|p1a: Chansey|Chansey|87/100 par\n|move|p2a: Starmie|Psychic|p1a: Chansey\n|-damage|p1a: Chansey|73/100 par\n|\n|upkeep\n|turn|36\n|\n|t:|1781389213\n|move|p2a: Starmie|Psychic|p1a: Chansey\n|-damage|p1a: Chansey|59/100 par\n|move|p1a: Chansey|Seismic Toss|p2a: Starmie\n|-damage|p2a: Starmie|34/100\n|\n|upkeep\n|turn|37\n|\n|t:|1781389219\n|move|p2a: Starmie|Psychic|p1a: Chansey\n|-damage|p1a: Chansey|45/100 par\n|-unboost|p1a: Chansey|spa|1\n|-unboost|p1a: Chansey|spd|1\n|cant|p1a: Chansey|par\n|\n|upkeep\n|turn|38\n|\n|t:|1781389225\n|move|p2a: Starmie|Psychic|p1a: Chansey\n|-damage|p1a: Chansey|22/100 par\n|move|p1a: Chansey|Soft-Boiled|p1a: Chansey\n|-heal|p1a: Chansey|72/100 par\n|\n|upkeep\n|turn|39\n|\n|t:|1781389235\n|move|p2a: Starmie|Psychic|p1a: Chansey\n|-damage|p1a: Chansey|52/100 par\n|-unboost|p1a: Chansey|spa|1\n|-unboost|p1a: Chansey|spd|1\n|move|p1a: Chansey|Sing|p2a: Starmie|[miss]\n|-miss|p1a: Chansey\n|\n|upkeep\n|turn|40\n|\n|t:|1781389241\n|move|p2a: Starmie|Psychic|p1a: Chansey\n|-damage|p1a: Chansey|23/100 par\n|move|p1a: Chansey|Soft-Boiled|p1a: Chansey\n|-heal|p1a: Chansey|73/100 par\n|\n|upkeep\n|turn|41\n|\n|t:|1781389248\n|switch|p1a: Exeggutor|Exeggutor|100/100 par\n|move|p2a: Starmie|Blizzard|p1a: Exeggutor\n|-supereffective|p1a: Exeggutor\n|-damage|p1a: Exeggutor|60/100 par\n|\n|upkeep\n|turn|42\n|inactive|Blue Cl0yster has 210 seconds left.\n|\n|t:|1781389259\n|switch|p1a: Chansey|Chansey|73/100 par\n|move|p2a: Starmie|Recover|p2a: Starmie\n|-heal|p2a: Starmie|83/100\n|\n|upkeep\n|turn|43\n|\n|t:|1781389267\n|move|p2a: Starmie|Psychic|p1a: Chansey\n|-damage|p1a: Chansey|57/100 par\n|move|p1a: Chansey|Seismic Toss|p2a: Starmie\n|-damage|p2a: Starmie|53/100\n|\n|upkeep\n|turn|44\n|\n|t:|1781389273\n|switch|p2a: Exeggutor|Exeggutor|17/100 par\n|move|p1a: Chansey|Soft-Boiled|p1a: Chansey\n|-heal|p1a: Chansey|100/100 par\n|\n|upkeep\n|turn|45\n|\n|t:|1781389289\n|switch|p1a: Snorlax|Snorlax|25/100\n|cant|p2a: Exeggutor|par\n|\n|upkeep\n|turn|46\n|\n|t:|1781389297\n|move|p1a: Snorlax|Self-Destruct|p2a: Exeggutor\n|-damage|p2a: Exeggutor|0 fnt\n|faint|p2a: Exeggutor\n|faint|p1a: Snorlax\n|\n|t:|1781389317\n|switch|p1a: Chansey|Chansey|100/100 par\n|switch|p2a: Starmie|Starmie|53/100\n|turn|47\n|inactive|Blue Cl0yster has 210 seconds left.\n|\n|t:|1781389348\n|move|p2a: Starmie|Recover|p2a: Starmie\n|-heal|p2a: Starmie|100/100\n|move|p1a: Chansey|Sing|p2a: Starmie\n|-status|p2a: Starmie|slp|[from] move: Sing\n|\n|upkeep\n|turn|48\n|\n|t:|1781389361\n|switch|p2a: Zapdos|Zapdos|100/100\n|move|p1a: Chansey|Seismic Toss|p2a: Zapdos\n|-damage|p2a: Zapdos|74/100\n|\n|upkeep\n|turn|49\n|\n|t:|1781389367\n|move|p2a: Zapdos|Drill Peck|p1a: Chansey\n|-damage|p1a: Chansey|65/100 par\n|move|p1a: Chansey|Thunder Wave|p2a: Zapdos\n|-status|p2a: Zapdos|par\n|\n|upkeep\n|turn|50\n|\n|t:|1781389373\n|move|p2a: Zapdos|Agility|p2a: Zapdos\n|-boost|p2a: Zapdos|spe|2\n|move|p1a: Chansey|Soft-Boiled|p1a: Chansey\n|-heal|p1a: Chansey|100/100 par\n|\n|upkeep\n|turn|51\n|inactive|Blue Cl0yster has 210 seconds left.\n|\n|t:|1781389398\n|cant|p2a: Zapdos|par\n|cant|p1a: Chansey|par\n|\n|upkeep\n|turn|52\n|\n|t:|1781389401\n|move|p2a: Zapdos|Drill Peck|p1a: Chansey\n|-damage|p1a: Chansey|68/100 par\n|move|p1a: Chansey|Seismic Toss|p2a: Zapdos\n|-damage|p2a: Zapdos|48/100 par\n|\n|upkeep\n|turn|53\n|inactive|Blue Cl0yster has 210 seconds left.\n|\n|t:|1781389431\n|move|p2a: Zapdos|Drill Peck|p1a: Chansey\n|-damage|p1a: Chansey|34/100 par\n|cant|p1a: Chansey|par\n|\n|upkeep\n|turn|54\n|\n|t:|1781389437\n|cant|p2a: Zapdos|par\n|move|p1a: Chansey|Seismic Toss|p2a: Zapdos\n|-damage|p2a: Zapdos|22/100 par\n|\n|upkeep\n|turn|55\n|\n|t:|1781389442\n|move|p2a: Zapdos|Drill Peck|p1a: Chansey\n|-damage|p1a: Chansey|3/100 par\n|move|p1a: Chansey|Seismic Toss|p2a: Zapdos\n|-damage|p2a: Zapdos|0 fnt\n|faint|p2a: Zapdos\n|\n|t:|1781389447\n|switch|p2a: Tauros|Tauros|46/100\n|turn|56\n|\n|t:|1781389451\n|move|p2a: Tauros|Body Slam|p1a: Chansey\n|-damage|p1a: Chansey|0 fnt\n|faint|p1a: Chansey\n|inactive|Blue Cl0yster has 210 seconds left.\n|\n|t:|1781389485\n|switch|p1a: Lapras|Lapras|48/100\n|turn|57\n|\n|t:|1781389491\n|move|p2a: Tauros|Hyper Beam|p1a: Lapras\n|-crit|p1a: Lapras\n|-damage|p1a: Lapras|0 fnt\n|faint|p1a: Lapras\n|\n|t:|1781389498\n|switch|p1a: Exeggutor|Exeggutor|60/100 par\n|turn|58\n|\n|t:|1781389521\n|move|p2a: Tauros|Body Slam|p1a: Exeggutor\n|-damage|p1a: Exeggutor|33/100 par\n|cant|p1a: Exeggutor|par\n|\n|upkeep\n|turn|59\n|\n|t:|1781389529\n|move|p2a: Tauros|Hyper Beam|p1a: Exeggutor\n|-crit|p1a: Exeggutor\n|-damage|p1a: Exeggutor|0 fnt\n|faint|p1a: Exeggutor\n|\n|win|fighting demons\n|c|☆fighting demons|ggs\n|c|☆Blue Cl0yster|ggs\n","uploadtime":1781389529,"views":"77","formatid":"gen1ou","rating":null,"private":0,"password":null}