{"id":"smogtours-gen1ou-947476","format":"[Gen 1] OU","players":["magialice","Kristyl ★"],"log":"|inactive|Battle timer is ON: inactive players will automatically lose when time's up.\n|t:|1781564024\n|gametype|singles\n|player|p1|magialice|#pmplivdachsbuns|\n|player|p2|Kristyl ★|dawn|\n|gen|1\n|tier|[Gen 1] OU\n|rule|Desync Clause Mod: Desyncs changed to move failure.\n|rule|HP Percentage Mod: HP is shown in percentages\n|rule|Endless Battle Clause: Forcing endless battles is banned\n|rule|Sleep Clause Mod: Limit one foe put to sleep\n|rule|Freeze Clause Mod: Limit one foe frozen\n|rule|Species Clause: Limit one of each Pokémon\n|rule|OHKO Clause: OHKO moves are banned\n|rule|Evasion Moves Clause: Evasion moves are banned\n|\n|t:|1781564024\n|teamsize|p1|6\n|teamsize|p2|6\n|start\n|switch|p1a: Jynx|Jynx|100/100\n|switch|p2a: Jynx|Jynx|100/100\n|turn|1\n|c|☆magialice|glhf\n|c|☆Kristyl ★|u2\n|\n|t:|1781564032\n|move|p2a: Jynx|Lovely Kiss|p1a: Jynx\n|-status|p1a: Jynx|slp|[from] move: Lovely Kiss\n|cant|p1a: Jynx|slp\n|\n|upkeep\n|turn|2\n|\n|t:|1781564045\n|switch|p2a: Tauros|Tauros|100/100\n|cant|p1a: Jynx|slp\n|\n|upkeep\n|turn|3\n|\n|t:|1781564051\n|switch|p1a: Snorlax|Snorlax|100/100\n|move|p2a: Tauros|Body Slam|p1a: Snorlax\n|-damage|p1a: Snorlax|74/100\n|\n|upkeep\n|turn|4\n|\n|t:|1781564060\n|switch|p2a: Gengar|Gengar|100/100\n|move|p1a: Snorlax|Body Slam|p2a: Gengar\n|-immune|p2a: Gengar\n|\n|upkeep\n|turn|5\n|\n|t:|1781564071\n|switch|p1a: Rhydon|Rhydon|100/100\n|move|p2a: Gengar|Thunderbolt|p1a: Rhydon\n|-immune|p1a: Rhydon\n|\n|upkeep\n|turn|6\n|\n|t:|1781564074\n|switch|p2a: Starmie|Starmie|100/100\n|move|p1a: Rhydon|Body Slam|p2a: Starmie\n|-damage|p2a: Starmie|71/100\n|\n|upkeep\n|turn|7\n|\n|t:|1781564083\n|switch|p1a: Chansey|Chansey|100/100\n|move|p2a: Starmie|Thunder Wave|p1a: Chansey\n|-status|p1a: Chansey|par\n|\n|upkeep\n|turn|8\n|\n|t:|1781564090\n|switch|p2a: Jynx|Jynx|100/100\n|move|p1a: Chansey|Thunder Wave|p2a: Jynx\n|-status|p2a: Jynx|par\n|\n|upkeep\n|turn|9\n|\n|t:|1781564093\n|move|p2a: Jynx|Psychic|p1a: Chansey\n|-damage|p1a: Chansey|86/100 par\n|move|p1a: Chansey|Thunderbolt|p2a: Jynx\n|-crit|p2a: Jynx\n|-damage|p2a: Jynx|57/100 par\n|\n|upkeep\n|turn|10\n|\n|t:|1781564102\n|move|p2a: Jynx|Psychic|p1a: Chansey\n|-damage|p1a: Chansey|71/100 par\n|move|p1a: Chansey|Thunderbolt|p2a: Jynx\n|-damage|p2a: Jynx|34/100 par\n|\n|upkeep\n|turn|11\n|\n|t:|1781564107\n|switch|p1a: Rhydon|Rhydon|100/100\n|move|p2a: Jynx|Rest|p2a: Jynx\n|-status|p2a: Jynx|slp|[from] move: Rest\n|-heal|p2a: Jynx|100/100 slp|[silent]\n|\n|upkeep\n|turn|12\n|\n|t:|1781564113\n|switch|p2a: Starmie|Starmie|71/100\n|move|p1a: Rhydon|Earthquake|p2a: Starmie\n|-damage|p2a: Starmie|19/100\n|\n|upkeep\n|turn|13\n|\n|t:|1781564120\n|move|p2a: Starmie|Recover|p2a: Starmie\n|-heal|p2a: Starmie|69/100\n|move|p1a: Rhydon|Body Slam|p2a: Starmie\n|-damage|p2a: Starmie|42/100\n|\n|upkeep\n|turn|14\n|\n|t:|1781564125\n|move|p2a: Starmie|Recover|p2a: Starmie\n|-heal|p2a: Starmie|92/100\n|move|p1a: Rhydon|Earthquake|p2a: Starmie\n|-damage|p2a: Starmie|44/100\n|\n|upkeep\n|turn|15\n|\n|t:|1781564127\n|switch|p1a: Chansey|Chansey|71/100 par\n|move|p2a: Starmie|Recover|p2a: Starmie\n|-heal|p2a: Starmie|93/100\n|\n|upkeep\n|turn|16\n|\n|t:|1781564134\n|switch|p2a: Snorlax|Snorlax|100/100\n|cant|p1a: Chansey|par\n|\n|upkeep\n|turn|17\n|\n|t:|1781564139\n|switch|p1a: Snorlax|Snorlax|74/100\n|move|p2a: Snorlax|Body Slam|p1a: Snorlax\n|-damage|p1a: Snorlax|47/100\n|\n|upkeep\n|turn|18\n|\n|t:|1781564144\n|switch|p2a: Gengar|Gengar|100/100\n|move|p1a: Snorlax|Reflect|p1a: Snorlax\n|-start|p1a: Snorlax|Reflect\n|\n|upkeep\n|turn|19\n|\n|t:|1781564149\n|move|p2a: Gengar|Thunderbolt|p1a: Snorlax\n|-damage|p1a: Snorlax|23/100\n|move|p1a: Snorlax|Rest|p1a: Snorlax\n|-status|p1a: Snorlax|slp|[from] move: Rest\n|-heal|p1a: Snorlax|100/100 slp|[silent]\n|\n|upkeep\n|turn|20\n|\n|t:|1781564151\n|move|p2a: Gengar|Thunderbolt|p1a: Snorlax\n|-damage|p1a: Snorlax|80/100 slp\n|cant|p1a: Snorlax|slp\n|\n|upkeep\n|turn|21\n|\n|t:|1781564153\n|switch|p1a: Rhydon|Rhydon|100/100\n|move|p2a: Gengar|Thunderbolt|p1a: Rhydon\n|-immune|p1a: Rhydon\n|\n|upkeep\n|turn|22\n|\n|t:|1781564156\n|move|p2a: Gengar|Night Shade|p1a: Rhydon\n|-damage|p1a: Rhydon|76/100\n|move|p1a: Rhydon|Body Slam|p2a: Gengar\n|-immune|p2a: Gengar\n|\n|upkeep\n|turn|23\n|\n|t:|1781564158\n|switch|p2a: Starmie|Starmie|93/100\n|move|p1a: Rhydon|Body Slam|p2a: Starmie\n|-damage|p2a: Starmie|68/100\n|-status|p2a: Starmie|par\n|\n|upkeep\n|turn|24\n|\n|t:|1781564164\n|switch|p1a: Chansey|Chansey|71/100 par\n|move|p2a: Starmie|Blizzard|p1a: Chansey\n|-crit|p1a: Chansey\n|-damage|p1a: Chansey|46/100 par\n|\n|upkeep\n|turn|25\n|\n|t:|1781564168\n|move|p2a: Starmie|Recover|p2a: Starmie\n|-heal|p2a: Starmie|100/100 par\n|move|p1a: Chansey|Soft-Boiled|p1a: Chansey\n|-heal|p1a: Chansey|96/100 par\n|\n|upkeep\n|turn|26\n|\n|t:|1781564178\n|switch|p2a: Jynx|Jynx|100/100 slp\n|cant|p1a: Chansey|par\n|\n|upkeep\n|turn|27\n|\n|t:|1781564182\n|switch|p2a: Chansey|Chansey|100/100\n|switch|p1a: Tauros|Tauros|100/100\n|\n|upkeep\n|turn|28\n|\n|t:|1781564187\n|switch|p1a: Snorlax|Snorlax|80/100 slp\n|switch|p2a: Snorlax|Snorlax|100/100\n|\n|upkeep\n|turn|29\n|\n|t:|1781564190\n|move|p2a: Snorlax|Body Slam|p1a: Snorlax\n|-damage|p1a: Snorlax|52/100 slp\n|-curestatus|p1a: Snorlax|slp|[msg]\n|\n|upkeep\n|turn|30\n|\n|t:|1781564193\n|switch|p2a: Gengar|Gengar|100/100\n|move|p1a: Snorlax|Reflect|p1a: Snorlax\n|-start|p1a: Snorlax|Reflect\n|\n|upkeep\n|turn|31\n|\n|t:|1781564196\n|switch|p1a: Rhydon|Rhydon|76/100\n|move|p2a: Gengar|Thunderbolt|p1a: Rhydon\n|-immune|p1a: Rhydon\n|\n|upkeep\n|turn|32\n|\n|t:|1781564211\n|switch|p2a: Starmie|Starmie|100/100 par\n|move|p1a: Rhydon|Earthquake|p2a: Starmie\n|-damage|p2a: Starmie|52/100 par\n|\n|upkeep\n|turn|33\n|\n|t:|1781564216\n|move|p1a: Rhydon|Earthquake|p2a: Starmie\n|-damage|p2a: Starmie|7/100 par\n|cant|p2a: Starmie|par\n|\n|upkeep\n|turn|34\n|\n|t:|1781564220\n|move|p1a: Rhydon|Earthquake|p2a: Starmie\n|-damage|p2a: Starmie|0 fnt\n|faint|p2a: Starmie\n|\n|t:|1781564221\n|switch|p2a: Tauros|Tauros|100/100\n|turn|35\n|\n|t:|1781564225\n|switch|p1a: Starmie|Starmie|100/100\n|move|p2a: Tauros|Blizzard|p1a: Starmie\n|-resisted|p1a: Starmie\n|-damage|p1a: Starmie|88/100\n|\n|upkeep\n|turn|36\n|\n|t:|1781564231\n|switch|p2a: Chansey|Chansey|100/100\n|move|p1a: Starmie|Thunder Wave|p2a: Chansey\n|-status|p2a: Chansey|par\n|\n|upkeep\n|turn|37\n|\n|t:|1781564237\n|switch|p1a: Snorlax|Snorlax|52/100\n|move|p2a: Chansey|Ice Beam|p1a: Snorlax\n|-damage|p1a: Snorlax|34/100\n|\n|upkeep\n|turn|38\n|\n|t:|1781564242\n|switch|p2a: Gengar|Gengar|100/100\n|move|p1a: Snorlax|Body Slam|p2a: Gengar\n|-immune|p2a: Gengar\n|\n|upkeep\n|turn|39\n|\n|t:|1781564246\n|switch|p1a: Rhydon|Rhydon|76/100\n|move|p2a: Gengar|Night Shade|p1a: Rhydon\n|-damage|p1a: Rhydon|52/100\n|\n|upkeep\n|turn|40\n|\n|t:|1781564251\n|switch|p2a: Jynx|Jynx|100/100 slp\n|move|p1a: Rhydon|Earthquake|p2a: Jynx\n|-damage|p2a: Jynx|22/100 slp\n|\n|upkeep\n|turn|41\n|\n|t:|1781564254\n|cant|p2a: Jynx|slp\n|move|p1a: Rhydon|Earthquake|p2a: Jynx\n|-damage|p2a: Jynx|0 fnt\n|faint|p2a: Jynx\n|\n|t:|1781564255\n|switch|p2a: Tauros|Tauros|100/100\n|turn|42\n|\n|t:|1781564258\n|switch|p1a: Starmie|Starmie|88/100\n|move|p2a: Tauros|Body Slam|p1a: Starmie\n|-crit|p1a: Starmie\n|-damage|p1a: Starmie|23/100\n|-status|p1a: Starmie|par\n|\n|upkeep\n|turn|43\n|\n|t:|1781564267\n|move|p2a: Tauros|Body Slam|p1a: Starmie\n|-crit|p1a: Starmie\n|-damage|p1a: Starmie|0 fnt\n|faint|p1a: Starmie\n|\n|t:|1781564269\n|switch|p1a: Tauros|Tauros|100/100\n|turn|44\n|\n|t:|1781564276\n|move|p1a: Tauros|Body Slam|p2a: Tauros\n|-crit|p2a: Tauros\n|-damage|p2a: Tauros|39/100\n|move|p2a: Tauros|Body Slam|p1a: Tauros\n|-damage|p1a: Tauros|69/100\n|\n|upkeep\n|turn|45\n|\n|t:|1781564283\n|move|p2a: Tauros|Body Slam|p1a: Tauros\n|-damage|p1a: Tauros|42/100\n|move|p1a: Tauros|Hyper Beam|p2a: Tauros\n|-damage|p2a: Tauros|0 fnt\n|faint|p2a: Tauros\n|\n|t:|1781564287\n|switch|p2a: Snorlax|Snorlax|100/100\n|turn|46\n|\n|t:|1781564294\n|move|p1a: Tauros|Body Slam|p2a: Snorlax\n|-damage|p2a: Snorlax|76/100\n|move|p2a: Snorlax|Body Slam|p1a: Tauros\n|-damage|p1a: Tauros|13/100\n|\n|upkeep\n|turn|47\n|\n|t:|1781564298\n|switch|p2a: Gengar|Gengar|100/100\n|move|p1a: Tauros|Hyper Beam|p2a: Gengar\n|-immune|p2a: Gengar\n|\n|upkeep\n|turn|48\n|\n|t:|1781564303\n|switch|p1a: Jynx|Jynx|100/100 slp\n|move|p2a: Gengar|Night Shade|p1a: Jynx\n|-damage|p1a: Jynx|70/100 slp\n|\n|upkeep\n|turn|49\n|\n|t:|1781564304\n|move|p2a: Gengar|Night Shade|p1a: Jynx\n|-damage|p1a: Jynx|40/100 slp\n|cant|p1a: Jynx|slp\n|\n|upkeep\n|turn|50\n|\n|t:|1781564308\n|switch|p1a: Chansey|Chansey|96/100 par\n|move|p2a: Gengar|Night Shade|p1a: Chansey\n|-damage|p1a: Chansey|82/100 par\n|\n|upkeep\n|turn|51\n|\n|t:|1781564316\n|switch|p2a: Chansey|Chansey|100/100 par\n|move|p1a: Chansey|Thunder Wave|p2a: Chansey\n|-fail|p2a: Chansey|par\n|\n|upkeep\n|turn|52\n|\n|t:|1781564320\n|switch|p1a: Snorlax|Snorlax|34/100\n|move|p2a: Chansey|Thunderbolt|p1a: Snorlax\n|-damage|p1a: Snorlax|15/100\n|\n|upkeep\n|turn|53\n|\n|t:|1781564326\n|switch|p2a: Gengar|Gengar|100/100\n|move|p1a: Snorlax|Rest|p1a: Snorlax\n|-status|p1a: Snorlax|slp|[from] move: Rest\n|-heal|p1a: Snorlax|100/100 slp|[silent]\n|\n|upkeep\n|turn|54\n|\n|t:|1781564328\n|move|p2a: Gengar|Thunderbolt|p1a: Snorlax\n|-damage|p1a: Snorlax|78/100 slp\n|cant|p1a: Snorlax|slp\n|\n|upkeep\n|turn|55\n|\n|t:|1781564335\n|switch|p1a: Chansey|Chansey|82/100 par\n|move|p2a: Gengar|Night Shade|p1a: Chansey\n|-damage|p1a: Chansey|68/100 par\n|\n|upkeep\n|turn|56\n|\n|t:|1781564338\n|switch|p2a: Chansey|Chansey|100/100 par\n|move|p1a: Chansey|Thunder Wave|p2a: Chansey\n|-fail|p2a: Chansey|par\n|\n|upkeep\n|turn|57\n|\n|t:|1781564340\n|move|p1a: Chansey|Soft-Boiled|p1a: Chansey\n|-heal|p1a: Chansey|100/100 par\n|move|p2a: Chansey|Thunderbolt|p1a: Chansey\n|-damage|p1a: Chansey|90/100 par\n|\n|upkeep\n|turn|58\n|\n|t:|1781564343\n|move|p2a: Chansey|Ice Beam|p1a: Chansey\n|-crit|p1a: Chansey\n|-damage|p1a: Chansey|68/100 par\n|move|p1a: Chansey|Thunderbolt|p2a: Chansey\n|-damage|p2a: Chansey|90/100 par\n|\n|upkeep\n|turn|59\n|\n|t:|1781564346\n|switch|p2a: Snorlax|Snorlax|76/100\n|move|p1a: Chansey|Soft-Boiled|p1a: Chansey\n|-heal|p1a: Chansey|100/100 par\n|\n|upkeep\n|turn|60\n|\n|t:|1781564350\n|switch|p2a: Chansey|Chansey|90/100 par\n|switch|p1a: Snorlax|Snorlax|78/100 slp\n|\n|upkeep\n|turn|61\n|\n|t:|1781564355\n|-curestatus|p1a: Snorlax|slp|[msg]\n|cant|p2a: Chansey|par\n|\n|upkeep\n|turn|62\n|\n|t:|1781564359\n|move|p1a: Snorlax|Body Slam|p2a: Chansey\n|-damage|p2a: Chansey|48/100 par\n|cant|p2a: Chansey|par\n|\n|upkeep\n|turn|63\n|\n|t:|1781564363\n|switch|p2a: Gengar|Gengar|100/100\n|move|p1a: Snorlax|Body Slam|p2a: Gengar\n|-immune|p2a: Gengar\n|\n|upkeep\n|turn|64\n|\n|t:|1781564370\n|switch|p1a: Rhydon|Rhydon|52/100\n|move|p2a: Gengar|Night Shade|p1a: Rhydon\n|-damage|p1a: Rhydon|28/100\n|\n|upkeep\n|turn|65\n|\n|t:|1781564376\n|switch|p2a: Snorlax|Snorlax|76/100\n|move|p1a: Rhydon|Earthquake|p2a: Snorlax\n|-damage|p2a: Snorlax|40/100\n|\n|upkeep\n|turn|66\n|\n|t:|1781564387\n|switch|p1a: Snorlax|Snorlax|78/100\n|move|p2a: Snorlax|Earthquake|p1a: Snorlax\n|-damage|p1a: Snorlax|58/100\n|\n|upkeep\n|turn|67\n|\n|t:|1781564390\n|switch|p2a: Gengar|Gengar|100/100\n|move|p1a: Snorlax|Body Slam|p2a: Gengar\n|-immune|p2a: Gengar\n|\n|upkeep\n|turn|68\n|\n|t:|1781564400\n|switch|p1a: Tauros|Tauros|13/100\n|move|p2a: Gengar|Thunderbolt|p1a: Tauros\n|-damage|p1a: Tauros|0 fnt\n|faint|p1a: Tauros\n|\n|t:|1781564402\n|switch|p1a: Rhydon|Rhydon|28/100\n|turn|69\n|\n|t:|1781564405\n|switch|p2a: Chansey|Chansey|48/100 par\n|move|p1a: Rhydon|Earthquake|p2a: Chansey\n|-damage|p2a: Chansey|0 fnt\n|faint|p2a: Chansey\n|\n|t:|1781564406\n|switch|p2a: Snorlax|Snorlax|40/100\n|turn|70\n|\n|t:|1781564414\n|switch|p1a: Snorlax|Snorlax|58/100\n|move|p2a: Snorlax|Earthquake|p1a: Snorlax\n|-damage|p1a: Snorlax|36/100\n|\n|upkeep\n|turn|71\n|\n|t:|1781564421\n|switch|p2a: Gengar|Gengar|100/100\n|move|p1a: Snorlax|Body Slam|p2a: Gengar\n|-immune|p2a: Gengar\n|\n|upkeep\n|turn|72\n|\n|t:|1781564439\n|switch|p2a: Snorlax|Snorlax|40/100\n|switch|p1a: Chansey|Chansey|100/100 par\n|\n|upkeep\n|turn|73\n|\n|t:|1781564443\n|move|p2a: Snorlax|Body Slam|p1a: Chansey\n|-damage|p1a: Chansey|61/100 par\n|move|p1a: Chansey|Ice Beam|p2a: Snorlax\n|-damage|p2a: Snorlax|21/100\n|\n|upkeep\n|turn|74\n|\n|t:|1781564451\n|switch|p1a: Snorlax|Snorlax|36/100\n|move|p2a: Snorlax|Rest|p2a: Snorlax\n|-status|p2a: Snorlax|slp|[from] move: Rest\n|-heal|p2a: Snorlax|100/100 slp|[silent]\n|\n|upkeep\n|turn|75\n|\n|t:|1781564454\n|move|p1a: Snorlax|Body Slam|p2a: Snorlax\n|-damage|p2a: Snorlax|74/100 slp\n|cant|p2a: Snorlax|slp\n|\n|upkeep\n|turn|76\n|\n|t:|1781564463\n|switch|p2a: Gengar|Gengar|100/100\n|move|p1a: Snorlax|Self-Destruct|p2a: Gengar\n|-immune|p2a: Gengar\n|faint|p1a: Snorlax\n|\n|t:|1781564465\n|switch|p1a: Rhydon|Rhydon|28/100\n|turn|77\n|\n|t:|1781564473\n|move|p2a: Gengar|Explosion|p1a: Rhydon\n|-resisted|p1a: Rhydon\n|-damage|p1a: Rhydon|6/100\n|faint|p2a: Gengar\n|\n|t:|1781564475\n|switch|p2a: Snorlax|Snorlax|74/100 slp\n|turn|78\n|\n|t:|1781564476\n|move|p1a: Rhydon|Earthquake|p2a: Snorlax\n|-damage|p2a: Snorlax|37/100 slp\n|-curestatus|p2a: Snorlax|slp|[msg]\n|\n|upkeep\n|turn|79\n|\n|t:|1781564480\n|move|p1a: Rhydon|Earthquake|p2a: Snorlax\n|-crit|p2a: Snorlax\n|-damage|p2a: Snorlax|0 fnt\n|faint|p2a: Snorlax\n|\n|win|magialice\n|c|☆Kristyl ★|gg\n|c|☆magialice|gg\n|player|p2|\n|c|☆magialice|sry for crit\n|player|p1|\n|player|p2|Kristyl ★|dawn|\n","uploadtime":1781564480,"views":"112","formatid":"gen1ou","rating":null,"private":0,"password":null}