{"id":"smogtours-gen1ou-904294","format":"[Gen 1] OU","players":["nicole7735","Sceptross"],"log":"|inactive|Battle timer is ON: inactive players will automatically lose when time's up.\n|t:|1769899281\n|gametype|singles\n|player|p1|nicole7735|#splxviiscooters|\n|player|p2|Sceptross|#splxviicryonicles2|\n|gen|1\n|tier|[Gen 1] OU\n|rule|Desync Clause Mod: Desyncs changed to move failure.\n|rule|Sleep Clause Mod: Limit one foe put to sleep\n|rule|Freeze Clause Mod: Limit one foe frozen\n|rule|Species Clause: Limit one of each Pokémon\n|rule|OHKO Clause: OHKO moves are banned\n|rule|Evasion Moves Clause: Evasion moves are banned\n|rule|Endless Battle Clause: Forcing endless battles is banned\n|rule|HP Percentage Mod: HP is shown in percentages\n|\n|t:|1769899281\n|teamsize|p1|6\n|teamsize|p2|6\n|start\n|switch|p1a: Gengar|Gengar|100/100\n|switch|p2a: Jynx|Jynx|100/100\n|turn|1\n|c|☆Sceptross|gl hf\n|c|☆nicole7735|hf\n|rated|Smogon Premier League\n|\n|t:|1769899306\n|move|p1a: Gengar|Explosion|p2a: Jynx\n|-damage|p2a: Jynx|0 fnt\n|faint|p2a: Jynx\n|faint|p1a: Gengar\n|\n|t:|1769899320\n|switch|p1a: Jynx|Jynx|100/100\n|switch|p2a: Starmie|Starmie|100/100\n|turn|2\n|\n|t:|1769899325\n|move|p2a: Starmie|Thunder Wave|p1a: Jynx\n|-status|p1a: Jynx|par\n|move|p1a: Jynx|Lovely Kiss|p2a: Starmie\n|-status|p2a: Starmie|slp|[from] move: Lovely Kiss\n|\n|upkeep\n|turn|3\n|\n|t:|1769899338\n|switch|p2a: Chansey|Chansey|100/100\n|cant|p1a: Jynx|par\n|\n|upkeep\n|turn|4\n|\n|t:|1769899342\n|move|p2a: Chansey|Thunderbolt|p1a: Jynx\n|-damage|p1a: Jynx|75/100 par\n|cant|p1a: Jynx|par\n|\n|upkeep\n|turn|5\n|\n|t:|1769899346\n|move|p2a: Chansey|Thunderbolt|p1a: Jynx\n|-damage|p1a: Jynx|49/100 par\n|cant|p1a: Jynx|par\n|\n|upkeep\n|turn|6\n|\n|t:|1769899349\n|move|p2a: Chansey|Thunderbolt|p1a: Jynx\n|-crit|p1a: Jynx\n|-damage|p1a: Jynx|0 fnt\n|faint|p1a: Jynx\n|\n|t:|1769899355\n|switch|p1a: Alakazam|Alakazam|100/100\n|turn|7\n|inactive|Sceptross has 270 seconds left.\n|\n|t:|1769899405\n|move|p1a: Alakazam|Thunder Wave|p2a: Chansey\n|-status|p2a: Chansey|par\n|move|p2a: Chansey|Thunder Wave|p1a: Alakazam\n|-status|p1a: Alakazam|par\n|\n|upkeep\n|turn|8\n|\n|t:|1769899419\n|move|p1a: Alakazam|Psychic|p2a: Chansey\n|-damage|p2a: Chansey|82/100 par\n|-unboost|p2a: Chansey|spa|1\n|-unboost|p2a: Chansey|spd|1\n|cant|p2a: Chansey|par\n|\n|upkeep\n|turn|9\n|\n|t:|1769899425\n|cant|p1a: Alakazam|par\n|move|p2a: Chansey|Soft-Boiled|p2a: Chansey\n|-heal|p2a: Chansey|100/100 par\n|\n|upkeep\n|turn|10\n|\n|t:|1769899431\n|move|p1a: Alakazam|Psychic|p2a: Chansey\n|-damage|p2a: Chansey|72/100 par\n|move|p2a: Chansey|Thunderbolt|p1a: Alakazam\n|-damage|p1a: Alakazam|88/100 par\n|\n|upkeep\n|turn|11\n|inactive|Sceptross has 270 seconds left.\n|\n|t:|1769899442\n|move|p1a: Alakazam|Psychic|p2a: Chansey\n|-damage|p2a: Chansey|42/100 par\n|cant|p2a: Chansey|par\n|\n|upkeep\n|turn|12\n|\n|t:|1769899446\n|move|p1a: Alakazam|Psychic|p2a: Chansey\n|-crit|p2a: Chansey\n|-damage|p2a: Chansey|6/100 par\n|cant|p2a: Chansey|par\n|\n|upkeep\n|turn|13\n|\n|t:|1769899453\n|cant|p1a: Alakazam|par\n|cant|p2a: Chansey|par\n|\n|upkeep\n|turn|14\n|\n|t:|1769899459\n|move|p1a: Alakazam|Psychic|p2a: Chansey\n|-damage|p2a: Chansey|0 fnt\n|faint|p2a: Chansey\n|\n|t:|1769899470\n|switch|p2a: Snorlax|Snorlax|100/100\n|turn|15\n|inactive|nicole7735 has 270 seconds left.\n|inactive|nicole7735 has 240 seconds left.\n|inactive|nicole7735 has 210 seconds left.\n|inactive|nicole7735 has 180 seconds left.\n|\n|t:|1769899613\n|switch|p1a: Snorlax|Snorlax|100/100\n|move|p2a: Snorlax|Body Slam|p1a: Snorlax\n|-damage|p1a: Snorlax|73/100\n|\n|upkeep\n|turn|16\n|\n|t:|1769899628\n|move|p1a: Snorlax|Body Slam|p2a: Snorlax\n|-damage|p2a: Snorlax|75/100\n|move|p2a: Snorlax|Earthquake|p1a: Snorlax\n|-crit|p1a: Snorlax\n|-damage|p1a: Snorlax|32/100\n|\n|upkeep\n|turn|17\n|inactive|nicole7735 has 150 seconds left.\n|\n|t:|1769899681\n|switch|p2a: Starmie|Starmie|100/100 slp\n|move|p1a: Snorlax|Self-Destruct|p2a: Starmie\n|-damage|p2a: Starmie|0 fnt\n|faint|p2a: Starmie\n|faint|p1a: Snorlax\n|inactive|nicole7735 has 120 seconds left.\n|inactive|Sceptross has 270 seconds left.\n|inactive|Sceptross has 240 seconds left.\n|\n|t:|1769899741\n|switch|p2a: Snorlax|Snorlax|75/100\n|switch|p1a: Tauros|Tauros|100/100\n|turn|18\n|\n|t:|1769899753\n|move|p1a: Tauros|Body Slam|p2a: Snorlax\n|-damage|p2a: Snorlax|52/100\n|move|p2a: Snorlax|Body Slam|p1a: Tauros\n|-damage|p1a: Tauros|68/100\n|\n|upkeep\n|turn|19\n|\n|t:|1769899761\n|move|p1a: Tauros|Body Slam|p2a: Snorlax\n|-crit|p2a: Snorlax\n|-damage|p2a: Snorlax|6/100\n|move|p2a: Snorlax|Body Slam|p1a: Tauros\n|-damage|p1a: Tauros|37/100\n|\n|upkeep\n|turn|20\n|\n|t:|1769899772\n|move|p1a: Tauros|Body Slam|p2a: Snorlax\n|-damage|p2a: Snorlax|0 fnt\n|faint|p2a: Snorlax\n|\n|t:|1769899778\n|switch|p2a: Zapdos|Zapdos|100/100\n|turn|21\n|inactive|nicole7735 has 150 seconds left.\n|\n|t:|1769899799\n|move|p1a: Tauros|Hyper Beam|p2a: Zapdos\n|-damage|p2a: Zapdos|50/100\n|-mustrecharge|p1a: Tauros\n|move|p2a: Zapdos|Thunderbolt|p1a: Tauros\n|-damage|p1a: Tauros|0 fnt\n|faint|p1a: Tauros\n|\n|t:|1769899817\n|switch|p1a: Alakazam|Alakazam|88/100 par\n|turn|22\n|\n|t:|1769899825\n|move|p2a: Zapdos|Drill Peck|p1a: Alakazam\n|-crit|p1a: Alakazam\n|-damage|p1a: Alakazam|7/100 par\n|cant|p1a: Alakazam|par\n|\n|upkeep\n|turn|23\n|\n|t:|1769899831\n|move|p2a: Zapdos|Thunderbolt|p1a: Alakazam|[miss]\n|-miss|p2a: Zapdos\n|-hint|In Gen 1, moves with 100% accuracy can still miss 1/256 of the time.\n|move|p1a: Alakazam|Psychic|p2a: Zapdos\n|-damage|p2a: Zapdos|21/100\n|\n|upkeep\n|turn|24\n|\n|t:|1769899844\n|move|p2a: Zapdos|Thunderbolt|p1a: Alakazam\n|-damage|p1a: Alakazam|0 fnt\n|faint|p1a: Alakazam\n|\n|t:|1769899847\n|switch|p1a: Starmie|Starmie|100/100\n|turn|25\n|\n|t:|1769899851\n|move|p1a: Starmie|Psychic|p2a: Zapdos\n|-damage|p2a: Zapdos|0 fnt\n|faint|p2a: Zapdos\n|\n|t:|1769899854\n|switch|p2a: Tauros|Tauros|100/100\n|turn|26\n|\n|t:|1769899857\n|move|p1a: Starmie|Thunder Wave|p2a: Tauros\n|-status|p2a: Tauros|par\n|move|p2a: Tauros|Body Slam|p1a: Starmie\n|-damage|p1a: Starmie|64/100\n|\n|upkeep\n|turn|27\n|\n|t:|1769899866\n|move|p1a: Starmie|Psychic|p2a: Tauros\n|-crit|p2a: Tauros\n|-damage|p2a: Tauros|21/100 par\n|-unboost|p2a: Tauros|spa|1\n|-unboost|p2a: Tauros|spd|1\n|move|p2a: Tauros|Body Slam|p1a: Starmie\n|-damage|p1a: Starmie|32/100\n|-status|p1a: Starmie|par\n|\n|upkeep\n|turn|28\n|\n|t:|1769899875\n|move|p1a: Starmie|Psychic|p2a: Tauros\n|-crit|p2a: Tauros\n|-damage|p2a: Tauros|0 fnt\n|faint|p2a: Tauros\n|\n|win|nicole7735\n|c|☆nicole7735|ggs\n|c|☆Sceptross|ggs\n","uploadtime":1769899875,"views":"1736","formatid":"gen1ou","rating":null,"private":0,"password":null}