{"id":"smogtours-gen1ou-957695","format":"[Gen 1] OU","players":["Nails","Peasounay"],"log":"|inactive|Battle timer is ON: inactive players will automatically lose when time's up.\n|t:|1784492461\n|gametype|singles\n|player|p1|Nails|#scl2terrors|\n|player|p2|Peasounay|red-gen1title|\n|gen|1\n|tier|[Gen 1] OU\n|rule|Desync Clause Mod: Desyncs resolve to link battle behavior from the acting player's perspective.\n|rule|HP Percentage Mod: HP is shown in percentages\n|rule|Endless Battle Clause: Forcing endless battles is banned\n|rule|Sleep Clause Mod: Limit one foe put to sleep\n|rule|Freeze Clause Mod: Limit one foe frozen\n|rule|Species Clause: Limit one of each Pokémon\n|rule|OHKO Clause: OHKO moves are banned\n|rule|Evasion Moves Clause: Evasion moves are banned\n|\n|t:|1784492461\n|teamsize|p1|6\n|teamsize|p2|6\n|start\n|switch|p1a: Starmie|Starmie|100/100\n|switch|p2a: Starmie|Starmie|100/100\n|turn|1\n|c|☆Nails|hf\n|c|☆Peasounay|u2\n|inactive|Nails has 270 seconds left.\n|\n|t:|1784492514\n|switch|p1a: Chansey|Chansey|100/100\n|switch|p2a: Chansey|Chansey|100/100\n|\n|upkeep\n|turn|2\n|\n|t:|1784492537\n|switch|p2a: Starmie|Starmie|100/100\n|move|p1a: Chansey|Sing|p2a: Starmie\n|-status|p2a: Starmie|slp|[from] move: Sing\n|\n|upkeep\n|turn|3\n|\n|t:|1784492544\n|switch|p2a: Chansey|Chansey|100/100\n|move|p1a: Chansey|Ice Beam|p2a: Chansey\n|-damage|p2a: Chansey|90/100\n|-status|p2a: Chansey|frz\n|\n|upkeep\n|turn|4\n|\n|t:|1784492570\n|switch|p2a: Starmie|Starmie|100/100 slp\n|switch|p1a: Starmie|Starmie|100/100\n|\n|upkeep\n|turn|5\n|\n|t:|1784492583\n|switch|p2a: Exeggutor|Exeggutor|100/100\n|move|p1a: Starmie|Psychic|p2a: Exeggutor\n|-resisted|p2a: Exeggutor\n|-damage|p2a: Exeggutor|89/100\n|\n|upkeep\n|turn|6\n|\n|t:|1784492593\n|move|p1a: Starmie|Thunder Wave|p2a: Exeggutor\n|-status|p2a: Exeggutor|par\n|move|p2a: Exeggutor|Sleep Powder|p1a: Starmie\n|-status|p1a: Starmie|slp|[from] move: Sleep Powder\n|\n|upkeep\n|turn|7\n|inactive|Nails has 270 seconds left.\n|c|+We Three Kings|u not watching wc finals bro?\n|c|+We Three Kings|think france might be there\n|c|+We Three Kings|not sure\n|c|☆Nails|rude\n|c|☆Peasounay|4-1\n|inactive|Nails has 240 seconds left.\n|c|+We Three Kings|thats embarrasing considering u were facing\n|c|+We Three Kings|strand larsen\n|c|☆Peasounay|Dembélé is now president of Norway bro\n|c|+We Three Kings|probs better than our current one\n|inactive|Nails has 210 seconds left.\n|\n|t:|1784492680\n|switch|p1a: Alakazam|Alakazam|100/100\n|move|p2a: Exeggutor|Stun Spore|p1a: Alakazam\n|-status|p1a: Alakazam|par\n|\n|upkeep\n|turn|8\n|\n|t:|1784492697\n|switch|p2a: Snorlax|Snorlax|100/100\n|move|p1a: Alakazam|Psychic|p2a: Snorlax\n|-damage|p2a: Snorlax|69/100\n|\n|upkeep\n|turn|9\n|inactive|Nails has 180 seconds left.\n|\n|t:|1784492741\n|switch|p1a: Snorlax|Snorlax|100/100\n|move|p2a: Snorlax|Body Slam|p1a: Snorlax\n|-damage|p1a: Snorlax|75/100\n|\n|upkeep\n|turn|10\n|\n|t:|1784492765\n|move|p2a: Snorlax|Reflect|p2a: Snorlax\n|-start|p2a: Snorlax|Reflect\n|move|p1a: Snorlax|Reflect|p1a: Snorlax\n|-start|p1a: Snorlax|Reflect\n|\n|upkeep\n|turn|11\n|\n|t:|1784492769\n|move|p1a: Snorlax|Body Slam|p2a: Snorlax\n|-damage|p2a: Snorlax|55/100\n|move|p2a: Snorlax|Body Slam|p1a: Snorlax\n|-damage|p1a: Snorlax|61/100\n|\n|upkeep\n|turn|12\n|\n|t:|1784492775\n|move|p1a: Snorlax|Body Slam|p2a: Snorlax\n|-damage|p2a: Snorlax|41/100\n|move|p2a: Snorlax|Rest|p2a: Snorlax\n|-status|p2a: Snorlax|slp|[from] move: Rest\n|-heal|p2a: Snorlax|100/100 slp|[silent]\n|\n|upkeep\n|turn|13\n|\n|t:|1784492778\n|cant|p2a: Snorlax|slp\n|move|p1a: Snorlax|Rest|p1a: Snorlax\n|-status|p1a: Snorlax|slp|[from] move: Rest\n|-heal|p1a: Snorlax|100/100 slp|[silent]\n|\n|upkeep\n|turn|14\n|inactive|Nails has 180 seconds left.\n|\n|t:|1784492788\n|cant|p1a: Snorlax|slp\n|-curestatus|p2a: Snorlax|slp|[msg]\n|\n|upkeep\n|turn|15\n|\n|t:|1784492796\n|move|p2a: Snorlax|Body Slam|p1a: Snorlax\n|-damage|p1a: Snorlax|87/100 slp\n|-curestatus|p1a: Snorlax|slp|[msg]\n|\n|upkeep\n|turn|16\n|\n|t:|1784492801\n|move|p2a: Snorlax|Body Slam|p1a: Snorlax\n|-damage|p1a: Snorlax|73/100\n|move|p1a: Snorlax|Body Slam|p2a: Snorlax\n|-damage|p2a: Snorlax|87/100\n|\n|upkeep\n|turn|17\n|\n|t:|1784492807\n|move|p2a: Snorlax|Body Slam|p1a: Snorlax\n|-damage|p1a: Snorlax|59/100\n|move|p1a: Snorlax|Body Slam|p2a: Snorlax\n|-damage|p2a: Snorlax|74/100\n|\n|upkeep\n|turn|18\n|inactive|Nails has 210 seconds left.\n|\n|t:|1784492815\n|move|p1a: Snorlax|Rest|p1a: Snorlax\n|-status|p1a: Snorlax|slp|[from] move: Rest\n|-heal|p1a: Snorlax|100/100 slp|[silent]\n|move|p2a: Snorlax|Body Slam|p1a: Snorlax\n|-damage|p1a: Snorlax|87/100 slp\n|\n|upkeep\n|turn|19\n|\n|t:|1784492821\n|cant|p1a: Snorlax|slp\n|move|p2a: Snorlax|Body Slam|p1a: Snorlax\n|-damage|p1a: Snorlax|75/100 slp\n|\n|upkeep\n|turn|20\n|\n|t:|1784492826\n|-curestatus|p1a: Snorlax|slp|[msg]\n|move|p2a: Snorlax|Body Slam|p1a: Snorlax\n|-damage|p1a: Snorlax|62/100\n|\n|upkeep\n|turn|21\n|\n|t:|1784492838\n|move|p1a: Snorlax|Body Slam|p2a: Snorlax\n|-damage|p2a: Snorlax|61/100\n|move|p2a: Snorlax|Body Slam|p1a: Snorlax\n|-damage|p1a: Snorlax|49/100\n|\n|upkeep\n|turn|22\n|\n|t:|1784492843\n|move|p1a: Snorlax|Rest|p1a: Snorlax\n|-status|p1a: Snorlax|slp|[from] move: Rest\n|-heal|p1a: Snorlax|100/100 slp|[silent]\n|move|p2a: Snorlax|Body Slam|p1a: Snorlax\n|-damage|p1a: Snorlax|86/100 slp\n|\n|upkeep\n|turn|23\n|\n|t:|1784492850\n|move|p2a: Snorlax|Body Slam|p1a: Snorlax\n|-crit|p1a: Snorlax\n|-damage|p1a: Snorlax|33/100 slp\n|cant|p1a: Snorlax|slp\n|\n|upkeep\n|turn|24\n|\n|t:|1784492869\n|move|p2a: Snorlax|Body Slam|p1a: Snorlax\n|-damage|p1a: Snorlax|19/100 slp\n|-curestatus|p1a: Snorlax|slp|[msg]\n|\n|upkeep\n|turn|25\n|\n|t:|1784492884\n|move|p1a: Snorlax|Rest|p1a: Snorlax\n|-status|p1a: Snorlax|slp|[from] move: Rest\n|-heal|p1a: Snorlax|100/100 slp|[silent]\n|move|p2a: Snorlax|Hyper Beam|p1a: Snorlax|[miss]\n|-miss|p2a: Snorlax\n|\n|upkeep\n|turn|26\n|\n|t:|1784492896\n|move|p2a: Snorlax|Body Slam|p1a: Snorlax\n|-damage|p1a: Snorlax|87/100 slp\n|cant|p1a: Snorlax|slp\n|\n|upkeep\n|turn|27\n|\n|t:|1784492901\n|move|p2a: Snorlax|Body Slam|p1a: Snorlax\n|-damage|p1a: Snorlax|74/100 slp\n|-curestatus|p1a: Snorlax|slp|[msg]\n|\n|upkeep\n|turn|28\n|\n|t:|1784492908\n|move|p1a: Snorlax|Body Slam|p2a: Snorlax\n|-damage|p2a: Snorlax|46/100\n|move|p2a: Snorlax|Body Slam|p1a: Snorlax|[miss]\n|-miss|p2a: Snorlax\n|-hint|In Gen 1, moves with 100% accuracy can still miss 1/256 of the time.\n|\n|upkeep\n|turn|29\n|\n|t:|1784492931\n|move|p2a: Snorlax|Rest|p2a: Snorlax\n|-status|p2a: Snorlax|slp|[from] move: Rest\n|-heal|p2a: Snorlax|100/100 slp|[silent]\n|move|p1a: Snorlax|Body Slam|p2a: Snorlax\n|-damage|p2a: Snorlax|87/100 slp\n|\n|upkeep\n|turn|30\n|inactive|Nails has 270 seconds left.\n|\n|t:|1784492948\n|switch|p1a: Cloyster|Cloyster|100/100\n|cant|p2a: Snorlax|slp\n|\n|upkeep\n|turn|31\n|\n|t:|1784492960\n|switch|p2a: Starmie|Starmie|100/100 slp\n|move|p1a: Cloyster|Blizzard|p2a: Starmie\n|-resisted|p2a: Starmie\n|-damage|p2a: Starmie|81/100 slp\n|\n|upkeep\n|turn|32\n|\n|t:|1784492967\n|switch|p1a: Tauros|Tauros|100/100\n|cant|p2a: Starmie|slp\n|\n|upkeep\n|turn|33\n|\n|t:|1784492972\n|switch|p2a: Chansey|Chansey|90/100 frz\n|move|p1a: Tauros|Body Slam|p2a: Chansey\n|-damage|p2a: Chansey|53/100 frz\n|\n|upkeep\n|turn|34\n|\n|t:|1784492977\n|move|p1a: Tauros|Body Slam|p2a: Chansey\n|-damage|p2a: Chansey|16/100 frz\n|cant|p2a: Chansey|frz\n|\n|upkeep\n|turn|35\n|\n|t:|1784492987\n|move|p1a: Tauros|Body Slam|p2a: Chansey\n|-damage|p2a: Chansey|0 fnt\n|faint|p2a: Chansey\n|\n|t:|1784492990\n|switch|p2a: Tauros|Tauros|100/100\n|turn|36\n|\n|t:|1784493018\n|switch|p1a: Cloyster|Cloyster|100/100\n|move|p2a: Tauros|Body Slam|p1a: Cloyster\n|-damage|p1a: Cloyster|79/100\n|-status|p1a: Cloyster|par\n|\n|upkeep\n|turn|37\n|inactive|Nails has 270 seconds left.\n|\n|t:|1784493044\n|move|p2a: Tauros|Thunderbolt|p1a: Cloyster\n|-crit|p1a: Cloyster\n|-supereffective|p1a: Cloyster\n|-damage|p1a: Cloyster|0 fnt\n|faint|p1a: Cloyster\n|\n|t:|1784493062\n|switch|p1a: Chansey|Chansey|100/100\n|turn|38\n|inactive|Nails has 240 seconds left.\n|\n|t:|1784493093\n|switch|p2a: Snorlax|Snorlax|87/100 slp\n|move|p1a: Chansey|Ice Beam|p2a: Snorlax\n|-damage|p2a: Snorlax|67/100 slp\n|\n|upkeep\n|turn|39\n|\n|t:|1784493108\n|move|p1a: Chansey|Ice Beam|p2a: Snorlax\n|-damage|p2a: Snorlax|49/100 slp\n|-curestatus|p2a: Snorlax|slp|[msg]\n|\n|upkeep\n|turn|40\n|inactive|Nails has 240 seconds left.\n|\n|t:|1784493117\n|move|p1a: Chansey|Ice Beam|p2a: Snorlax\n|-damage|p2a: Snorlax|31/100\n|move|p2a: Snorlax|Hyper Beam|p1a: Chansey\n|-damage|p1a: Chansey|31/100\n|-mustrecharge|p2a: Snorlax\n|\n|upkeep\n|turn|41\n|inactive|Nails has 240 seconds left.\n|\n|t:|1784493129\n|move|p1a: Chansey|Soft-Boiled|p1a: Chansey\n|-heal|p1a: Chansey|81/100\n|cant|p2a: Snorlax|recharge\n|\n|upkeep\n|turn|42\n|inactive|Nails has 240 seconds left.\n|\n|t:|1784493158\n|move|p1a: Chansey|Ice Beam|p2a: Snorlax\n|-crit|p2a: Snorlax\n|-damage|p2a: Snorlax|0 fnt\n|faint|p2a: Snorlax\n|inactive|Peasounay has 270 seconds left.\n|inactive|Peasounay has 240 seconds left.\n|inactive|Peasounay has 210 seconds left.\n|\n|t:|1784493244\n|switch|p2a: Exeggutor|Exeggutor|89/100 par\n|turn|43\n|inactive|Nails has 240 seconds left.\n|inactive|Nails has 210 seconds left.\n|\n|t:|1784493317\n|switch|p1a: Alakazam|Alakazam|100/100 par\n|switch|p2a: Rhydon|Rhydon|100/100\n|\n|upkeep\n|turn|44\n|inactive|Nails has 180 seconds left.\n|\n|t:|1784493338\n|move|p2a: Rhydon|Earthquake|p1a: Alakazam\n|-damage|p1a: Alakazam|29/100 par\n|move|p1a: Alakazam|Psychic|p2a: Rhydon\n|-crit|p2a: Rhydon\n|-damage|p2a: Rhydon|5/100\n|\n|upkeep\n|turn|45\n|inactive|Nails has 180 seconds left.\n|\n|t:|1784493365\n|move|p2a: Rhydon|Earthquake|p1a: Alakazam\n|-damage|p1a: Alakazam|0 fnt\n|faint|p1a: Alakazam\n|\n|t:|1784493371\n|switch|p1a: Tauros|Tauros|100/100\n|turn|46\n|inactive|Peasounay has 210 seconds left.\n|\n|t:|1784493387\n|switch|p2a: Starmie|Starmie|81/100 slp\n|move|p1a: Tauros|Body Slam|p2a: Starmie\n|-damage|p2a: Starmie|46/100 slp\n|\n|upkeep\n|turn|47\n|inactive|Nails has 150 seconds left.\n|\n|t:|1784493423\n|cant|p2a: Starmie|slp\n|move|p1a: Tauros|Hyper Beam|p2a: Starmie\n|-damage|p2a: Starmie|0 fnt\n|faint|p2a: Starmie\n|\n|t:|1784493428\n|switch|p2a: Tauros|Tauros|100/100\n|turn|48\n|inactive|Peasounay has 210 seconds left.\n|inactive|Nails has 150 seconds left.\n|\n|t:|1784493441\n|move|p2a: Tauros|Blizzard|p1a: Tauros\n|-damage|p1a: Tauros|73/100\n|move|p1a: Tauros|Body Slam|p2a: Tauros\n|-crit|p2a: Tauros\n|-damage|p2a: Tauros|47/100\n|\n|upkeep\n|turn|49\n|inactive|Nails has 150 seconds left.\n|inactive|Peasounay has 210 seconds left.\n|\n|t:|1784493479\n|move|p1a: Tauros|Hyper Beam|p2a: Tauros\n|-damage|p2a: Tauros|0 fnt\n|faint|p2a: Tauros\n|inactive|Peasounay has 210 seconds left.\n|\n|t:|1784493505\n|switch|p2a: Exeggutor|Exeggutor|89/100 par\n|turn|50\n|inactive|Nails has 120 seconds left.\n|\n|t:|1784493529\n|move|p1a: Tauros|Body Slam|p2a: Exeggutor\n|-damage|p2a: Exeggutor|61/100 par\n|cant|p2a: Exeggutor|par\n|\n|upkeep\n|turn|51\n|\n|t:|1784493535\n|move|p1a: Tauros|Body Slam|p2a: Exeggutor\n|-damage|p2a: Exeggutor|31/100 par\n|cant|p2a: Exeggutor|par\n|\n|upkeep\n|turn|52\n|c|☆Peasounay|ggs\n|-message|Peasounay forfeited.\n|\n|win|Nails\n|c|☆Nails|ggs\n","uploadtime":1784493544,"views":"90","formatid":"gen1ou","rating":null,"private":0,"password":null}