{"id":"smogtours-gen1ou-904619","format":"[Gen 1] OU","players":["BeeOrSomething","Serpi n_n"],"log":"|inactive|Battle timer is ON: inactive players will automatically lose when time's up.\n|t:|1769965944\n|gametype|singles\n|player|p1|BeeOrSomething|#beeorsomething|\n|player|p2|Serpi n_n|#splxviibigs2|\n|gen|1\n|tier|[Gen 1] OU\n|rule|Desync Clause Mod: Desyncs changed to move failure.\n|rule|Sleep Clause Mod: Limit one foe put to sleep\n|rule|Freeze Clause Mod: Limit one foe frozen\n|rule|Species Clause: Limit one of each Pokémon\n|rule|OHKO Clause: OHKO moves are banned\n|rule|Evasion Moves Clause: Evasion moves are banned\n|rule|Endless Battle Clause: Forcing endless battles is banned\n|rule|HP Percentage Mod: HP is shown in percentages\n|\n|t:|1769965944\n|teamsize|p1|6\n|teamsize|p2|6\n|start\n|switch|p1a: Son I'm Trine|Jolteon|100/100\n|switch|p2a: Starmie|Starmie|100/100\n|turn|1\n|c|☆BeeOrSomething|glhf\n|c|☆Serpi n_n|hf\n|rated|Smogon Premier League\n|inactive|Serpi n_n has 270 seconds left.\n|\n|t:|1769965981\n|switch|p1a: Son I'm Line|Jynx|100/100\n|move|p2a: Starmie|Thunder Wave|p1a: Son I'm Line\n|-status|p1a: Son I'm Line|par\n|\n|upkeep\n|turn|2\n|\n|t:|1769965993\n|move|p2a: Starmie|Surf|p1a: Son I'm Line\n|-damage|p1a: Son I'm Line|66/100 par\n|move|p1a: Son I'm Line|Lovely Kiss|p2a: Starmie\n|-status|p2a: Starmie|slp|[from] move: Lovely Kiss\n|\n|upkeep\n|turn|3\n|\n|t:|1769966012\n|switch|p1a: Son I'm Crine|Tauros|100/100\n|cant|p2a: Starmie|slp\n|\n|upkeep\n|turn|4\n|\n|t:|1769966030\n|switch|p2a: Snorlax|Snorlax|100/100\n|move|p1a: Son I'm Crine|Body Slam|p2a: Snorlax\n|-damage|p2a: Snorlax|74/100\n|\n|upkeep\n|turn|5\n|\n|t:|1769966036\n|move|p1a: Son I'm Crine|Body Slam|p2a: Snorlax\n|-damage|p2a: Snorlax|47/100\n|move|p2a: Snorlax|Body Slam|p1a: Son I'm Crine\n|-damage|p1a: Son I'm Crine|70/100\n|\n|upkeep\n|turn|6\n|\n|t:|1769966055\n|move|p1a: Son I'm Crine|Body Slam|p2a: Snorlax\n|-damage|p2a: Snorlax|22/100\n|move|p2a: Snorlax|Body Slam|p1a: Son I'm Crine\n|-damage|p1a: Son I'm Crine|39/100\n|\n|upkeep\n|turn|7\n|inactive|Serpi n_n has 270 seconds left.\n|\n|t:|1769966101\n|move|p1a: Son I'm Crine|Body Slam|p2a: Snorlax\n|-crit|p2a: Snorlax\n|-damage|p2a: Snorlax|0 fnt\n|faint|p2a: Snorlax\n|\n|t:|1769966111\n|switch|p2a: Tauros|Tauros|100/100\n|turn|8\n|\n|t:|1769966131\n|switch|p1a: Son I'm Brine|Starmie|100/100\n|move|p2a: Tauros|Body Slam|p1a: Son I'm Brine\n|-crit|p1a: Son I'm Brine\n|-damage|p1a: Son I'm Brine|29/100\n|-status|p1a: Son I'm Brine|par\n|\n|upkeep\n|turn|9\n|\n|t:|1769966140\n|move|p2a: Tauros|Body Slam|p1a: Son I'm Brine\n|-damage|p1a: Son I'm Brine|0 fnt\n|faint|p1a: Son I'm Brine\n|\n|t:|1769966143\n|switch|p1a: Son I'm Frine|Snorlax|100/100\n|turn|10\n|inactive|Serpi n_n has 240 seconds left.\n|\n|t:|1769966173\n|switch|p2a: Chansey|Chansey|100/100\n|move|p1a: Son I'm Frine|Body Slam|p2a: Chansey\n|-damage|p2a: Chansey|62/100\n|\n|upkeep\n|turn|11\n|inactive|Serpi n_n has 240 seconds left.\n|inactive|BeeOrSomething has 270 seconds left.\n|inactive|Serpi n_n has 210 seconds left.\n|inactive|Serpi n_n has 180 seconds left.\n|inactive|Serpi n_n has 150 seconds left.\n|\n|t:|1769966278\n|move|p2a: Chansey|Sing|p1a: Son I'm Frine|[miss]\n|-miss|p2a: Chansey\n|move|p1a: Son I'm Frine|Body Slam|p2a: Chansey\n|-damage|p2a: Chansey|21/100\n|\n|upkeep\n|turn|12\n|\n|t:|1769966294\n|switch|p1a: Son I'm Trine|Jolteon|100/100\n|move|p2a: Chansey|Soft-Boiled|p2a: Chansey\n|-heal|p2a: Chansey|71/100\n|\n|upkeep\n|turn|13\n|inactive|Serpi n_n has 150 seconds left.\n|inactive|Serpi n_n has 120 seconds left.\n|\n|t:|1769966339\n|move|p1a: Son I'm Trine|Thunder Wave|p2a: Chansey\n|-status|p2a: Chansey|par\n|move|p2a: Chansey|Thunder Wave|p1a: Son I'm Trine\n|-status|p1a: Son I'm Trine|par\n|\n|upkeep\n|turn|14\n|inactive|Serpi n_n has 120 seconds left.\n|\n|t:|1769966352\n|switch|p1a: Son I'm Frine|Snorlax|100/100\n|switch|p2a: Rhydon|Rhydon|100/100\n|\n|upkeep\n|turn|15\n|\n|t:|1769966362\n|switch|p2a: Exeggutor|Exeggutor|100/100\n|switch|p1a: Son I'm Drine|Exeggutor|100/100\n|\n|upkeep\n|turn|16\n|inactive|Serpi n_n has 120 seconds left.\n|inactive|BeeOrSomething has 240 seconds left.\n|inactive|BeeOrSomething has 210 seconds left.\n|inactive|Serpi n_n has 90 seconds left.\n|inactive|Serpi n_n has 60 seconds left.\n|\n|t:|1769966460\n|switch|p1a: Son I'm Line|Jynx|66/100 par\n|move|p2a: Exeggutor|Psychic|p1a: Son I'm Line\n|-resisted|p1a: Son I'm Line\n|-damage|p1a: Son I'm Line|47/100 par\n|\n|upkeep\n|turn|17\n|inactive|Serpi n_n has 60 seconds left.\n|inactive|BeeOrSomething has 180 seconds left.\n|\n|t:|1769966490\n|switch|p2a: Chansey|Chansey|71/100 par\n|move|p1a: Son I'm Line|Blizzard|p2a: Chansey\n|-crit|p2a: Chansey\n|-damage|p2a: Chansey|34/100 par\n|\n|upkeep\n|turn|18\n|inactive|BeeOrSomething has 180 seconds left.\n|\n|t:|1769966503\n|move|p1a: Son I'm Line|Blizzard|p2a: Chansey\n|-damage|p2a: Chansey|16/100 par\n|move|p2a: Chansey|Soft-Boiled|p2a: Chansey\n|-heal|p2a: Chansey|66/100 par\n|\n|upkeep\n|turn|19\n|\n|t:|1769966519\n|move|p1a: Son I'm Line|Psychic|p2a: Chansey\n|-crit|p2a: Chansey\n|-damage|p2a: Chansey|40/100 par\n|cant|p2a: Chansey|par\n|\n|upkeep\n|turn|20\n|\n|t:|1769966533\n|switch|p1a: Son I'm Frine|Snorlax|100/100\n|move|p2a: Chansey|Soft-Boiled|p2a: Chansey\n|-heal|p2a: Chansey|90/100 par\n|\n|upkeep\n|turn|21\n|\n|t:|1769966548\n|move|p1a: Son I'm Frine|Body Slam|p2a: Chansey\n|-damage|p2a: Chansey|50/100 par\n|move|p2a: Chansey|Thunder Wave|p1a: Son I'm Frine\n|-status|p1a: Son I'm Frine|par\n|\n|upkeep\n|turn|22\n|\n|t:|1769966562\n|switch|p2a: Rhydon|Rhydon|100/100\n|move|p1a: Son I'm Frine|Body Slam|p2a: Rhydon\n|-resisted|p2a: Rhydon\n|-damage|p2a: Rhydon|89/100\n|-status|p2a: Rhydon|par\n|\n|upkeep\n|turn|23\n|\n|t:|1769966579\n|switch|p1a: Son I'm Drine|Exeggutor|100/100\n|move|p2a: Rhydon|Body Slam|p1a: Son I'm Drine\n|-damage|p1a: Son I'm Drine|79/100\n|\n|upkeep\n|turn|24\n|inactive|BeeOrSomething has 180 seconds left.\n|inactive|Serpi n_n has 30 seconds left.\n|inactive|Serpi n_n has 20 seconds left.\n|inactive|Serpi n_n has 15 seconds left.\n|inactive|Serpi n_n has 10 seconds left.\n|\n|t:|1769966627\n|switch|p2a: Starmie|Starmie|100/100 slp\n|move|p1a: Son I'm Drine|Stun Spore|p2a: Starmie\n|-fail|p2a: Starmie\n|\n|upkeep\n|turn|25\n|inactive|Serpi n_n has 20 seconds left this turn.\n|inactive|Serpi n_n has 15 seconds left.\n|\n|t:|1769966636\n|switch|p2a: Exeggutor|Exeggutor|100/100\n|switch|p1a: Son I'm Frine|Snorlax|100/100 par\n|\n|upkeep\n|turn|26\n|inactive|Serpi n_n has 25 seconds left this turn.\n|inactive|Serpi n_n has 20 seconds left.\n|inactive|Serpi n_n has 15 seconds left.\n|\n|t:|1769966647\n|move|p2a: Exeggutor|Psychic|p1a: Son I'm Frine\n|-damage|p1a: Son I'm Frine|70/100 par\n|move|p1a: Son I'm Frine|Body Slam|p2a: Exeggutor\n|-damage|p2a: Exeggutor|70/100\n|-status|p2a: Exeggutor|par\n|\n|upkeep\n|turn|27\n|inactive|Serpi n_n has 25 seconds left this turn.\n|inactive|BeeOrSomething has 180 seconds left.\n|inactive|Serpi n_n has 20 seconds left.\n|\n|t:|1769966654\n|switch|p1a: Son I'm Line|Jynx|47/100 par\n|move|p2a: Exeggutor|Psychic|p1a: Son I'm Line\n|-resisted|p1a: Son I'm Line\n|-damage|p1a: Son I'm Line|27/100 par\n|-unboost|p1a: Son I'm Line|spa|1\n|-unboost|p1a: Son I'm Line|spd|1\n|\n|upkeep\n|turn|28\n|inactive|Serpi n_n has 30 seconds left this turn.\n|inactive|BeeOrSomething has 180 seconds left.\n|\n|t:|1769966666\n|switch|p1a: Son I'm Trine|Jolteon|100/100 par\n|cant|p2a: Exeggutor|par\n|\n|upkeep\n|turn|29\n|inactive|Serpi n_n has 30 seconds left.\n|\n|t:|1769966681\n|switch|p1a: Son I'm Line|Jynx|27/100 par\n|switch|p2a: Rhydon|Rhydon|89/100 par\n|\n|upkeep\n|turn|30\n|inactive|Serpi n_n has 30 seconds left.\n|inactive|BeeOrSomething has 180 seconds left.\n|\n|t:|1769966713\n|switch|p1a: Son I'm Crine|Tauros|39/100\n|switch|p2a: Chansey|Chansey|50/100 par\n|\n|upkeep\n|turn|31\n|inactive|Serpi n_n has 30 seconds left.\n|inactive|BeeOrSomething has 150 seconds left.\n|\n|t:|1769966742\n|switch|p2a: Starmie|Starmie|100/100 slp\n|move|p1a: Son I'm Crine|Earthquake|p2a: Starmie\n|-damage|p2a: Starmie|72/100 slp\n|\n|upkeep\n|turn|32\n|\n|t:|1769966745\n|cant|p2a: Starmie|slp\n|move|p1a: Son I'm Crine|Body Slam|p2a: Starmie\n|-crit|p2a: Starmie\n|-damage|p2a: Starmie|9/100 slp\n|\n|upkeep\n|turn|33\n|\n|t:|1769966749\n|cant|p2a: Starmie|slp\n|move|p1a: Son I'm Crine|Earthquake|p2a: Starmie\n|-damage|p2a: Starmie|0 fnt\n|faint|p2a: Starmie\n|\n|t:|1769966750\n|switch|p2a: Tauros|Tauros|100/100\n|turn|34\n|inactive|BeeOrSomething has 180 seconds left.\n|\n|t:|1769966772\n|switch|p1a: Son I'm Line|Jynx|27/100 par\n|move|p2a: Tauros|Body Slam|p1a: Son I'm Line\n|-damage|p1a: Son I'm Line|0 fnt\n|faint|p1a: Son I'm Line\n|\n|t:|1769966784\n|switch|p1a: Son I'm Drine|Exeggutor|79/100\n|turn|35\n|inactive|Serpi n_n has 60 seconds left.\n|\n|t:|1769966799\n|switch|p2a: Chansey|Chansey|50/100 par\n|move|p1a: Son I'm Drine|Psychic|p2a: Chansey\n|-damage|p2a: Chansey|33/100 par\n|\n|upkeep\n|turn|36\n|inactive|BeeOrSomething has 150 seconds left.\n|inactive|BeeOrSomething has 120 seconds left.\n|\n|t:|1769966860\n|switch|p1a: Son I'm Trine|Jolteon|100/100 par\n|move|p2a: Chansey|Soft-Boiled|p2a: Chansey\n|-heal|p2a: Chansey|83/100 par\n|\n|upkeep\n|turn|37\n|inactive|Serpi n_n has 60 seconds left.\n|\n|t:|1769966881\n|switch|p2a: Rhydon|Rhydon|89/100 par\n|move|p1a: Son I'm Trine|Double Kick|p2a: Rhydon\n|-supereffective|p2a: Rhydon\n|-damage|p2a: Rhydon|80/100 par\n|-damage|p2a: Rhydon|71/100 par\n|-hitcount|p2a: Rhydon|2\n|\n|upkeep\n|turn|38\n|inactive|BeeOrSomething has 120 seconds left.\n|inactive|Serpi n_n has 60 seconds left.\n|inactive|BeeOrSomething has 90 seconds left.\n|\n|t:|1769966930\n|switch|p1a: Son I'm Drine|Exeggutor|79/100\n|move|p2a: Rhydon|Earthquake|p1a: Son I'm Drine\n|-crit|p1a: Son I'm Drine\n|-resisted|p1a: Son I'm Drine\n|-damage|p1a: Son I'm Drine|42/100\n|\n|upkeep\n|turn|39\n|inactive|BeeOrSomething has 90 seconds left.\n|inactive|Serpi n_n has 60 seconds left.\n|inactive|BeeOrSomething has 60 seconds left.\n|\n|t:|1769966970\n|switch|p1a: Son I'm Crine|Tauros|39/100\n|switch|p2a: Chansey|Chansey|83/100 par\n|\n|upkeep\n|turn|40\n|inactive|BeeOrSomething has 60 seconds left.\n|\n|t:|1769966994\n|move|p1a: Son I'm Crine|Body Slam|p2a: Chansey\n|-damage|p2a: Chansey|42/100 par\n|move|p2a: Chansey|Thunder Wave|p1a: Son I'm Crine\n|-status|p1a: Son I'm Crine|par\n|\n|upkeep\n|turn|41\n|inactive|Serpi n_n has 30 seconds left.\n|inactive|BeeOrSomething has 30 seconds left.\n|inactive|Serpi n_n has 20 seconds left.\n|inactive|Serpi n_n has 15 seconds left.\n|\n|t:|1769967033\n|cant|p1a: Son I'm Crine|par\n|move|p2a: Chansey|Seismic Toss|p1a: Son I'm Crine\n|-damage|p1a: Son I'm Crine|11/100 par\n|\n|upkeep\n|turn|42\n|inactive|Serpi n_n has 25 seconds left this turn.\n|inactive|Serpi n_n has 20 seconds left.\n|inactive|Serpi n_n has 15 seconds left.\n|inactive|Serpi n_n has 10 seconds left.\n|\n|t:|1769967050\n|switch|p2a: Rhydon|Rhydon|71/100 par\n|move|p1a: Son I'm Crine|Body Slam|p2a: Rhydon\n|-resisted|p2a: Rhydon\n|-damage|p2a: Rhydon|61/100 par\n|\n|upkeep\n|turn|43\n|inactive|Serpi n_n has 20 seconds left this turn.\n|inactive|Serpi n_n has 15 seconds left.\n|\n|t:|1769967059\n|move|p1a: Son I'm Crine|Blizzard|p2a: Rhydon\n|-supereffective|p2a: Rhydon\n|-damage|p2a: Rhydon|5/100 par\n|move|p2a: Rhydon|Earthquake|p1a: Son I'm Crine\n|-damage|p1a: Son I'm Crine|0 fnt\n|faint|p1a: Son I'm Crine\n|\n|t:|1769967071\n|switch|p1a: Son I'm Trine|Jolteon|100/100 par\n|turn|44\n|inactive|Serpi n_n has 30 seconds left this turn.\n|\n|t:|1769967080\n|move|p1a: Son I'm Trine|Double Kick|p2a: Rhydon\n|-supereffective|p2a: Rhydon\n|-damage|p2a: Rhydon|0 fnt\n|-hitcount|p2a: Rhydon|1\n|faint|p2a: Rhydon\n|inactive|Serpi n_n has 30 seconds left this turn.\n|inactive|Serpi n_n has 20 seconds left.\n|inactive|Serpi n_n has 15 seconds left.\n|\n|t:|1769967095\n|switch|p2a: Chansey|Chansey|42/100 par\n|turn|45\n|inactive|Serpi n_n has 25 seconds left this turn.\n|inactive|BeeOrSomething has 60 seconds left.\n|\n|t:|1769967100\n|cant|p1a: Son I'm Trine|par\n|cant|p2a: Chansey|par\n|\n|upkeep\n|turn|46\n|inactive|Serpi n_n has 30 seconds left.\n|\n|t:|1769967107\n|move|p1a: Son I'm Trine|Double Kick|p2a: Chansey\n|-supereffective|p2a: Chansey\n|-damage|p2a: Chansey|27/100 par\n|-damage|p2a: Chansey|12/100 par\n|-hitcount|p2a: Chansey|2\n|cant|p2a: Chansey|par\n|\n|upkeep\n|turn|47\n|inactive|Serpi n_n has 30 seconds left.\n|\n|t:|1769967122\n|cant|p1a: Son I'm Trine|par\n|move|p2a: Chansey|Soft-Boiled|p2a: Chansey\n|-heal|p2a: Chansey|62/100 par\n|\n|upkeep\n|turn|48\n|\n|t:|1769967126\n|move|p1a: Son I'm Trine|Double Kick|p2a: Chansey\n|-supereffective|p2a: Chansey\n|-damage|p2a: Chansey|47/100 par\n|-damage|p2a: Chansey|32/100 par\n|-hitcount|p2a: Chansey|2\n|move|p2a: Chansey|Seismic Toss|p1a: Son I'm Trine\n|-damage|p1a: Son I'm Trine|70/100 par\n|\n|upkeep\n|turn|49\n|inactive|BeeOrSomething has 90 seconds left.\n|\n|t:|1769967139\n|move|p1a: Son I'm Trine|Double Kick|p2a: Chansey\n|-crit|p2a: Chansey\n|-supereffective|p2a: Chansey\n|-damage|p2a: Chansey|4/100 par\n|-damage|p2a: Chansey|0 fnt\n|-hitcount|p2a: Chansey|2\n|faint|p2a: Chansey\n|\n|t:|1769967142\n|switch|p2a: Tauros|Tauros|100/100\n|turn|50\n|\n|t:|1769967169\n|move|p2a: Tauros|Hyper Beam|p1a: Son I'm Trine\n|-damage|p1a: Son I'm Trine|0 fnt\n|faint|p1a: Son I'm Trine\n|\n|t:|1769967173\n|switch|p1a: Son I'm Frine|Snorlax|70/100 par\n|turn|51\n|inactive|Serpi n_n has 30 seconds left.\n|inactive|Serpi n_n has 20 seconds left.\n|\n|t:|1769967204\n|move|p2a: Tauros|Body Slam|p1a: Son I'm Frine\n|-damage|p1a: Son I'm Frine|44/100 par\n|move|p1a: Son I'm Frine|Body Slam|p2a: Tauros\n|-damage|p2a: Tauros|72/100\n|\n|upkeep\n|turn|52\n|inactive|Serpi n_n has 30 seconds left this turn.\n|inactive|Serpi n_n has 20 seconds left.\n|inactive|Serpi n_n has 15 seconds left.\n|inactive|Serpi n_n has 10 seconds left.\n|\n|t:|1769967225\n|switch|p2a: Exeggutor|Exeggutor|70/100 par\n|switch|p1a: Son I'm Drine|Exeggutor|42/100\n|\n|upkeep\n|turn|53\n|inactive|Serpi n_n has 20 seconds left this turn.\n|inactive|Serpi n_n has 15 seconds left.\n|inactive|Serpi n_n has 10 seconds left.\n|\n|t:|1769967238\n|move|p1a: Son I'm Drine|Explosion|p2a: Exeggutor\n|-damage|p2a: Exeggutor|0 fnt\n|faint|p2a: Exeggutor\n|faint|p1a: Son I'm Drine\n|inactive|Serpi n_n has 15 seconds left this turn.\n|\n|t:|1769967240\n|switch|p1a: Son I'm Frine|Snorlax|44/100 par\n|switch|p2a: Tauros|Tauros|72/100\n|turn|54\n|inactive|Serpi n_n has 25 seconds left this turn.\n|\n|t:|1769967243\n|move|p2a: Tauros|Hyper Beam|p1a: Son I'm Frine\n|-crit|p1a: Son I'm Frine\n|-damage|p1a: Son I'm Frine|0 fnt\n|faint|p1a: Son I'm Frine\n|\n|win|Serpi n_n\n|c|☆BeeOrSomething|gg\n|c|☆Serpi n_n|ggs\n|player|p1|\n","uploadtime":1769967243,"views":"1175","formatid":"gen1ou","rating":null,"private":0,"password":null}