{"id":"smogtours-gen1ou-819918","format":"[Gen 1] OU","players":["Luispeikou","Sceptross"],"log":"|inactive|Battle timer is ON: inactive players will automatically lose when time's up.\n|t:|1739632449\n|gametype|singles\n|player|p1|Luispeikou|#splxvityrants2|\n|player|p2|Sceptross|#splxvicryonicles|\n|teamsize|p1|6\n|teamsize|p2|6\n|gen|1\n|tier|[Gen 1] OU\n|rule|Desync Clause Mod: Desyncs changed to move failure.\n|rule|Sleep Clause Mod: Limit one foe put to sleep\n|rule|Freeze Clause Mod: Limit one foe frozen\n|rule|Species Clause: Limit one of each Pokémon\n|rule|OHKO Clause: OHKO moves are banned\n|rule|Evasion Moves Clause: Evasion moves are banned\n|rule|Endless Battle Clause: Forcing endless battles is banned\n|rule|HP Percentage Mod: HP is shown in percentages\n|\n|t:|1739632449\n|start\n|switch|p1a: Alakazam|Alakazam|100/100\n|switch|p2a: Starmie|Starmie|100/100\n|turn|1\n|inactive|Luispeikou also wants the timer to be on.\n|c|☆Sceptross|gl hf\n|c|☆Luispeikou|hf\n|inactive|Sceptross has 270 seconds left.\n|inactive|Sceptross has 240 seconds left.\n|\n|t:|1739632509\n|move|p1a: Alakazam|Seismic Toss|p2a: Starmie\n|-damage|p2a: Starmie|70/100\n|move|p2a: Starmie|Blizzard|p1a: Alakazam\n|-damage|p1a: Alakazam|77/100\n|\n|upkeep\n|turn|2\n|\n|t:|1739632522\n|move|p1a: Alakazam|Thunder Wave|p2a: Starmie\n|-status|p2a: Starmie|par\n|cant|p2a: Starmie|par\n|\n|upkeep\n|turn|3\n|\n|t:|1739632525\n|move|p1a: Alakazam|Seismic Toss|p2a: Starmie\n|-damage|p2a: Starmie|39/100 par\n|move|p2a: Starmie|Recover|p2a: Starmie\n|-heal|p2a: Starmie|88/100 par\n|\n|upkeep\n|turn|4\n|\n|t:|1739632530\n|move|p1a: Alakazam|Seismic Toss|p2a: Starmie\n|-damage|p2a: Starmie|57/100 par\n|move|p2a: Starmie|Recover|p2a: Starmie\n|-heal|p2a: Starmie|100/100 par\n|\n|upkeep\n|turn|5\n|\n|t:|1739632536\n|move|p1a: Alakazam|Seismic Toss|p2a: Starmie\n|-damage|p2a: Starmie|70/100 par\n|cant|p2a: Starmie|par\n|\n|upkeep\n|turn|6\n|\n|t:|1739632557\n|move|p1a: Alakazam|Psychic|p2a: Starmie\n|-resisted|p2a: Starmie\n|-damage|p2a: Starmie|49/100 par\n|move|p2a: Starmie|Recover|p2a: Starmie\n|-heal|p2a: Starmie|99/100 par\n|\n|upkeep\n|turn|7\n|\n|t:|1739632563\n|move|p1a: Alakazam|Seismic Toss|p2a: Starmie\n|-damage|p2a: Starmie|68/100 par\n|cant|p2a: Starmie|par\n|\n|upkeep\n|turn|8\n|\n|t:|1739632567\n|move|p1a: Alakazam|Psychic|p2a: Starmie\n|-resisted|p2a: Starmie\n|-damage|p2a: Starmie|47/100 par\n|cant|p2a: Starmie|par\n|\n|upkeep\n|turn|9\n|\n|t:|1739632572\n|move|p1a: Alakazam|Seismic Toss|p2a: Starmie\n|-damage|p2a: Starmie|16/100 par\n|cant|p2a: Starmie|par\n|\n|upkeep\n|turn|10\n|\n|t:|1739632577\n|switch|p2a: Exeggutor|Exeggutor|100/100\n|move|p1a: Alakazam|Psychic|p2a: Exeggutor\n|-resisted|p2a: Exeggutor\n|-damage|p2a: Exeggutor|86/100\n|\n|upkeep\n|turn|11\n|\n|t:|1739632581\n|move|p1a: Alakazam|Thunder Wave|p2a: Exeggutor\n|-status|p2a: Exeggutor|par\n|move|p2a: Exeggutor|Sleep Powder|p1a: Alakazam\n|-status|p1a: Alakazam|slp|[from] move: Sleep Powder\n|\n|upkeep\n|turn|12\n|inactive|Luispeikou has 270 seconds left.\n|\n|t:|1739632614\n|switch|p1a: Exeggutor|Exeggutor|100/100\n|switch|p2a: Tauros|Tauros|100/100\n|\n|upkeep\n|turn|13\n|rated|Smogon Premier League\n|\n|t:|1739632635\n|switch|p2a: Exeggutor|Exeggutor|86/100 par\n|move|p1a: Exeggutor|Psychic|p2a: Exeggutor\n|-resisted|p2a: Exeggutor\n|-damage|p2a: Exeggutor|73/100 par\n|-unboost|p2a: Exeggutor|spa|1\n|-unboost|p2a: Exeggutor|spd|1\n|\n|upkeep\n|turn|14\n|\n|t:|1739632648\n|move|p1a: Exeggutor|Psychic|p2a: Exeggutor\n|-resisted|p2a: Exeggutor\n|-damage|p2a: Exeggutor|52/100 par\n|move|p2a: Exeggutor|Psychic|p1a: Exeggutor\n|-resisted|p1a: Exeggutor\n|-damage|p1a: Exeggutor|92/100\n|-unboost|p1a: Exeggutor|spa|1\n|-unboost|p1a: Exeggutor|spd|1\n|\n|upkeep\n|turn|15\n|\n|t:|1739632658\n|switch|p2a: Chansey|Chansey|100/100\n|move|p1a: Exeggutor|Psychic|p2a: Chansey\n|-damage|p2a: Chansey|89/100\n|\n|upkeep\n|turn|16\n|\n|t:|1739632671\n|switch|p1a: Snorlax|Snorlax|100/100\n|move|p2a: Chansey|Thunder Wave|p1a: Snorlax\n|-status|p1a: Snorlax|par\n|\n|upkeep\n|turn|17\n|\n|t:|1739632686\n|switch|p2a: Snorlax|Snorlax|100/100\n|move|p1a: Snorlax|Body Slam|p2a: Snorlax\n|-damage|p2a: Snorlax|74/100\n|\n|upkeep\n|turn|18\n|inactive|Luispeikou has 270 seconds left.\n|inactive|Luispeikou has 240 seconds left.\n|inactive|Luispeikou has 210 seconds left.\n|\n|t:|1739632790\n|move|p2a: Snorlax|Reflect|p2a: Snorlax\n|-start|p2a: Snorlax|Reflect\n|move|p1a: Snorlax|Reflect|p1a: Snorlax\n|-start|p1a: Snorlax|Reflect\n|\n|upkeep\n|turn|19\n|\n|t:|1739632794\n|move|p2a: Snorlax|Body Slam|p1a: Snorlax\n|-damage|p1a: Snorlax|87/100 par\n|move|p1a: Snorlax|Ice Beam|p2a: Snorlax\n|-damage|p2a: Snorlax|61/100\n|-status|p2a: Snorlax|frz\n|\n|upkeep\n|turn|20\n|inactive|Sceptross has 270 seconds left.\n|inactive|Sceptross has 240 seconds left.\n|inactive|Sceptross has 210 seconds left.\n|\n|t:|1739632903\n|switch|p2a: Zapdos|Zapdos|100/100\n|cant|p1a: Snorlax|par\n|\n|upkeep\n|turn|21\n|inactive|Luispeikou has 210 seconds left.\n|\n|t:|1739632930\n|move|p2a: Zapdos|Thunderbolt|p1a: Snorlax\n|-damage|p1a: Snorlax|53/100 par\n|move|p1a: Snorlax|Body Slam|p2a: Zapdos\n|-damage|p2a: Zapdos|67/100\n|\n|upkeep\n|turn|22\n|\n|t:|1739632943\n|switch|p1a: Chansey|Chansey|100/100\n|move|p2a: Zapdos|Thunderbolt|p1a: Chansey\n|-damage|p1a: Chansey|83/100\n|\n|upkeep\n|turn|23\n|\n|t:|1739632954\n|switch|p2a: Chansey|Chansey|89/100\n|move|p1a: Chansey|Thunder Wave|p2a: Chansey\n|-status|p2a: Chansey|par\n|\n|upkeep\n|turn|24\n|inactive|Luispeikou has 210 seconds left.\n|\n|t:|1739632970\n|switch|p1a: Snorlax|Snorlax|53/100 par\n|cant|p2a: Chansey|par\n|\n|upkeep\n|turn|25\n|inactive|Sceptross has 210 seconds left.\n|\n|t:|1739632979\n|move|p2a: Chansey|Ice Beam|p1a: Snorlax\n|-damage|p1a: Snorlax|35/100 par\n|move|p1a: Snorlax|Body Slam|p2a: Chansey\n|-damage|p2a: Chansey|46/100 par\n|\n|upkeep\n|turn|26\n|\n|t:|1739632983\n|move|p2a: Chansey|Soft-Boiled|p2a: Chansey\n|-heal|p2a: Chansey|96/100 par\n|cant|p1a: Snorlax|par\n|\n|upkeep\n|turn|27\n|\n|t:|1739632991\n|switch|p2a: Starmie|Starmie|16/100 par\n|move|p1a: Snorlax|Rest|p1a: Snorlax\n|-status|p1a: Snorlax|slp|[from] move: Rest\n|-heal|p1a: Snorlax|100/100 slp|[silent]\n|\n|upkeep\n|turn|28\n|\n|t:|1739632995\n|move|p2a: Starmie|Recover|p2a: Starmie\n|-heal|p2a: Starmie|66/100 par\n|cant|p1a: Snorlax|slp\n|\n|upkeep\n|turn|29\n|inactive|Sceptross has 240 seconds left.\n|inactive|Luispeikou has 240 seconds left.\n|\n|t:|1739633009\n|cant|p2a: Starmie|par\n|-curestatus|p1a: Snorlax|slp|[msg]\n|\n|upkeep\n|turn|30\n|\n|t:|1739633015\n|move|p2a: Starmie|Thunder Wave|p1a: Snorlax\n|-status|p1a: Snorlax|par\n|move|p1a: Snorlax|Body Slam|p2a: Starmie\n|-damage|p2a: Starmie|31/100 par\n|\n|upkeep\n|turn|31\n|\n|t:|1739633018\n|cant|p2a: Starmie|par\n|move|p1a: Snorlax|Body Slam|p2a: Starmie\n|-damage|p2a: Starmie|0 fnt\n|faint|p2a: Starmie\n|inactive|Sceptross has 240 seconds left.\n|inactive|Sceptross has 210 seconds left.\n|\n|t:|1739633083\n|switch|p2a: Tauros|Tauros|100/100\n|turn|32\n|\n|t:|1739633104\n|move|p2a: Tauros|Body Slam|p1a: Snorlax\n|-damage|p1a: Snorlax|77/100 par\n|move|p1a: Snorlax|Body Slam|p2a: Tauros\n|-damage|p2a: Tauros|68/100\n|\n|upkeep\n|turn|33\n|inactive|Luispeikou has 240 seconds left.\n|\n|t:|1739633147\n|move|p2a: Tauros|Body Slam|p1a: Snorlax\n|-crit|p1a: Snorlax\n|-damage|p1a: Snorlax|26/100 par\n|move|p1a: Snorlax|Body Slam|p2a: Tauros\n|-damage|p2a: Tauros|38/100\n|\n|upkeep\n|turn|34\n|\n|t:|1739633158\n|move|p2a: Tauros|Hyper Beam|p1a: Snorlax\n|-damage|p1a: Snorlax|0 fnt\n|faint|p1a: Snorlax\n|inactive|Luispeikou has 210 seconds left.\n|inactive|Luispeikou has 180 seconds left.\n|\n|t:|1739633204\n|switch|p1a: Tauros|Tauros|100/100\n|turn|35\n|inactive|Sceptross has 240 seconds left.\n|\n|t:|1739633215\n|move|p2a: Tauros|Body Slam|p1a: Tauros\n|-damage|p1a: Tauros|72/100\n|move|p1a: Tauros|Hyper Beam|p2a: Tauros|[miss]\n|-miss|p1a: Tauros\n|\n|upkeep\n|turn|36\n|inactive|Sceptross has 240 seconds left.\n|\n|t:|1739633242\n|switch|p2a: Snorlax|Snorlax|61/100 frz\n|move|p1a: Tauros|Hyper Beam|p2a: Snorlax\n|-crit|p2a: Snorlax\n|-damage|p2a: Snorlax|0 fnt\n|faint|p2a: Snorlax\n|inactive|Sceptross has 210 seconds left.\n|inactive|Sceptross has 180 seconds left.\n|\n|t:|1739633309\n|switch|p2a: Zapdos|Zapdos|67/100\n|turn|37\n|inactive|Luispeikou has 180 seconds left.\n|\n|t:|1739633336\n|move|p1a: Tauros|Body Slam|p2a: Zapdos\n|-damage|p2a: Zapdos|40/100\n|move|p2a: Zapdos|Thunder Wave|p1a: Tauros\n|-status|p1a: Tauros|par\n|\n|upkeep\n|turn|38\n|inactive|Luispeikou has 180 seconds left.\n|\n|t:|1739633347\n|move|p2a: Zapdos|Thunderbolt|p1a: Tauros\n|-damage|p1a: Tauros|27/100 par\n|move|p1a: Tauros|Hyper Beam|p2a: Zapdos\n|-damage|p2a: Zapdos|0 fnt\n|faint|p2a: Zapdos\n|\n|t:|1739633355\n|switch|p2a: Tauros|Tauros|38/100\n|turn|39\n|inactive|Luispeikou has 180 seconds left.\n|inactive|Luispeikou has 150 seconds left.\n|inactive|Luispeikou has 120 seconds left.\n|inactive|Luispeikou has 90 seconds left.\n|\n|t:|1739633469\n|move|p2a: Tauros|Body Slam|p1a: Tauros\n|-damage|p1a: Tauros|0 fnt\n|faint|p1a: Tauros\n|\n|t:|1739633477\n|switch|p1a: Exeggutor|Exeggutor|92/100\n|turn|40\n|inactive|Sceptross has 180 seconds left.\n|\n|t:|1739633504\n|switch|p2a: Chansey|Chansey|96/100 par\n|move|p1a: Exeggutor|Psychic|p2a: Chansey\n|-damage|p2a: Chansey|79/100 par\n|\n|upkeep\n|turn|41\n|\n|t:|1739633509\n|switch|p2a: Exeggutor|Exeggutor|52/100 par\n|move|p1a: Exeggutor|Explosion|p2a: Exeggutor\n|-damage|p2a: Exeggutor|0 fnt\n|faint|p2a: Exeggutor\n|faint|p1a: Exeggutor\n|inactive|Sceptross has 180 seconds left.\n|inactive|Luispeikou has 90 seconds left.\n|\n|t:|1739633541\n|switch|p1a: Chansey|Chansey|83/100\n|switch|p2a: Chansey|Chansey|79/100 par\n|turn|42\n|inactive|Luispeikou has 90 seconds left.\n|\n|t:|1739633548\n|move|p1a: Chansey|Thunderbolt|p2a: Chansey\n|-damage|p2a: Chansey|68/100 par\n|move|p2a: Chansey|Ice Beam|p1a: Chansey\n|-damage|p1a: Chansey|72/100\n|\n|upkeep\n|turn|43\n|inactive|Sceptross has 180 seconds left.\n|\n|t:|1739633554\n|move|p1a: Chansey|Soft-Boiled|p1a: Chansey\n|-heal|p1a: Chansey|100/100\n|cant|p2a: Chansey|par\n|\n|upkeep\n|turn|44\n|\n|t:|1739633557\n|move|p1a: Chansey|Thunderbolt|p2a: Chansey\n|-damage|p2a: Chansey|57/100 par\n|cant|p2a: Chansey|par\n|\n|upkeep\n|turn|45\n|\n|t:|1739633563\n|move|p1a: Chansey|Ice Beam|p2a: Chansey\n|-damage|p2a: Chansey|46/100 par\n|cant|p2a: Chansey|par\n|\n|upkeep\n|turn|46\n|\n|t:|1739633567\n|move|p1a: Chansey|Thunderbolt|p2a: Chansey\n|-damage|p2a: Chansey|35/100 par\n|move|p2a: Chansey|Soft-Boiled|p2a: Chansey\n|-heal|p2a: Chansey|85/100 par\n|\n|upkeep\n|turn|47\n|\n|t:|1739633570\n|move|p1a: Chansey|Ice Beam|p2a: Chansey\n|-damage|p2a: Chansey|74/100 par\n|move|p2a: Chansey|Ice Beam|p1a: Chansey\n|-damage|p1a: Chansey|90/100\n|\n|upkeep\n|turn|48\n|\n|t:|1739633573\n|move|p1a: Chansey|Thunderbolt|p2a: Chansey\n|-damage|p2a: Chansey|63/100 par\n|move|p2a: Chansey|Soft-Boiled|p2a: Chansey\n|-heal|p2a: Chansey|100/100 par\n|\n|upkeep\n|turn|49\n|\n|t:|1739633578\n|move|p1a: Chansey|Thunderbolt|p2a: Chansey\n|-damage|p2a: Chansey|90/100 par\n|move|p2a: Chansey|Ice Beam|p1a: Chansey\n|-damage|p1a: Chansey|79/100\n|\n|upkeep\n|turn|50\n|inactive|Sceptross has 240 seconds left.\n|\n|t:|1739633585\n|move|p1a: Chansey|Thunderbolt|p2a: Chansey\n|-damage|p2a: Chansey|80/100 par\n|cant|p2a: Chansey|par\n|\n|upkeep\n|turn|51\n|\n|t:|1739633593\n|move|p1a: Chansey|Thunderbolt|p2a: Chansey\n|-damage|p2a: Chansey|69/100 par\n|cant|p2a: Chansey|par\n|\n|upkeep\n|turn|52\n|\n|t:|1739633597\n|move|p1a: Chansey|Ice Beam|p2a: Chansey\n|-damage|p2a: Chansey|59/100 par\n|move|p2a: Chansey|Soft-Boiled|p2a: Chansey\n|-heal|p2a: Chansey|100/100 par\n|\n|upkeep\n|turn|53\n|\n|t:|1739633602\n|move|p1a: Chansey|Thunderbolt|p2a: Chansey|[miss]\n|-miss|p1a: Chansey\n|-hint|In Gen 1, moves with 100% accuracy can still miss 1/256 of the time.\n|move|p2a: Chansey|Ice Beam|p1a: Chansey\n|-damage|p1a: Chansey|68/100\n|\n|upkeep\n|turn|54\n|\n|t:|1739633612\n|move|p1a: Chansey|Thunderbolt|p2a: Chansey\n|-damage|p2a: Chansey|90/100 par\n|move|p2a: Chansey|Ice Beam|p1a: Chansey\n|-damage|p1a: Chansey|58/100\n|\n|upkeep\n|turn|55\n|inactive|Sceptross has 270 seconds left.\n|\n|t:|1739633618\n|move|p1a: Chansey|Soft-Boiled|p1a: Chansey\n|-heal|p1a: Chansey|100/100\n|cant|p2a: Chansey|par\n|\n|upkeep\n|turn|56\n|inactive|Luispeikou has 210 seconds left.\n|\n|t:|1739633641\n|move|p1a: Chansey|Thunder Wave|p2a: Chansey\n|-fail|p2a: Chansey|par\n|move|p2a: Chansey|Soft-Boiled|p2a: Chansey\n|-heal|p2a: Chansey|100/100 par\n|\n|upkeep\n|turn|57\n|\n|t:|1739633649\n|move|p1a: Chansey|Thunder Wave|p2a: Chansey\n|-fail|p2a: Chansey|par\n|move|p2a: Chansey|Ice Beam|p1a: Chansey\n|-damage|p1a: Chansey|91/100\n|\n|upkeep\n|turn|58\n|\n|t:|1739633654\n|move|p1a: Chansey|Ice Beam|p2a: Chansey\n|-damage|p2a: Chansey|89/100 par\n|move|p2a: Chansey|Ice Beam|p1a: Chansey\n|-damage|p1a: Chansey|80/100\n|-status|p1a: Chansey|frz\n|\n|upkeep\n|turn|59\n|\n|t:|1739633664\n|switch|p1a: Alakazam|Alakazam|77/100 slp\n|switch|p2a: Tauros|Tauros|38/100\n|\n|upkeep\n|turn|60\n|\n|t:|1739633673\n|switch|p1a: Chansey|Chansey|80/100 frz\n|move|p2a: Tauros|Body Slam|p1a: Chansey\n|-damage|p1a: Chansey|40/100 frz\n|\n|upkeep\n|turn|61\n|\n|t:|1739633677\n|move|p2a: Tauros|Body Slam|p1a: Chansey\n|-damage|p1a: Chansey|2/100 frz\n|cant|p1a: Chansey|frz\n|\n|upkeep\n|turn|62\n|inactive|Luispeikou has 240 seconds left.\n|\n|t:|1739633682\n|move|p2a: Tauros|Earthquake|p1a: Chansey\n|-crit|p1a: Chansey\n|-damage|p1a: Chansey|0 fnt\n|faint|p1a: Chansey\n|\n|t:|1739633685\n|switch|p1a: Starmie|Starmie|100/100\n|turn|63\n|inactive|Sceptross has 270 seconds left.\n|inactive|Sceptross has 240 seconds left.\n|inactive|Sceptross has 210 seconds left.\n|\n|t:|1739633793\n|switch|p2a: Chansey|Chansey|89/100 par\n|move|p1a: Starmie|Surf|p2a: Chansey\n|-damage|p2a: Chansey|74/100 par\n|\n|upkeep\n|turn|64\n|\n|t:|1739633797\n|move|p1a: Starmie|Surf|p2a: Chansey\n|-damage|p2a: Chansey|59/100 par\n|move|p2a: Chansey|Soft-Boiled|p2a: Chansey\n|-heal|p2a: Chansey|100/100 par\n|\n|upkeep\n|turn|65\n|inactive|Sceptross has 210 seconds left.\n|\n|t:|1739633832\n|move|p1a: Starmie|Surf|p2a: Chansey\n|-damage|p2a: Chansey|86/100 par\n|move|p2a: Chansey|Thunder Wave|p1a: Starmie\n|-status|p1a: Starmie|par\n|\n|upkeep\n|turn|66\n|\n|t:|1739633839\n|move|p1a: Starmie|Surf|p2a: Chansey\n|-crit|p2a: Chansey\n|-damage|p2a: Chansey|56/100 par\n|move|p2a: Chansey|Thunderbolt|p1a: Starmie\n|-supereffective|p1a: Starmie\n|-damage|p1a: Starmie|49/100 par\n|\n|upkeep\n|turn|67\n|\n|t:|1739633842\n|move|p1a: Starmie|Recover|p1a: Starmie\n|-heal|p1a: Starmie|99/100 par\n|move|p2a: Chansey|Soft-Boiled|p2a: Chansey\n|-heal|p2a: Chansey|100/100 par\n|\n|upkeep\n|turn|68\n|\n|t:|1739633849\n|switch|p1a: Alakazam|Alakazam|77/100 slp\n|move|p2a: Chansey|Thunderbolt|p1a: Alakazam\n|-damage|p1a: Alakazam|58/100 slp\n|\n|upkeep\n|turn|69\n|\n|t:|1739633854\n|switch|p2a: Tauros|Tauros|38/100\n|cant|p1a: Alakazam|slp\n|\n|upkeep\n|turn|70\n|\n|t:|1739633857\n|switch|p1a: Starmie|Starmie|99/100 par\n|move|p2a: Tauros|Body Slam|p1a: Starmie\n|-crit|p1a: Starmie\n|-damage|p1a: Starmie|34/100 par\n|\n|upkeep\n|turn|71\n|\n|t:|1739633862\n|move|p2a: Tauros|Hyper Beam|p1a: Starmie\n|-damage|p1a: Starmie|0 fnt\n|faint|p1a: Starmie\n|c|☆Luispeikou|gg\n|c|☆Sceptross|gg\n|-message|Luispeikou forfeited.\n|\n|win|Sceptross\n|player|p1|\n","uploadtime":1739633870,"views":"2176","formatid":"gen1ou","rating":null,"private":0,"password":null}