{"id":"smogtours-gen1ou-948350","format":"[Gen 1] OU","players":["RoboKyII","gsc maestro"],"log":"|inactive|Battle timer is ON: inactive players will automatically lose when time's up.\n|t:|1781959285\n|gametype|singles\n|player|p1|RoboKyII|rosa-pokestar3|\n|player|p2|gsc maestro|red|\n|gen|1\n|tier|[Gen 1] OU\n|rule|Desync Clause Mod: Desyncs changed to move failure.\n|rule|HP Percentage Mod: HP is shown in percentages\n|rule|Endless Battle Clause: Forcing endless battles is banned\n|rule|Sleep Clause Mod: Limit one foe put to sleep\n|rule|Freeze Clause Mod: Limit one foe frozen\n|rule|Species Clause: Limit one of each Pokémon\n|rule|OHKO Clause: OHKO moves are banned\n|rule|Evasion Moves Clause: Evasion moves are banned\n|\n|t:|1781959285\n|teamsize|p1|6\n|teamsize|p2|6\n|start\n|switch|p1a: Gengar|Gengar|100/100\n|switch|p2a: Jynx|Jynx|100/100\n|turn|1\n|\n|t:|1781959297\n|move|p1a: Gengar|Hypnosis|p2a: Jynx\n|-status|p2a: Jynx|slp|[from] move: Hypnosis\n|cant|p2a: Jynx|slp\n|\n|upkeep\n|turn|2\n|\n|t:|1781959307\n|switch|p2a: Chansey|Chansey|100/100\n|move|p1a: Gengar|Night Shade|p2a: Chansey\n|-damage|p2a: Chansey|86/100\n|\n|upkeep\n|turn|3\n|\n|t:|1781959322\n|move|p1a: Gengar|Psychic|p2a: Chansey\n|-damage|p2a: Chansey|74/100\n|-unboost|p2a: Chansey|spa|1\n|-unboost|p2a: Chansey|spd|1\n|move|p2a: Chansey|Ice Beam|p1a: Gengar\n|-damage|p1a: Gengar|87/100\n|\n|upkeep\n|turn|4\n|\n|t:|1781959326\n|move|p1a: Gengar|Psychic|p2a: Chansey\n|-damage|p2a: Chansey|56/100\n|move|p2a: Chansey|Ice Beam|p1a: Gengar\n|-damage|p1a: Gengar|74/100\n|\n|upkeep\n|turn|5\n|\n|t:|1781959328\n|move|p1a: Gengar|Explosion|p2a: Chansey\n|-damage|p2a: Chansey|0 fnt\n|faint|p2a: Chansey\n|faint|p1a: Gengar\n|\n|t:|1781959340\n|switch|p1a: Starmie|Starmie|100/100\n|switch|p2a: Exeggutor|Exeggutor|100/100\n|turn|6\n|inactive|gsc maestro has 270 seconds left.\n|\n|t:|1781959373\n|move|p1a: Starmie|Blizzard|p2a: Exeggutor\n|-supereffective|p2a: Exeggutor\n|-damage|p2a: Exeggutor|59/100\n|move|p2a: Exeggutor|Stun Spore|p1a: Starmie|[miss]\n|-miss|p2a: Exeggutor\n|\n|upkeep\n|turn|7\n|\n|t:|1781959377\n|switch|p2a: Starmie|Starmie|100/100\n|move|p1a: Starmie|Blizzard|p2a: Starmie\n|-crit|p2a: Starmie\n|-resisted|p2a: Starmie\n|-damage|p2a: Starmie|73/100\n|\n|upkeep\n|turn|8\n|\n|t:|1781959379\n|switch|p1a: Chansey|Chansey|100/100\n|move|p2a: Starmie|Thunder Wave|p1a: Chansey\n|-status|p1a: Chansey|par\n|\n|upkeep\n|turn|9\n|\n|t:|1781959383\n|switch|p2a: Snorlax|Snorlax|100/100\n|move|p1a: Chansey|Ice Beam|p2a: Snorlax\n|-damage|p2a: Snorlax|80/100\n|-status|p2a: Snorlax|frz\n|\n|upkeep\n|turn|10\n|inactive|gsc maestro has 270 seconds left.\n|inactive|RoboKyII has 270 seconds left.\n|inactive|RoboKyII has 240 seconds left.\n|\n|t:|1781959458\n|switch|p2a: Tauros|Tauros|100/100\n|move|p1a: Chansey|Thunder Wave|p2a: Tauros\n|-status|p2a: Tauros|par\n|\n|upkeep\n|turn|11\n|inactive|RoboKyII has 240 seconds left.\n|\n|t:|1781959487\n|switch|p1a: Snorlax|Snorlax|100/100\n|move|p2a: Tauros|Blizzard|p1a: Snorlax\n|-damage|p1a: Snorlax|82/100\n|\n|upkeep\n|turn|12\n|\n|t:|1781959496\n|switch|p2a: Starmie|Starmie|73/100\n|move|p1a: Snorlax|Body Slam|p2a: Starmie\n|-damage|p2a: Starmie|37/100\n|\n|upkeep\n|turn|13\n|inactive|gsc maestro has 270 seconds left.\n|\n|t:|1781959514\n|move|p2a: Starmie|Recover|p2a: Starmie\n|-heal|p2a: Starmie|87/100\n|move|p1a: Snorlax|Body Slam|p2a: Starmie\n|-crit|p2a: Starmie\n|-damage|p2a: Starmie|15/100\n|\n|upkeep\n|turn|14\n|\n|t:|1781959519\n|move|p2a: Starmie|Recover|p2a: Starmie\n|-heal|p2a: Starmie|65/100\n|move|p1a: Snorlax|Body Slam|p2a: Starmie\n|-damage|p2a: Starmie|26/100\n|-status|p2a: Starmie|par\n|\n|upkeep\n|turn|15\n|-message|gsc maestro forfeited.\n|\n|win|RoboKyII\n|player|p2|\n|c|☆RoboKyII|gg\n","uploadtime":1781959522,"views":"99","formatid":"gen1ou","rating":null,"private":0,"password":null}