{"id":"smogtours-gen1ou-913479","format":"[Gen 1] OU","players":["BeeOrSomething","sadisticnarwhal"],"log":"|inactive|Battle timer is ON: inactive players will automatically lose when time's up.\n|t:|1772381694\n|gametype|singles\n|player|p1|BeeOrSomething|#beeorsomething|\n|player|p2|sadisticnarwhal|#splxviiruiners2|\n|gen|1\n|tier|[Gen 1] OU\n|rule|Desync Clause Mod: Desyncs changed to move failure.\n|rule|Sleep Clause Mod: Limit one foe put to sleep\n|rule|Freeze Clause Mod: Limit one foe frozen\n|rule|Species Clause: Limit one of each Pokémon\n|rule|OHKO Clause: OHKO moves are banned\n|rule|Evasion Moves Clause: Evasion moves are banned\n|rule|Endless Battle Clause: Forcing endless battles is banned\n|rule|HP Percentage Mod: HP is shown in percentages\n|\n|t:|1772381694\n|teamsize|p1|6\n|teamsize|p2|6\n|start\n|switch|p1a: Confrontation|Jynx|100/100\n|switch|p2a: Alakazam|Alakazam|100/100\n|turn|1\n|c|☆sadisticnarwhal|hf\n|c|☆BeeOrSomething|glhf\n|\n|t:|1772381702\n|move|p2a: Alakazam|Thunder Wave|p1a: Confrontation\n|-status|p1a: Confrontation|par\n|move|p1a: Confrontation|Lovely Kiss|p2a: Alakazam\n|-status|p2a: Alakazam|slp|[from] move: Lovely Kiss\n|\n|upkeep\n|turn|2\n|\n|t:|1772381708\n|switch|p2a: Chansey|Chansey|100/100\n|move|p1a: Confrontation|Blizzard|p2a: Chansey\n|-damage|p2a: Chansey|83/100\n|\n|upkeep\n|turn|3\n|\n|t:|1772381712\n|move|p2a: Chansey|Seismic Toss|p1a: Confrontation\n|-damage|p1a: Confrontation|70/100 par\n|move|p1a: Confrontation|Blizzard|p2a: Chansey\n|-crit|p2a: Chansey\n|-damage|p2a: Chansey|44/100\n|\n|upkeep\n|turn|4\n|rated|Smogon Premier League\n|\n|t:|1772381721\n|move|p2a: Chansey|Soft-Boiled|p2a: Chansey\n|-heal|p2a: Chansey|94/100\n|move|p1a: Confrontation|Blizzard|p2a: Chansey\n|-damage|p2a: Chansey|76/100\n|\n|upkeep\n|turn|5\n|\n|t:|1772381727\n|switch|p2a: Cloyster|Cloyster|100/100\n|move|p1a: Confrontation|Blizzard|p2a: Cloyster\n|-resisted|p2a: Cloyster\n|-damage|p2a: Cloyster|89/100\n|\n|upkeep\n|turn|6\n|\n|t:|1772381732\n|switch|p2a: Chansey|Chansey|76/100\n|cant|p1a: Confrontation|par\n|\n|upkeep\n|turn|7\n|\n|t:|1772381735\n|move|p2a: Chansey|Seismic Toss|p1a: Confrontation\n|-damage|p1a: Confrontation|40/100 par\n|move|p1a: Confrontation|Blizzard|p2a: Chansey\n|-crit|p2a: Chansey\n|-damage|p2a: Chansey|39/100\n|-status|p2a: Chansey|frz\n|\n|upkeep\n|turn|8\n|\n|t:|1772381759\n|switch|p2a: Snorlax|Snorlax|100/100\n|move|p1a: Confrontation|Psychic|p2a: Snorlax\n|-damage|p2a: Snorlax|77/100\n|-unboost|p2a: Snorlax|spa|1\n|-unboost|p2a: Snorlax|spd|1\n|\n|upkeep\n|turn|9\n|\n|t:|1772381764\n|switch|p1a: Puzzle|Chansey|100/100\n|move|p2a: Snorlax|Body Slam|p1a: Puzzle\n|-damage|p1a: Puzzle|61/100\n|\n|upkeep\n|turn|10\n|\n|t:|1772381770\n|move|p1a: Puzzle|Soft-Boiled|p1a: Puzzle\n|-heal|p1a: Puzzle|100/100\n|move|p2a: Snorlax|Self-Destruct|p1a: Puzzle\n|-damage|p1a: Puzzle|0 fnt\n|faint|p1a: Puzzle\n|faint|p2a: Snorlax\n|\n|t:|1772381781\n|switch|p1a: Last Supper|Snorlax|100/100\n|switch|p2a: Tauros|Tauros|100/100\n|turn|11\n|\n|t:|1772381784\n|switch|p2a: Cloyster|Cloyster|89/100\n|move|p1a: Last Supper|Body Slam|p2a: Cloyster\n|-crit|p2a: Cloyster\n|-damage|p2a: Cloyster|44/100\n|\n|upkeep\n|turn|12\n|\n|t:|1772381789\n|move|p2a: Cloyster|Clamp|p1a: Last Supper\n|-crit|p1a: Last Supper\n|-damage|p1a: Last Supper|83/100\n|cant|p1a: Last Supper|partiallytrapped\n|\n|upkeep\n|turn|13\n|\n|t:|1772381792\n|switch|p1a: Pinnacle Of Light|Zapdos|100/100\n|move|p2a: Cloyster|Clamp|p1a: Pinnacle Of Light\n|-damage|p1a: Pinnacle Of Light|92/100\n|\n|upkeep\n|turn|14\n|inactive|sadisticnarwhal has 270 seconds left.\n|\n|t:|1772381826\n|switch|p1a: Last Supper|Snorlax|83/100\n|switch|p2a: Articuno|Articuno|100/100\n|\n|upkeep\n|turn|15\n|\n|t:|1772381834\n|switch|p2a: Chansey|Chansey|39/100 frz\n|switch|p1a: Trap|Cloyster|100/100\n|\n|upkeep\n|turn|16\n|inactive|sadisticnarwhal has 270 seconds left.\n|inactive|BeeOrSomething has 270 seconds left.\n|inactive|sadisticnarwhal has 240 seconds left.\n|inactive|sadisticnarwhal has 210 seconds left.\n|\n|t:|1772381937\n|switch|p2a: Articuno|Articuno|100/100\n|move|p1a: Trap|Blizzard|p2a: Articuno\n|-damage|p2a: Articuno|73/100\n|\n|upkeep\n|turn|17\n|\n|t:|1772381943\n|switch|p2a: Cloyster|Cloyster|44/100\n|move|p1a: Trap|Blizzard|p2a: Cloyster\n|-resisted|p2a: Cloyster\n|-damage|p2a: Cloyster|33/100\n|\n|upkeep\n|turn|18\n|\n|t:|1772381950\n|move|p2a: Cloyster|Clamp|p1a: Trap\n|-resisted|p1a: Trap\n|-damage|p1a: Trap|93/100\n|cant|p1a: Trap|partiallytrapped\n|\n|upkeep\n|turn|19\n|\n|t:|1772381953\n|move|p2a: Cloyster|Clamp|p1a: Trap|[from] Clamp\n|-damage|p1a: Trap|86/100\n|cant|p1a: Trap|partiallytrapped\n|\n|upkeep\n|turn|20\n|\n|t:|1772381956\n|move|p2a: Cloyster|Clamp|p1a: Trap|[from] Clamp\n|-damage|p1a: Trap|79/100\n|cant|p1a: Trap|partiallytrapped\n|\n|upkeep\n|turn|21\n|\n|t:|1772381959\n|move|p2a: Cloyster|Clamp|p1a: Trap|[miss]\n|-miss|p2a: Cloyster\n|move|p1a: Trap|Clamp|p2a: Cloyster\n|-resisted|p2a: Cloyster\n|-damage|p2a: Cloyster|26/100\n|\n|upkeep\n|turn|22\n|\n|t:|1772381966\n|switch|p2a: Articuno|Articuno|73/100\n|switch|p1a: Farewell|Tauros|100/100\n|\n|upkeep\n|turn|23\n|\n|t:|1772381973\n|switch|p2a: Cloyster|Cloyster|26/100\n|move|p1a: Farewell|Body Slam|p2a: Cloyster\n|-crit|p2a: Cloyster\n|-damage|p2a: Cloyster|0 fnt\n|faint|p2a: Cloyster\n|\n|t:|1772381975\n|switch|p2a: Tauros|Tauros|100/100\n|turn|24\n|\n|t:|1772381979\n|move|p2a: Tauros|Body Slam|p1a: Farewell\n|-damage|p1a: Farewell|69/100\n|move|p1a: Farewell|Body Slam|p2a: Tauros\n|-damage|p2a: Tauros|72/100\n|\n|upkeep\n|turn|25\n|\n|t:|1772381985\n|move|p2a: Tauros|Body Slam|p1a: Farewell\n|-damage|p1a: Farewell|41/100\n|move|p1a: Farewell|Hyper Beam|p2a: Tauros\n|-damage|p2a: Tauros|18/100\n|-mustrecharge|p1a: Farewell\n|\n|upkeep\n|turn|26\n|\n|t:|1772381989\n|cant|p1a: Farewell|recharge\n|move|p2a: Tauros|Hyper Beam|p1a: Farewell|[miss]\n|-miss|p2a: Tauros\n|\n|upkeep\n|turn|27\n|\n|t:|1772381992\n|move|p1a: Farewell|Body Slam|p2a: Tauros\n|-crit|p2a: Tauros\n|-damage|p2a: Tauros|0 fnt\n|faint|p2a: Tauros\n|\n|t:|1772382006\n|switch|p2a: Articuno|Articuno|73/100\n|turn|28\n|\n|t:|1772382009\n|switch|p1a: Trap|Cloyster|79/100\n|move|p2a: Articuno|Blizzard|p1a: Trap\n|-resisted|p1a: Trap\n|-damage|p1a: Trap|64/100\n|\n|upkeep\n|turn|29\n|\n|t:|1772382021\n|switch|p2a: Alakazam|Alakazam|100/100 slp\n|move|p1a: Trap|Blizzard|p2a: Alakazam\n|-crit|p2a: Alakazam\n|-damage|p2a: Alakazam|31/100 slp\n|\n|upkeep\n|turn|30\n|c|☆sadisticnarwhal|welp\n|\n|t:|1772382035\n|switch|p2a: Chansey|Chansey|39/100 frz\n|move|p1a: Trap|Blizzard|p2a: Chansey\n|-damage|p2a: Chansey|22/100 frz\n|\n|upkeep\n|turn|31\n|-message|sadisticnarwhal forfeited.\n|\n|win|BeeOrSomething\n|player|p2|\n|c|☆BeeOrSomething|ggs\n","uploadtime":1772382038,"views":"910","formatid":"gen1ou","rating":null,"private":0,"password":null}