{"id":"smogtours-gen1ou-950536","format":"[Gen 1] OU","players":["Kristyl ★","RoboKyII"],"log":"|inactive|Battle timer is ON: inactive players will automatically lose when time's up.\n|t:|1782559068\n|gametype|singles\n|player|p1|Kristyl ★|dawn|\n|player|p2|RoboKyII|rosa-pokestar3|\n|gen|1\n|tier|[Gen 1] OU\n|rule|Desync Clause Mod: Desyncs changed to move failure.\n|rule|HP Percentage Mod: HP is shown in percentages\n|rule|Endless Battle Clause: Forcing endless battles is banned\n|rule|Sleep Clause Mod: Limit one foe put to sleep\n|rule|Freeze Clause Mod: Limit one foe frozen\n|rule|Species Clause: Limit one of each Pokémon\n|rule|OHKO Clause: OHKO moves are banned\n|rule|Evasion Moves Clause: Evasion moves are banned\n|\n|t:|1782559068\n|teamsize|p1|6\n|teamsize|p2|6\n|start\n|switch|p1a: Gengar|Gengar|100/100\n|switch|p2a: Gengar|Gengar|100/100\n|turn|1\n|inactive|RoboKyII has 270 seconds left.\n|\n|t:|1782559099\n|move|p1a: Gengar|Psychic|p2a: Gengar\n|-supereffective|p2a: Gengar\n|-damage|p2a: Gengar|59/100\n|-unboost|p2a: Gengar|spa|1\n|-unboost|p2a: Gengar|spd|1\n|move|p2a: Gengar|Psychic|p1a: Gengar\n|-crit|p1a: Gengar\n|-supereffective|p1a: Gengar\n|-damage|p1a: Gengar|18/100\n|-unboost|p1a: Gengar|spa|1\n|-unboost|p1a: Gengar|spd|1\n|\n|upkeep\n|turn|2\n|\n|t:|1782559108\n|switch|p1a: Exeggutor|Exeggutor|100/100\n|switch|p2a: Starmie|Starmie|100/100\n|\n|upkeep\n|turn|3\n|\n|t:|1782559115\n|move|p2a: Starmie|Thunder Wave|p1a: Exeggutor\n|-status|p1a: Exeggutor|par\n|move|p1a: Exeggutor|Sleep Powder|p2a: Starmie\n|-status|p2a: Starmie|slp|[from] move: Sleep Powder\n|\n|upkeep\n|turn|4\n|\n|t:|1782559121\n|switch|p1a: Tauros|Tauros|100/100\n|cant|p2a: Starmie|slp\n|\n|upkeep\n|turn|5\n|\n|t:|1782559126\n|cant|p2a: Starmie|slp\n|move|p1a: Tauros|Body Slam|p2a: Starmie\n|-crit|p2a: Starmie\n|-damage|p2a: Starmie|30/100 slp\n|\n|upkeep\n|turn|6\n|\n|t:|1782559136\n|switch|p2a: Snorlax|Snorlax|100/100\n|move|p1a: Tauros|Earthquake|p2a: Snorlax\n|-damage|p2a: Snorlax|81/100\n|\n|upkeep\n|turn|7\n|\n|t:|1782559152\n|move|p1a: Tauros|Blizzard|p2a: Snorlax\n|-damage|p2a: Snorlax|63/100\n|move|p2a: Snorlax|Earthquake|p1a: Tauros\n|-damage|p1a: Tauros|77/100\n|\n|upkeep\n|turn|8\n|\n|t:|1782559159\n|switch|p1a: Cloyster|Cloyster|100/100\n|move|p2a: Snorlax|Body Slam|p1a: Cloyster\n|-crit|p1a: Cloyster\n|-damage|p1a: Cloyster|55/100\n|-status|p1a: Cloyster|par\n|\n|upkeep\n|turn|9\n|\n|t:|1782559182\n|move|p2a: Snorlax|Body Slam|p1a: Cloyster\n|-damage|p1a: Cloyster|32/100 par\n|cant|p1a: Cloyster|par\n|\n|upkeep\n|turn|10\n|\n|t:|1782559189\n|switch|p2a: Gengar|Gengar|59/100\n|switch|p1a: Chansey|Chansey|100/100\n|\n|upkeep\n|turn|11\n|\n|t:|1782559199\n|move|p2a: Gengar|Night Shade|p1a: Chansey\n|-damage|p1a: Chansey|86/100\n|move|p1a: Chansey|Thunder Wave|p2a: Gengar\n|-status|p2a: Gengar|par\n|\n|upkeep\n|turn|12\n|\n|t:|1782559206\n|switch|p1a: Exeggutor|Exeggutor|100/100 par\n|cant|p2a: Gengar|par\n|\n|upkeep\n|turn|13\n|\n|t:|1782559212\n|cant|p2a: Gengar|par\n|move|p1a: Exeggutor|Psychic|p2a: Gengar\n|-supereffective|p2a: Gengar\n|-damage|p2a: Gengar|0 fnt\n|faint|p2a: Gengar\n|\n|t:|1782559241\n|switch|p2a: Chansey|Chansey|100/100\n|turn|14\n|\n|t:|1782559254\n|move|p2a: Chansey|Ice Beam|p1a: Exeggutor\n|-supereffective|p1a: Exeggutor\n|-damage|p1a: Exeggutor|68/100 par\n|move|p1a: Exeggutor|Explosion|p2a: Chansey\n|-damage|p2a: Chansey|1/100\n|faint|p1a: Exeggutor\n|\n|t:|1782559258\n|switch|p1a: Tauros|Tauros|77/100\n|turn|15\n|\n|t:|1782559280\n|move|p1a: Tauros|Body Slam|p2a: Chansey\n|-damage|p2a: Chansey|0 fnt\n|faint|p2a: Chansey\n|inactive|RoboKyII has 270 seconds left.\n|\n|t:|1782559301\n|switch|p2a: Tauros|Tauros|100/100\n|turn|16\n|\n|t:|1782559308\n|move|p1a: Tauros|Body Slam|p2a: Tauros\n|-crit|p2a: Tauros\n|-damage|p2a: Tauros|47/100\n|move|p2a: Tauros|Body Slam|p1a: Tauros\n|-damage|p1a: Tauros|48/100\n|\n|upkeep\n|turn|17\n|inactive|RoboKyII has 270 seconds left.\n|\n|t:|1782559319\n|switch|p1a: Snorlax|Snorlax|100/100\n|move|p2a: Tauros|Blizzard|p1a: Snorlax\n|-damage|p1a: Snorlax|82/100\n|\n|upkeep\n|turn|18\n|inactive|RoboKyII has 270 seconds left.\n|\n|t:|1782559326\n|switch|p2a: Snorlax|Snorlax|63/100\n|move|p1a: Snorlax|Hyper Beam|p2a: Snorlax\n|-damage|p2a: Snorlax|15/100\n|-mustrecharge|p1a: Snorlax\n|\n|upkeep\n|turn|19\n|\n|t:|1782559334\n|move|p2a: Snorlax|Rest|p2a: Snorlax\n|-status|p2a: Snorlax|slp|[from] move: Rest\n|-heal|p2a: Snorlax|100/100 slp|[silent]\n|cant|p1a: Snorlax|recharge\n|\n|upkeep\n|turn|20\n|\n|t:|1782559342\n|move|p1a: Snorlax|Body Slam|p2a: Snorlax\n|-damage|p2a: Snorlax|73/100 slp\n|cant|p2a: Snorlax|slp\n|\n|upkeep\n|turn|21\n|\n|t:|1782559348\n|-curestatus|p2a: Snorlax|slp|[msg]\n|move|p1a: Snorlax|Body Slam|p2a: Snorlax\n|-damage|p2a: Snorlax|47/100\n|\n|upkeep\n|turn|22\n|\n|t:|1782559354\n|switch|p2a: Rhydon|Rhydon|100/100\n|move|p1a: Snorlax|Hyper Beam|p2a: Rhydon\n|-resisted|p2a: Rhydon\n|-damage|p2a: Rhydon|81/100\n|-mustrecharge|p1a: Snorlax\n|\n|upkeep\n|turn|23\n|\n|t:|1782559360\n|move|p2a: Rhydon|Earthquake|p1a: Snorlax\n|-damage|p1a: Snorlax|44/100\n|cant|p1a: Snorlax|recharge\n|\n|upkeep\n|turn|24\n|\n|t:|1782559367\n|move|p2a: Rhydon|Substitute|p2a: Rhydon\n|-start|p2a: Rhydon|Substitute\n|-damage|p2a: Rhydon|56/100\n|move|p1a: Snorlax|Earthquake|p2a: Rhydon\n|-supereffective|p2a: Rhydon\n|-end|p2a: Rhydon|Substitute\n|\n|upkeep\n|turn|25\n|\n|t:|1782559373\n|switch|p1a: Gengar|Gengar|18/100\n|move|p2a: Rhydon|Earthquake|p1a: Gengar\n|-supereffective|p1a: Gengar\n|-damage|p1a: Gengar|0 fnt\n|faint|p1a: Gengar\n|\n|t:|1782559375\n|switch|p1a: Tauros|Tauros|48/100\n|turn|26\n|\n|t:|1782559385\n|switch|p2a: Starmie|Starmie|30/100 slp\n|move|p1a: Tauros|Blizzard|p2a: Starmie\n|-resisted|p2a: Starmie\n|-damage|p2a: Starmie|18/100 slp\n|\n|upkeep\n|turn|27\n|\n|t:|1782559391\n|-curestatus|p2a: Starmie|slp|[msg]\n|move|p1a: Tauros|Body Slam|p2a: Starmie\n|-crit|p2a: Starmie\n|-damage|p2a: Starmie|0 fnt\n|faint|p2a: Starmie\n|inactive|RoboKyII has 270 seconds left.\n|inactive|RoboKyII has 240 seconds left.\n|\n|t:|1782559460\n|switch|p2a: Snorlax|Snorlax|47/100\n|turn|28\n|inactive|RoboKyII has 240 seconds left.\n|\n|t:|1782559466\n|switch|p1a: Chansey|Chansey|86/100\n|move|p2a: Snorlax|Body Slam|p1a: Chansey\n|-damage|p1a: Chansey|45/100\n|\n|upkeep\n|turn|29\n|\n|t:|1782559473\n|switch|p2a: Rhydon|Rhydon|56/100\n|move|p1a: Chansey|Sing|p2a: Rhydon\n|-status|p2a: Rhydon|slp|[from] move: Sing\n|\n|upkeep\n|turn|30\n|\n|t:|1782559479\n|move|p1a: Chansey|Soft-Boiled|p1a: Chansey\n|-heal|p1a: Chansey|95/100\n|cant|p2a: Rhydon|slp\n|\n|upkeep\n|turn|31\n|\n|t:|1782559485\n|move|p1a: Chansey|Seismic Toss|p2a: Rhydon\n|-damage|p2a: Rhydon|32/100 slp\n|-curestatus|p2a: Rhydon|slp|[msg]\n|\n|upkeep\n|turn|32\n|\n|t:|1782559514\n|move|p1a: Chansey|Seismic Toss|p2a: Rhydon\n|-damage|p2a: Rhydon|8/100\n|move|p2a: Rhydon|Earthquake|p1a: Chansey\n|-damage|p1a: Chansey|44/100\n|\n|upkeep\n|turn|33\n|\n|t:|1782559522\n|switch|p2a: Snorlax|Snorlax|47/100\n|move|p1a: Chansey|Seismic Toss|p2a: Snorlax\n|-damage|p2a: Snorlax|28/100\n|\n|upkeep\n|turn|34\n|inactive|RoboKyII has 270 seconds left.\n|\n|t:|1782559529\n|move|p1a: Chansey|Soft-Boiled|p1a: Chansey\n|-heal|p1a: Chansey|94/100\n|move|p2a: Snorlax|Body Slam|p1a: Chansey\n|-damage|p1a: Chansey|50/100\n|\n|upkeep\n|turn|35\n|\n|t:|1782559534\n|move|p1a: Chansey|Sing|p2a: Snorlax|[miss]\n|-miss|p1a: Chansey\n|move|p2a: Snorlax|Body Slam|p1a: Chansey\n|-damage|p1a: Chansey|7/100\n|\n|upkeep\n|turn|36\n|\n|t:|1782559546\n|switch|p2a: Rhydon|Rhydon|8/100\n|move|p1a: Chansey|Sing|p2a: Rhydon|[miss]\n|-miss|p1a: Chansey\n|\n|upkeep\n|turn|37\n|\n|t:|1782559551\n|move|p1a: Chansey|Seismic Toss|p2a: Rhydon\n|-damage|p2a: Rhydon|0 fnt\n|faint|p2a: Rhydon\n|\n|t:|1782559553\n|switch|p2a: Tauros|Tauros|47/100\n|turn|38\n|\n|t:|1782559560\n|switch|p1a: Cloyster|Cloyster|32/100 par\n|move|p2a: Tauros|Body Slam|p1a: Cloyster\n|-damage|p1a: Cloyster|9/100 par\n|\n|upkeep\n|turn|39\n|\n|t:|1782559570\n|move|p2a: Tauros|Body Slam|p1a: Cloyster\n|-damage|p1a: Cloyster|0 fnt\n|faint|p1a: Cloyster\n|\n|t:|1782559572\n|switch|p1a: Snorlax|Snorlax|44/100\n|turn|40\n|\n|t:|1782559579\n|move|p2a: Tauros|Hyper Beam|p1a: Snorlax\n|-damage|p1a: Snorlax|0 fnt\n|faint|p1a: Snorlax\n|\n|t:|1782559581\n|switch|p1a: Tauros|Tauros|48/100\n|turn|41\n|\n|t:|1782559587\n|move|p2a: Tauros|Hyper Beam|p1a: Tauros\n|-damage|p1a: Tauros|0 fnt\n|faint|p1a: Tauros\n|c|☆RoboKyII|gg\n|\n|t:|1782559592\n|switch|p1a: Chansey|Chansey|7/100\n|turn|42\n|c|☆Kristyl ★|gg\n|\n|t:|1782559601\n|move|p2a: Tauros|Body Slam|p1a: Chansey\n|-damage|p1a: Chansey|0 fnt\n|faint|p1a: Chansey\n|\n|win|RoboKyII\n|player|p1|\n","uploadtime":1782559601,"views":"87","formatid":"gen1ou","rating":null,"private":0,"password":null}