{"id":"smogtours-gen1ou-947861","format":"[Gen 1] OU","players":["Abucketofchubs","Charmflash"],"log":"|inactive|Battle timer is ON: inactive players will automatically lose when time's up.\n|t:|1781830193\n|gametype|singles\n|player|p1|Abucketofchubs|youngster-gen4dp|\n|player|p2|Charmflash|#splxviiraiders|\n|gen|1\n|tier|[Gen 1] OU\n|rule|Desync Clause Mod: Desyncs changed to move failure.\n|rule|HP Percentage Mod: HP is shown in percentages\n|rule|Endless Battle Clause: Forcing endless battles is banned\n|rule|Sleep Clause Mod: Limit one foe put to sleep\n|rule|Freeze Clause Mod: Limit one foe frozen\n|rule|Species Clause: Limit one of each Pokémon\n|rule|OHKO Clause: OHKO moves are banned\n|rule|Evasion Moves Clause: Evasion moves are banned\n|\n|t:|1781830193\n|teamsize|p1|6\n|teamsize|p2|6\n|start\n|switch|p1a: Starmie|Starmie|100/100\n|switch|p2a: Starmie|Starmie|100/100\n|turn|1\n|c|☆Charmflash|hf\n|\n|t:|1781830214\n|switch|p2a: Jynx|Jynx|100/100\n|move|p1a: Starmie|Surf|p2a: Jynx\n|-damage|p2a: Jynx|66/100\n|\n|upkeep\n|turn|2\n|\n|t:|1781830219\n|move|p1a: Starmie|Thunder Wave|p2a: Jynx\n|-status|p2a: Jynx|par\n|move|p2a: Jynx|Lovely Kiss|p1a: Starmie\n|-status|p1a: Starmie|slp|[from] move: Lovely Kiss\n|\n|upkeep\n|turn|3\n|\n|t:|1781830230\n|switch|p1a: Snorlax|Snorlax|100/100\n|cant|p2a: Jynx|par\n|\n|upkeep\n|turn|4\n|inactive|Abucketofchubs has 270 seconds left.\n|\n|t:|1781830270\n|switch|p2a: Chansey|Chansey|100/100\n|move|p1a: Snorlax|Body Slam|p2a: Chansey\n|-damage|p2a: Chansey|57/100\n|\n|upkeep\n|turn|5\n|\n|t:|1781830275\n|move|p2a: Chansey|Soft-Boiled|p2a: Chansey\n|-heal|p2a: Chansey|100/100\n|move|p1a: Snorlax|Earthquake|p2a: Chansey\n|-damage|p2a: Chansey|70/100\n|\n|upkeep\n|turn|6\n|\n|t:|1781830300\n|move|p2a: Chansey|Ice Beam|p1a: Snorlax\n|-damage|p1a: Snorlax|80/100\n|move|p1a: Snorlax|Earthquake|p2a: Chansey\n|-damage|p2a: Chansey|38/100\n|\n|upkeep\n|turn|7\n|\n|t:|1781830305\n|move|p2a: Chansey|Soft-Boiled|p2a: Chansey\n|-heal|p2a: Chansey|88/100\n|move|p1a: Snorlax|Body Slam|p2a: Chansey\n|-damage|p2a: Chansey|45/100\n|\n|upkeep\n|turn|8\n|\n|t:|1781830309\n|move|p2a: Chansey|Soft-Boiled|p2a: Chansey\n|-heal|p2a: Chansey|95/100\n|move|p1a: Snorlax|Earthquake|p2a: Chansey\n|-damage|p2a: Chansey|64/100\n|\n|upkeep\n|turn|9\n|\n|t:|1781830313\n|switch|p1a: Starmie|Starmie|100/100 slp\n|move|p2a: Chansey|Soft-Boiled|p2a: Chansey\n|-heal|p2a: Chansey|100/100\n|\n|upkeep\n|turn|10\n|\n|t:|1781830317\n|cant|p1a: Starmie|slp\n|move|p2a: Chansey|Thunderbolt|p1a: Starmie\n|-supereffective|p1a: Starmie\n|-damage|p1a: Starmie|48/100 slp\n|\n|upkeep\n|turn|11\n|\n|t:|1781830344\n|switch|p1a: Alakazam|Alakazam|100/100\n|move|p2a: Chansey|Ice Beam|p1a: Alakazam\n|-damage|p1a: Alakazam|80/100\n|\n|upkeep\n|turn|12\n|\n|t:|1781830352\n|switch|p2a: Jynx|Jynx|66/100 par\n|move|p1a: Alakazam|Thunder Wave|p2a: Jynx\n|-fail|p2a: Jynx|par\n|\n|upkeep\n|turn|13\n|\n|t:|1781830359\n|move|p1a: Alakazam|Seismic Toss|p2a: Jynx\n|-damage|p2a: Jynx|36/100 par\n|move|p2a: Jynx|Body Slam|p1a: Alakazam\n|-damage|p1a: Alakazam|59/100\n|\n|upkeep\n|turn|14\n|\n|t:|1781830365\n|move|p1a: Alakazam|Psychic|p2a: Jynx\n|-resisted|p2a: Jynx\n|-damage|p2a: Jynx|16/100 par\n|move|p2a: Jynx|Body Slam|p1a: Alakazam\n|-damage|p1a: Alakazam|35/100\n|\n|upkeep\n|turn|15\n|\n|t:|1781830373\n|move|p1a: Alakazam|Psychic|p2a: Jynx\n|-resisted|p2a: Jynx\n|-damage|p2a: Jynx|0 fnt\n|faint|p2a: Jynx\n|\n|t:|1781830376\n|switch|p2a: Snorlax|Snorlax|100/100\n|turn|16\n|\n|t:|1781830384\n|switch|p1a: Snorlax|Snorlax|80/100\n|move|p2a: Snorlax|Body Slam|p1a: Snorlax\n|-damage|p1a: Snorlax|56/100\n|\n|upkeep\n|turn|17\n|\n|t:|1781830388\n|move|p2a: Snorlax|Earthquake|p1a: Snorlax\n|-crit|p1a: Snorlax\n|-damage|p1a: Snorlax|13/100\n|move|p1a: Snorlax|Reflect|p1a: Snorlax\n|-start|p1a: Snorlax|Reflect\n|\n|upkeep\n|turn|18\n|\n|t:|1781830414\n|move|p2a: Snorlax|Body Slam|p1a: Snorlax\n|-damage|p1a: Snorlax|0 fnt\n|faint|p1a: Snorlax\n|\n|t:|1781830416\n|switch|p1a: Exeggutor|Exeggutor|100/100\n|turn|19\n|\n|t:|1781830433\n|switch|p2a: Golem|Golem|100/100\n|move|p1a: Exeggutor|Sleep Powder|p2a: Golem\n|-status|p2a: Golem|slp|[from] move: Sleep Powder\n|\n|upkeep\n|turn|20\n|\n|t:|1781830445\n|switch|p2a: Starmie|Starmie|100/100\n|move|p1a: Exeggutor|Stun Spore|p2a: Starmie\n|-status|p2a: Starmie|par\n|\n|upkeep\n|turn|21\n|\n|t:|1781830468\n|move|p1a: Exeggutor|Psychic|p2a: Starmie\n|-resisted|p2a: Starmie\n|-damage|p2a: Starmie|81/100 par\n|move|p2a: Starmie|Blizzard|p1a: Exeggutor\n|-supereffective|p1a: Exeggutor\n|-damage|p1a: Exeggutor|63/100\n|\n|upkeep\n|turn|22\n|\n|t:|1781830477\n|switch|p2a: Golem|Golem|100/100 slp\n|move|p1a: Exeggutor|Psychic|p2a: Golem\n|-damage|p2a: Golem|51/100 slp\n|\n|upkeep\n|turn|23\n|\n|t:|1781830483\n|switch|p2a: Starmie|Starmie|81/100 par\n|move|p1a: Exeggutor|Psychic|p2a: Starmie\n|-resisted|p2a: Starmie\n|-damage|p2a: Starmie|63/100 par\n|\n|upkeep\n|turn|24\n|\n|t:|1781830488\n|move|p1a: Exeggutor|Psychic|p2a: Starmie\n|-resisted|p2a: Starmie\n|-damage|p2a: Starmie|45/100 par\n|move|p2a: Starmie|Recover|p2a: Starmie\n|-heal|p2a: Starmie|95/100 par\n|\n|upkeep\n|turn|25\n|\n|t:|1781830493\n|move|p1a: Exeggutor|Psychic|p2a: Starmie\n|-resisted|p2a: Starmie\n|-damage|p2a: Starmie|75/100 par\n|move|p2a: Starmie|Recover|p2a: Starmie\n|-heal|p2a: Starmie|100/100 par\n|\n|upkeep\n|turn|26\n|\n|t:|1781830495\n|move|p1a: Exeggutor|Psychic|p2a: Starmie\n|-crit|p2a: Starmie\n|-resisted|p2a: Starmie\n|-damage|p2a: Starmie|64/100 par\n|cant|p2a: Starmie|par\n|\n|upkeep\n|turn|27\n|\n|t:|1781830499\n|move|p1a: Exeggutor|Psychic|p2a: Starmie\n|-resisted|p2a: Starmie\n|-damage|p2a: Starmie|44/100 par\n|move|p2a: Starmie|Recover|p2a: Starmie\n|-heal|p2a: Starmie|94/100 par\n|\n|upkeep\n|turn|28\n|\n|t:|1781830502\n|move|p1a: Exeggutor|Explosion|p2a: Starmie\n|-damage|p2a: Starmie|7/100 par\n|faint|p1a: Exeggutor\n|\n|t:|1781830504\n|switch|p1a: Tauros|Tauros|100/100\n|turn|29\n|inactive|Charmflash has 270 seconds left.\n|\n|t:|1781830539\n|move|p1a: Tauros|Body Slam|p2a: Starmie\n|-damage|p2a: Starmie|0 fnt\n|faint|p2a: Starmie\n|\n|t:|1781830544\n|switch|p2a: Snorlax|Snorlax|100/100\n|turn|30\n|inactive|Abucketofchubs has 270 seconds left.\n|\n|t:|1781830604\n|move|p1a: Tauros|Body Slam|p2a: Snorlax\n|-damage|p2a: Snorlax|76/100\n|move|p2a: Snorlax|Body Slam|p1a: Tauros\n|-damage|p1a: Tauros|72/100\n|\n|upkeep\n|turn|31\n|\n|t:|1781830609\n|switch|p1a: Starmie|Starmie|48/100 slp\n|move|p2a: Snorlax|Counter|p1a: Starmie\n|-damage|p1a: Starmie|0 fnt\n|faint|p1a: Starmie\n|\n|t:|1781830612\n|switch|p1a: Rhydon|Rhydon|100/100\n|turn|32\n|\n|t:|1781830634\n|switch|p2a: Chansey|Chansey|100/100\n|move|p1a: Rhydon|Earthquake|p2a: Chansey\n|-damage|p2a: Chansey|48/100\n|\n|upkeep\n|turn|33\n|\n|t:|1781830644\n|move|p2a: Chansey|Ice Beam|p1a: Rhydon\n|-crit|p1a: Rhydon\n|-supereffective|p1a: Rhydon\n|-damage|p1a: Rhydon|0 fnt\n|faint|p1a: Rhydon\n|\n|t:|1781830647\n|switch|p1a: Tauros|Tauros|72/100\n|turn|34\n|c|☆Abucketofchubs|well\n|\n|t:|1781830656\n|move|p1a: Tauros|Blizzard|p2a: Chansey\n|-crit|p2a: Chansey\n|-damage|p2a: Chansey|27/100\n|move|p2a: Chansey|Counter|p1a: Tauros\n|-fail|p2a: Chansey\n|\n|upkeep\n|turn|35\n|\n|t:|1781830675\n|move|p1a: Tauros|Earthquake|p2a: Chansey\n|-crit|p2a: Chansey\n|-damage|p2a: Chansey|0 fnt\n|faint|p2a: Chansey\n|\n|t:|1781830683\n|switch|p2a: Snorlax|Snorlax|76/100\n|turn|36\n|\n|t:|1781830691\n|move|p1a: Tauros|Blizzard|p2a: Snorlax\n|-crit|p2a: Snorlax\n|-damage|p2a: Snorlax|41/100\n|move|p2a: Snorlax|Self-Destruct|p1a: Tauros\n|-damage|p1a: Tauros|0 fnt\n|faint|p1a: Tauros\n|faint|p2a: Snorlax\n|\n|t:|1781830697\n|switch|p1a: Alakazam|Alakazam|35/100\n|switch|p2a: Tauros|Tauros|100/100\n|turn|37\n|\n|t:|1781830699\n|move|p1a: Alakazam|Thunder Wave|p2a: Tauros\n|-status|p2a: Tauros|par\n|move|p2a: Tauros|Body Slam|p1a: Alakazam\n|-damage|p1a: Alakazam|0 fnt\n|faint|p1a: Alakazam\n|\n|win|Charmflash\n|player|p2|\n|player|p2|Charmflash|#splxviiraiders|\n|player|p2|\n","uploadtime":1781830699,"views":"59","formatid":"gen1ou","rating":null,"private":0,"password":null}