{"id":"smogtours-gen1ou-948080","format":"[Gen 1] OU","players":["Gilgeous","Deezcastforms"],"log":"|inactive|Battle timer is ON: inactive players will automatically lose when time's up.\n|t:|1781901306\n|gametype|singles\n|player|p1|Gilgeous|hoopster|\n|player|p2|Deezcastforms|#adpl8|\n|gen|1\n|tier|[Gen 1] OU\n|rule|Desync Clause Mod: Desyncs changed to move failure.\n|rule|HP Percentage Mod: HP is shown in percentages\n|rule|Endless Battle Clause: Forcing endless battles is banned\n|rule|Sleep Clause Mod: Limit one foe put to sleep\n|rule|Freeze Clause Mod: Limit one foe frozen\n|rule|Species Clause: Limit one of each Pokémon\n|rule|OHKO Clause: OHKO moves are banned\n|rule|Evasion Moves Clause: Evasion moves are banned\n|\n|t:|1781901306\n|teamsize|p1|6\n|teamsize|p2|6\n|start\n|switch|p1a: Gen 1 Overflow|Zapdos|100/100\n|switch|p2a: Gengar|Gengar|100/100\n|turn|1\n|inactive|Gilgeous also wants the timer to be on.\n|\n|t:|1781901319\n|move|p2a: Gengar|Hypnosis|p1a: Gen 1 Overflow\n|-status|p1a: Gen 1 Overflow|slp|[from] move: Hypnosis\n|cant|p1a: Gen 1 Overflow|slp\n|\n|upkeep\n|turn|2\n|\n|t:|1781901339\n|switch|p1a: 256 Garden|Exeggutor|100/100\n|move|p2a: Gengar|Thunderbolt|p1a: 256 Garden\n|-resisted|p1a: 256 Garden\n|-damage|p1a: 256 Garden|91/100\n|\n|upkeep\n|turn|3\n|inactive|Deezcastforms has 270 seconds left.\n|inactive|Gilgeous has 270 seconds left.\n|inactive|Deezcastforms has 240 seconds left.\n|inactive|Gilgeous has 240 seconds left.\n|\n|t:|1781901410\n|move|p2a: Gengar|Thunderbolt|p1a: 256 Garden\n|-crit|p1a: 256 Garden\n|-resisted|p1a: 256 Garden\n|-damage|p1a: 256 Garden|73/100\n|move|p1a: 256 Garden|Psychic|p2a: Gengar\n|-supereffective|p2a: Gengar\n|-damage|p2a: Gengar|40/100\n|\n|upkeep\n|turn|4\n|\n|t:|1781901422\n|switch|p2a: Chansey|Chansey|100/100\n|move|p1a: 256 Garden|Sleep Powder|p2a: Chansey\n|-status|p2a: Chansey|slp|[from] move: Sleep Powder\n|\n|upkeep\n|turn|5\n|\n|t:|1781901431\n|switch|p2a: Exeggutor|Exeggutor|100/100\n|move|p1a: 256 Garden|Stun Spore|p2a: Exeggutor|[miss]\n|-miss|p1a: 256 Garden\n|\n|upkeep\n|turn|6\n|inactive|Deezcastforms has 240 seconds left.\n|\n|t:|1781901437\n|move|p2a: Exeggutor|Stun Spore|p1a: 256 Garden|[miss]\n|-miss|p2a: Exeggutor\n|move|p1a: 256 Garden|Stun Spore|p2a: Exeggutor|[miss]\n|-miss|p1a: 256 Garden\n|\n|upkeep\n|turn|7\n|\n|t:|1781901445\n|move|p1a: 256 Garden|Stun Spore|p2a: Exeggutor\n|-status|p2a: Exeggutor|par\n|move|p2a: Exeggutor|Stun Spore|p1a: 256 Garden\n|-status|p1a: 256 Garden|par\n|\n|upkeep\n|turn|8\n|\n|t:|1781901456\n|cant|p1a: 256 Garden|par\n|cant|p2a: Exeggutor|par\n|\n|upkeep\n|turn|9\n|\n|t:|1781901461\n|cant|p1a: 256 Garden|par\n|move|p2a: Exeggutor|Psychic|p1a: 256 Garden\n|-resisted|p1a: 256 Garden\n|-damage|p1a: 256 Garden|59/100 par\n|\n|upkeep\n|turn|10\n|inactive|Gilgeous has 270 seconds left.\n|\n|t:|1781901468\n|cant|p2a: Exeggutor|par\n|move|p1a: 256 Garden|Psychic|p2a: Exeggutor\n|-resisted|p2a: Exeggutor\n|-damage|p2a: Exeggutor|88/100 par\n|\n|upkeep\n|turn|11\n|\n|t:|1781901474\n|move|p1a: 256 Garden|Psychic|p2a: Exeggutor\n|-resisted|p2a: Exeggutor\n|-damage|p2a: Exeggutor|75/100 par\n|move|p2a: Exeggutor|Psychic|p1a: 256 Garden\n|-resisted|p1a: 256 Garden\n|-damage|p1a: 256 Garden|45/100 par\n|\n|upkeep\n|turn|12\n|\n|t:|1781901480\n|switch|p2a: Gengar|Gengar|40/100\n|move|p1a: 256 Garden|Psychic|p2a: Gengar\n|-crit|p2a: Gengar\n|-supereffective|p2a: Gengar\n|-damage|p2a: Gengar|0 fnt\n|faint|p2a: Gengar\n|inactive|Deezcastforms has 270 seconds left.\n|\n|t:|1781901494\n|switch|p2a: Starmie|Starmie|100/100\n|turn|13\n|\n|t:|1781901504\n|switch|p1a: Wrap Summer|Alakazam|100/100\n|move|p2a: Starmie|Blizzard|p1a: Wrap Summer\n|-damage|p1a: Wrap Summer|74/100\n|\n|upkeep\n|turn|14\n|\n|t:|1781901509\n|move|p1a: Wrap Summer|Thunder Wave|p2a: Starmie\n|-status|p2a: Starmie|par\n|move|p2a: Starmie|Thunder Wave|p1a: Wrap Summer\n|-status|p1a: Wrap Summer|par\n|\n|upkeep\n|turn|15\n|\n|t:|1781901525\n|switch|p2a: Snorlax|Snorlax|100/100\n|cant|p1a: Wrap Summer|par\n|\n|upkeep\n|turn|16\n|\n|t:|1781901537\n|switch|p1a: Master Freeze|Cloyster|100/100\n|move|p2a: Snorlax|Hyper Beam|p1a: Master Freeze\n|-damage|p1a: Master Freeze|63/100\n|-mustrecharge|p2a: Snorlax\n|\n|upkeep\n|turn|17\n|\n|t:|1781901542\n|move|p1a: Master Freeze|Blizzard|p2a: Snorlax\n|-crit|p2a: Snorlax\n|-damage|p2a: Snorlax|35/100\n|cant|p2a: Snorlax|recharge\n|\n|upkeep\n|turn|18\n|\n|t:|1781901552\n|switch|p2a: Starmie|Starmie|100/100 par\n|move|p1a: Master Freeze|Clamp|p2a: Starmie|[miss]\n|-miss|p1a: Master Freeze\n|\n|upkeep\n|turn|19\n|\n|t:|1781901559\n|switch|p1a: Wrap Summer|Alakazam|74/100 par\n|move|p2a: Starmie|Thunder Wave|p1a: Wrap Summer\n|-fail|p1a: Wrap Summer|par\n|\n|upkeep\n|turn|20\n|\n|t:|1781901573\n|switch|p2a: Snorlax|Snorlax|35/100\n|move|p1a: Wrap Summer|Psychic|p2a: Snorlax\n|-damage|p2a: Snorlax|3/100\n|-unboost|p2a: Snorlax|spa|1\n|-unboost|p2a: Snorlax|spd|1\n|\n|upkeep\n|turn|21\n|\n|t:|1781901587\n|switch|p1a: Master Freeze|Cloyster|63/100\n|move|p2a: Snorlax|Rest|p2a: Snorlax\n|-status|p2a: Snorlax|slp|[from] move: Rest\n|-heal|p2a: Snorlax|100/100 slp|[silent]\n|\n|upkeep\n|turn|22\n|\n|t:|1781901601\n|switch|p2a: Starmie|Starmie|100/100 par\n|move|p1a: Master Freeze|Blizzard|p2a: Starmie\n|-resisted|p2a: Starmie\n|-damage|p2a: Starmie|81/100 par\n|\n|upkeep\n|turn|23\n|\n|t:|1781901615\n|switch|p1a: Wrap Summer|Alakazam|74/100 par\n|move|p2a: Starmie|Thunderbolt|p1a: Wrap Summer\n|-damage|p1a: Wrap Summer|53/100 par\n|\n|upkeep\n|turn|24\n|\n|t:|1781901629\n|move|p1a: Wrap Summer|Recover|p1a: Wrap Summer\n|-heal|p1a: Wrap Summer|100/100 par\n|move|p2a: Starmie|Blizzard|p1a: Wrap Summer\n|-crit|p1a: Wrap Summer\n|-damage|p1a: Wrap Summer|57/100 par\n|\n|upkeep\n|turn|25\n|\n|t:|1781901638\n|move|p1a: Wrap Summer|Recover|p1a: Wrap Summer\n|-heal|p1a: Wrap Summer|100/100 par\n|cant|p2a: Starmie|par\n|\n|upkeep\n|turn|26\n|\n|t:|1781901652\n|move|p1a: Wrap Summer|Seismic Toss|p2a: Starmie\n|-damage|p2a: Starmie|50/100 par\n|cant|p2a: Starmie|par\n|\n|upkeep\n|turn|27\n|\n|t:|1781901657\n|move|p1a: Wrap Summer|Psychic|p2a: Starmie\n|-crit|p2a: Starmie\n|-resisted|p2a: Starmie\n|-damage|p2a: Starmie|13/100 par\n|move|p2a: Starmie|Recover|p2a: Starmie\n|-heal|p2a: Starmie|63/100 par\n|\n|upkeep\n|turn|28\n|\n|t:|1781901661\n|move|p1a: Wrap Summer|Seismic Toss|p2a: Starmie\n|-damage|p2a: Starmie|32/100 par\n|cant|p2a: Starmie|par\n|\n|upkeep\n|turn|29\n|\n|t:|1781901666\n|move|p1a: Wrap Summer|Seismic Toss|p2a: Starmie\n|-damage|p2a: Starmie|1/100 par\n|move|p2a: Starmie|Recover|p2a: Starmie\n|-heal|p2a: Starmie|51/100 par\n|\n|upkeep\n|turn|30\n|\n|t:|1781901670\n|move|p1a: Wrap Summer|Psychic|p2a: Starmie\n|-resisted|p2a: Starmie\n|-damage|p2a: Starmie|30/100 par\n|move|p2a: Starmie|Recover|p2a: Starmie\n|-heal|p2a: Starmie|80/100 par\n|\n|upkeep\n|turn|31\n|\n|t:|1781901691\n|cant|p1a: Wrap Summer|par\n|move|p2a: Starmie|Thunderbolt|p1a: Wrap Summer\n|-damage|p1a: Wrap Summer|81/100 par\n|\n|upkeep\n|turn|32\n|\n|t:|1781901696\n|move|p1a: Wrap Summer|Seismic Toss|p2a: Starmie\n|-damage|p2a: Starmie|49/100 par\n|cant|p2a: Starmie|par\n|\n|upkeep\n|turn|33\n|\n|t:|1781901699\n|cant|p1a: Wrap Summer|par\n|move|p2a: Starmie|Recover|p2a: Starmie\n|-heal|p2a: Starmie|99/100 par\n|\n|upkeep\n|turn|34\n|\n|t:|1781901701\n|move|p1a: Wrap Summer|Recover|p1a: Wrap Summer\n|-heal|p1a: Wrap Summer|100/100 par\n|cant|p2a: Starmie|par\n|\n|upkeep\n|turn|35\n|\n|t:|1781901704\n|move|p1a: Wrap Summer|Psychic|p2a: Starmie\n|-resisted|p2a: Starmie\n|-damage|p2a: Starmie|80/100 par\n|move|p2a: Starmie|Thunderbolt|p1a: Wrap Summer\n|-damage|p1a: Wrap Summer|80/100 par\n|\n|upkeep\n|turn|36\n|\n|t:|1781901708\n|move|p1a: Wrap Summer|Seismic Toss|p2a: Starmie\n|-damage|p2a: Starmie|49/100 par\n|cant|p2a: Starmie|par\n|\n|upkeep\n|turn|37\n|\n|t:|1781901711\n|move|p1a: Wrap Summer|Psychic|p2a: Starmie\n|-resisted|p2a: Starmie\n|-damage|p2a: Starmie|27/100 par\n|-unboost|p2a: Starmie|spa|1\n|-unboost|p2a: Starmie|spd|1\n|move|p2a: Starmie|Recover|p2a: Starmie\n|-heal|p2a: Starmie|77/100 par\n|\n|upkeep\n|turn|38\n|\n|t:|1781901716\n|move|p1a: Wrap Summer|Seismic Toss|p2a: Starmie\n|-damage|p2a: Starmie|46/100 par\n|move|p2a: Starmie|Recover|p2a: Starmie\n|-heal|p2a: Starmie|96/100 par\n|\n|upkeep\n|turn|39\n|\n|t:|1781901720\n|cant|p1a: Wrap Summer|par\n|move|p2a: Starmie|Thunderbolt|p1a: Wrap Summer\n|-damage|p1a: Wrap Summer|68/100 par\n|\n|upkeep\n|turn|40\n|\n|t:|1781901726\n|switch|p2a: Snorlax|Snorlax|100/100 slp\n|cant|p1a: Wrap Summer|par\n|\n|upkeep\n|turn|41\n|\n|t:|1781901734\n|switch|p1a: Master Freeze|Cloyster|63/100\n|cant|p2a: Snorlax|slp\n|\n|upkeep\n|turn|42\n|\n|t:|1781901742\n|switch|p2a: Starmie|Starmie|96/100 par\n|move|p1a: Master Freeze|Blizzard|p2a: Starmie\n|-resisted|p2a: Starmie\n|-damage|p2a: Starmie|75/100 par\n|\n|upkeep\n|turn|43\n|\n|t:|1781901752\n|switch|p1a: Wrap Summer|Alakazam|68/100 par\n|move|p2a: Starmie|Thunderbolt|p1a: Wrap Summer\n|-damage|p1a: Wrap Summer|50/100 par\n|\n|upkeep\n|turn|44\n|\n|t:|1781901760\n|switch|p2a: Snorlax|Snorlax|100/100 slp\n|move|p1a: Wrap Summer|Recover|p1a: Wrap Summer\n|-heal|p1a: Wrap Summer|99/100 par\n|\n|upkeep\n|turn|45\n|\n|t:|1781901765\n|-curestatus|p2a: Snorlax|slp|[msg]\n|move|p1a: Wrap Summer|Psychic|p2a: Snorlax\n|-damage|p2a: Snorlax|67/100\n|\n|upkeep\n|turn|46\n|\n|t:|1781901772\n|switch|p1a: 256 Garden|Exeggutor|45/100 par\n|move|p2a: Snorlax|Body Slam|p1a: 256 Garden\n|-damage|p1a: 256 Garden|15/100 par\n|\n|upkeep\n|turn|47\n|\n|t:|1781901777\n|move|p2a: Snorlax|Body Slam|p1a: 256 Garden\n|-crit|p1a: 256 Garden\n|-damage|p1a: 256 Garden|0 fnt\n|faint|p1a: 256 Garden\n|\n|t:|1781901779\n|switch|p1a: Master Freeze|Cloyster|63/100\n|turn|48\n|\n|t:|1781901786\n|switch|p2a: Starmie|Starmie|75/100 par\n|move|p1a: Master Freeze|Clamp|p2a: Starmie|[miss]\n|-miss|p1a: Master Freeze\n|\n|upkeep\n|turn|49\n|\n|t:|1781901802\n|switch|p2a: Snorlax|Snorlax|67/100\n|move|p1a: Master Freeze|Blizzard|p2a: Snorlax\n|-damage|p2a: Snorlax|34/100\n|\n|upkeep\n|turn|50\n|c|☆Gilgeous|shi\n|\n|t:|1781901812\n|switch|p2a: Starmie|Starmie|75/100 par\n|move|p1a: Master Freeze|Clamp|p2a: Starmie\n|-resisted|p2a: Starmie\n|-damage|p2a: Starmie|69/100 par\n|\n|upkeep\n|turn|51\n|\n|t:|1781901818\n|switch|p2a: Chansey|Chansey|100/100 slp\n|move|p1a: Master Freeze|Clamp|p2a: Chansey\n|-damage|p2a: Chansey|96/100 slp\n|\n|upkeep\n|turn|52\n|\n|t:|1781901828\n|switch|p1a: 6 Turn Sleep Camp|Snorlax|100/100\n|-curestatus|p2a: Chansey|slp|[msg]\n|\n|upkeep\n|turn|53\n|\n|t:|1781901838\n|switch|p1a: Wrap Summer|Alakazam|99/100 par\n|move|p2a: Chansey|Thunder Wave|p1a: Wrap Summer\n|-fail|p1a: Wrap Summer|par\n|\n|upkeep\n|turn|54\n|inactive|Gilgeous has 270 seconds left.\n|inactive|Deezcastforms has 270 seconds left.\n|\n|t:|1781901871\n|switch|p2a: Exeggutor|Exeggutor|75/100 par\n|move|p1a: Wrap Summer|Seismic Toss|p2a: Exeggutor\n|-damage|p2a: Exeggutor|49/100 par\n|\n|upkeep\n|turn|55\n|\n|t:|1781901880\n|switch|p1a: Gen 1 Overflow|Zapdos|100/100 slp\n|cant|p2a: Exeggutor|par\n|\n|upkeep\n|turn|56\n|\n|t:|1781901895\n|switch|p1a: Master Freeze|Cloyster|63/100\n|switch|p2a: Tauros|Tauros|100/100\n|\n|upkeep\n|turn|57\n|\n|t:|1781901903\n|switch|p2a: Chansey|Chansey|96/100\n|move|p1a: Master Freeze|Clamp|p2a: Chansey\n|-damage|p2a: Chansey|90/100\n|\n|upkeep\n|turn|58\n|\n|t:|1781901909\n|switch|p2a: Starmie|Starmie|69/100 par\n|move|p1a: Master Freeze|Clamp|p2a: Starmie\n|-crit|p2a: Starmie\n|-resisted|p2a: Starmie\n|-damage|p2a: Starmie|58/100 par\n|\n|upkeep\n|turn|59\n|\n|t:|1781901916\n|switch|p1a: 6 Turn Sleep Camp|Snorlax|100/100\n|switch|p2a: Chansey|Chansey|90/100\n|\n|upkeep\n|turn|60\n|\n|t:|1781901924\n|switch|p1a: Wrap Summer|Alakazam|99/100 par\n|move|p2a: Chansey|Thunder Wave|p1a: Wrap Summer\n|-fail|p1a: Wrap Summer|par\n|\n|upkeep\n|turn|61\n|\n|t:|1781901935\n|move|p2a: Chansey|Ice Beam|p1a: Wrap Summer\n|-damage|p1a: Wrap Summer|80/100 par\n|move|p1a: Wrap Summer|Thunder Wave|p2a: Chansey\n|-status|p2a: Chansey|par\n|\n|upkeep\n|turn|62\n|\n|t:|1781901951\n|cant|p1a: Wrap Summer|par\n|cant|p2a: Chansey|par\n|\n|upkeep\n|turn|63\n|\n|t:|1781901959\n|cant|p1a: Wrap Summer|par\n|cant|p2a: Chansey|par\n|\n|upkeep\n|turn|64\n|\n|t:|1781901968\n|cant|p1a: Wrap Summer|par\n|cant|p2a: Chansey|par\n|\n|upkeep\n|turn|65\n|\n|t:|1781901974\n|cant|p1a: Wrap Summer|par\n|move|p2a: Chansey|Ice Beam|p1a: Wrap Summer\n|-damage|p1a: Wrap Summer|60/100 par\n|\n|upkeep\n|turn|66\n|\n|t:|1781901998\n|switch|p2a: Snorlax|Snorlax|34/100\n|move|p1a: Wrap Summer|Thunder Wave|p2a: Snorlax\n|-status|p2a: Snorlax|par\n|\n|upkeep\n|turn|67\n|\n|t:|1781902018\n|switch|p1a: 6 Turn Sleep Camp|Snorlax|100/100\n|move|p2a: Snorlax|Rest|p2a: Snorlax\n|-status|p2a: Snorlax|slp|[from] move: Rest\n|-heal|p2a: Snorlax|100/100 slp|[silent]\n|\n|upkeep\n|turn|68\n|\n|t:|1781902022\n|move|p1a: 6 Turn Sleep Camp|Body Slam|p2a: Snorlax\n|-damage|p2a: Snorlax|72/100 slp\n|cant|p2a: Snorlax|slp\n|\n|upkeep\n|turn|69\n|\n|t:|1781902025\n|move|p1a: 6 Turn Sleep Camp|Body Slam|p2a: Snorlax\n|-damage|p2a: Snorlax|47/100 slp\n|-curestatus|p2a: Snorlax|slp|[msg]\n|\n|upkeep\n|turn|70\n|\n|t:|1781902030\n|switch|p1a: Master Freeze|Cloyster|63/100\n|move|p2a: Snorlax|Reflect|p2a: Snorlax\n|-start|p2a: Snorlax|Reflect\n|\n|upkeep\n|turn|71\n|\n|t:|1781902044\n|switch|p2a: Chansey|Chansey|90/100 par\n|move|p1a: Master Freeze|Clamp|p2a: Chansey\n|-damage|p2a: Chansey|85/100 par\n|\n|upkeep\n|turn|72\n|\n|t:|1781902058\n|switch|p2a: Starmie|Starmie|58/100 par\n|move|p1a: Master Freeze|Clamp|p2a: Starmie\n|-resisted|p2a: Starmie\n|-damage|p2a: Starmie|52/100 par\n|\n|upkeep\n|turn|73\n|\n|t:|1781902072\n|switch|p2a: Chansey|Chansey|85/100 par\n|move|p1a: Master Freeze|Clamp|p2a: Chansey\n|-crit|p2a: Chansey\n|-damage|p2a: Chansey|74/100 par\n|\n|upkeep\n|turn|74\n|\n|t:|1781902085\n|switch|p2a: Starmie|Starmie|52/100 par\n|move|p1a: Master Freeze|Clamp|p2a: Starmie\n|-resisted|p2a: Starmie\n|-damage|p2a: Starmie|47/100 par\n|\n|upkeep\n|turn|75\n|\n|t:|1781902094\n|switch|p2a: Chansey|Chansey|74/100 par\n|move|p1a: Master Freeze|Clamp|p2a: Chansey\n|-crit|p2a: Chansey\n|-damage|p2a: Chansey|64/100 par\n|\n|upkeep\n|turn|76\n|\n|t:|1781902111\n|switch|p2a: Starmie|Starmie|47/100 par\n|move|p1a: Master Freeze|Clamp|p2a: Starmie\n|-crit|p2a: Starmie\n|-resisted|p2a: Starmie\n|-damage|p2a: Starmie|36/100 par\n|\n|upkeep\n|turn|77\n|\n|t:|1781902120\n|switch|p2a: Chansey|Chansey|64/100 par\n|move|p1a: Master Freeze|Clamp|p2a: Chansey\n|-damage|p2a: Chansey|60/100 par\n|\n|upkeep\n|turn|78\n|\n|t:|1781902126\n|switch|p1a: 6 Turn Sleep Camp|Snorlax|100/100\n|switch|p2a: Starmie|Starmie|36/100 par\n|\n|upkeep\n|turn|79\n|\n|t:|1781902132\n|move|p1a: 6 Turn Sleep Camp|Body Slam|p2a: Starmie\n|-damage|p2a: Starmie|1/100 par\n|move|p2a: Starmie|Thunder Wave|p1a: 6 Turn Sleep Camp\n|-status|p1a: 6 Turn Sleep Camp|par\n|\n|upkeep\n|turn|80\n|\n|t:|1781902146\n|move|p2a: Starmie|Recover|p2a: Starmie\n|-heal|p2a: Starmie|51/100 par\n|cant|p1a: 6 Turn Sleep Camp|par\n|\n|upkeep\n|turn|81\n|\n|t:|1781902154\n|switch|p1a: Wrap Summer|Alakazam|60/100 par\n|move|p2a: Starmie|Recover|p2a: Starmie\n|-heal|p2a: Starmie|100/100 par\n|\n|upkeep\n|turn|82\n|\n|t:|1781902166\n|switch|p2a: Chansey|Chansey|60/100 par\n|move|p1a: Wrap Summer|Recover|p1a: Wrap Summer\n|-heal|p1a: Wrap Summer|100/100 par\n|\n|upkeep\n|turn|83\n|\n|t:|1781902171\n|move|p1a: Wrap Summer|Psychic|p2a: Chansey\n|-crit|p2a: Chansey\n|-damage|p2a: Chansey|22/100 par\n|-unboost|p2a: Chansey|spa|1\n|-unboost|p2a: Chansey|spd|1\n|move|p2a: Chansey|Soft-Boiled|p2a: Chansey\n|-heal|p2a: Chansey|72/100 par\n|\n|upkeep\n|turn|84\n|\n|t:|1781902181\n|switch|p2a: Starmie|Starmie|100/100 par\n|move|p1a: Wrap Summer|Seismic Toss|p2a: Starmie\n|-damage|p2a: Starmie|70/100 par\n|\n|upkeep\n|turn|85\n|\n|t:|1781902188\n|move|p1a: Wrap Summer|Seismic Toss|p2a: Starmie\n|-damage|p2a: Starmie|39/100 par\n|move|p2a: Starmie|Recover|p2a: Starmie\n|-heal|p2a: Starmie|88/100 par\n|\n|upkeep\n|turn|86\n|inactive|Gilgeous has 270 seconds left.\n|\n|t:|1781902222\n|move|p1a: Wrap Summer|Seismic Toss|p2a: Starmie\n|-damage|p2a: Starmie|57/100 par\n|move|p2a: Starmie|Thunderbolt|p1a: Wrap Summer\n|-damage|p1a: Wrap Summer|80/100 par\n|\n|upkeep\n|turn|87\n|\n|t:|1781902230\n|move|p1a: Wrap Summer|Psychic|p2a: Starmie\n|-resisted|p2a: Starmie\n|-damage|p2a: Starmie|37/100 par\n|-unboost|p2a: Starmie|spa|1\n|-unboost|p2a: Starmie|spd|1\n|move|p2a: Starmie|Recover|p2a: Starmie\n|-heal|p2a: Starmie|87/100 par\n|\n|upkeep\n|turn|88\n|\n|t:|1781902244\n|switch|p2a: Chansey|Chansey|72/100 par\n|move|p1a: Wrap Summer|Recover|p1a: Wrap Summer\n|-heal|p1a: Wrap Summer|100/100 par\n|\n|upkeep\n|turn|89\n|\n|t:|1781902250\n|move|p1a: Wrap Summer|Seismic Toss|p2a: Chansey\n|-damage|p2a: Chansey|58/100 par\n|move|p2a: Chansey|Ice Beam|p1a: Wrap Summer\n|-damage|p1a: Wrap Summer|80/100 par\n|\n|upkeep\n|turn|90\n|\n|t:|1781902257\n|cant|p1a: Wrap Summer|par\n|move|p2a: Chansey|Soft-Boiled|p2a: Chansey\n|-heal|p2a: Chansey|100/100 par\n|\n|upkeep\n|turn|91\n|\n|t:|1781902264\n|move|p1a: Wrap Summer|Recover|p1a: Wrap Summer\n|-heal|p1a: Wrap Summer|100/100 par\n|move|p2a: Chansey|Ice Beam|p1a: Wrap Summer\n|-damage|p1a: Wrap Summer|82/100 par\n|\n|upkeep\n|turn|92\n|\n|t:|1781902268\n|move|p1a: Wrap Summer|Psychic|p2a: Chansey\n|-crit|p2a: Chansey\n|-damage|p2a: Chansey|64/100 par\n|move|p2a: Chansey|Thunder Wave|p1a: Wrap Summer\n|-fail|p1a: Wrap Summer|par\n|\n|upkeep\n|turn|93\n|\n|t:|1781902292\n|move|p1a: Wrap Summer|Recover|p1a: Wrap Summer\n|-heal|p1a: Wrap Summer|100/100 par\n|move|p2a: Chansey|Soft-Boiled|p2a: Chansey\n|-heal|p2a: Chansey|100/100 par\n|\n|upkeep\n|turn|94\n|\n|t:|1781902306\n|cant|p1a: Wrap Summer|par\n|move|p2a: Chansey|Thunderbolt|p1a: Wrap Summer\n|-damage|p1a: Wrap Summer|80/100 par\n|\n|upkeep\n|turn|95\n|\n|t:|1781902312\n|switch|p2a: Starmie|Starmie|87/100 par\n|move|p1a: Wrap Summer|Seismic Toss|p2a: Starmie\n|-damage|p2a: Starmie|56/100 par\n|\n|upkeep\n|turn|96\n|\n|t:|1781902322\n|move|p1a: Wrap Summer|Psychic|p2a: Starmie\n|-resisted|p2a: Starmie\n|-damage|p2a: Starmie|36/100 par\n|move|p2a: Starmie|Recover|p2a: Starmie\n|-heal|p2a: Starmie|86/100 par\n|\n|upkeep\n|turn|97\n|\n|t:|1781902327\n|move|p1a: Wrap Summer|Seismic Toss|p2a: Starmie\n|-damage|p2a: Starmie|55/100 par\n|move|p2a: Starmie|Thunderbolt|p1a: Wrap Summer\n|-crit|p1a: Wrap Summer\n|-damage|p1a: Wrap Summer|44/100 par\n|\n|upkeep\n|turn|98\n|\n|t:|1781902338\n|move|p1a: Wrap Summer|Recover|p1a: Wrap Summer\n|-heal|p1a: Wrap Summer|94/100 par\n|move|p2a: Starmie|Blizzard|p1a: Wrap Summer|[miss]\n|-miss|p2a: Starmie\n|\n|upkeep\n|turn|99\n|\n|t:|1781902345\n|cant|p1a: Wrap Summer|par\n|cant|p2a: Starmie|par\n|\n|upkeep\n|turn|100\n|\n|t:|1781902349\n|cant|p1a: Wrap Summer|par\n|move|p2a: Starmie|Recover|p2a: Starmie\n|-heal|p2a: Starmie|100/100 par\n|\n|upkeep\n|turn|101\n|\n|t:|1781902358\n|switch|p2a: Chansey|Chansey|100/100 par\n|move|p1a: Wrap Summer|Seismic Toss|p2a: Chansey\n|-damage|p2a: Chansey|86/100 par\n|\n|upkeep\n|turn|102\n|\n|t:|1781902373\n|switch|p1a: 6 Turn Sleep Camp|Snorlax|100/100 par\n|move|p2a: Chansey|Thunderbolt|p1a: 6 Turn Sleep Camp\n|-damage|p1a: 6 Turn Sleep Camp|82/100 par\n|\n|upkeep\n|turn|103\n|\n|t:|1781902387\n|switch|p2a: Snorlax|Snorlax|47/100\n|cant|p1a: 6 Turn Sleep Camp|par\n|\n|upkeep\n|turn|104\n|\n|t:|1781902409\n|move|p2a: Snorlax|Reflect|p2a: Snorlax\n|-start|p2a: Snorlax|Reflect\n|move|p1a: 6 Turn Sleep Camp|Body Slam|p2a: Snorlax\n|-damage|p2a: Snorlax|34/100\n|\n|upkeep\n|turn|105\n|\n|t:|1781902416\n|switch|p1a: Master Freeze|Cloyster|63/100\n|move|p2a: Snorlax|Rest|p2a: Snorlax\n|-status|p2a: Snorlax|slp|[from] move: Rest\n|-heal|p2a: Snorlax|100/100 slp|[silent]\n|\n|upkeep\n|turn|106\n|\n|t:|1781902426\n|switch|p1a: Wrap Summer|Alakazam|94/100 par\n|cant|p2a: Snorlax|slp\n|\n|upkeep\n|turn|107\n|\n|t:|1781902441\n|switch|p1a: Master Freeze|Cloyster|63/100\n|-curestatus|p2a: Snorlax|slp|[msg]\n|\n|upkeep\n|turn|108\n|\n|t:|1781902458\n|switch|p1a: Wrap Summer|Alakazam|94/100 par\n|switch|p2a: Starmie|Starmie|100/100 par\n|\n|upkeep\n|turn|109\n|\n|t:|1781902469\n|cant|p1a: Wrap Summer|par\n|cant|p2a: Starmie|par\n|\n|upkeep\n|turn|110\n|\n|t:|1781902475\n|move|p1a: Wrap Summer|Seismic Toss|p2a: Starmie\n|-damage|p2a: Starmie|70/100 par\n|move|p2a: Starmie|Thunderbolt|p1a: Wrap Summer\n|-damage|p1a: Wrap Summer|74/100 par\n|\n|upkeep\n|turn|111\n|\n|t:|1781902482\n|move|p1a: Wrap Summer|Recover|p1a: Wrap Summer\n|-heal|p1a: Wrap Summer|100/100 par\n|move|p2a: Starmie|Recover|p2a: Starmie\n|-heal|p2a: Starmie|100/100 par\n|\n|upkeep\n|turn|112\n|\n|t:|1781902486\n|cant|p1a: Wrap Summer|par\n|cant|p2a: Starmie|par\n|\n|upkeep\n|turn|113\n|\n|t:|1781902492\n|switch|p1a: 6 Turn Sleep Camp|Snorlax|82/100 par\n|switch|p2a: Chansey|Chansey|86/100 par\n|\n|upkeep\n|turn|114\n|\n|t:|1781902497\n|switch|p2a: Snorlax|Snorlax|100/100\n|cant|p1a: 6 Turn Sleep Camp|par\n|\n|upkeep\n|turn|115\n|\n|t:|1781902504\n|move|p2a: Snorlax|Body Slam|p1a: 6 Turn Sleep Camp\n|-damage|p1a: 6 Turn Sleep Camp|55/100 par\n|move|p1a: 6 Turn Sleep Camp|Counter|p2a: Snorlax\n|-damage|p2a: Snorlax|45/100\n|\n|upkeep\n|turn|116\n|\n|t:|1781902517\n|switch|p1a: Tauros Happening|Tauros|100/100\n|move|p2a: Snorlax|Rest|p2a: Snorlax\n|-status|p2a: Snorlax|slp|[from] move: Rest\n|-heal|p2a: Snorlax|100/100 slp|[silent]\n|\n|upkeep\n|turn|117\n|\n|t:|1781902521\n|move|p1a: Tauros Happening|Body Slam|p2a: Snorlax\n|-damage|p2a: Snorlax|75/100 slp\n|cant|p2a: Snorlax|slp\n|\n|upkeep\n|turn|118\n|\n|t:|1781902529\n|switch|p2a: Starmie|Starmie|100/100 par\n|move|p1a: Tauros Happening|Body Slam|p2a: Starmie\n|-crit|p2a: Starmie\n|-damage|p2a: Starmie|31/100 par\n|\n|upkeep\n|turn|119\n|\n|t:|1781902545\n|move|p1a: Tauros Happening|Body Slam|p2a: Starmie\n|-damage|p2a: Starmie|0 fnt\n|faint|p2a: Starmie\n|\n|t:|1781902555\n|switch|p2a: Snorlax|Snorlax|75/100 slp\n|turn|120\n|\n|t:|1781902558\n|move|p1a: Tauros Happening|Body Slam|p2a: Snorlax\n|-damage|p2a: Snorlax|50/100 slp\n|-curestatus|p2a: Snorlax|slp|[msg]\n|\n|upkeep\n|turn|121\n|\n|t:|1781902570\n|move|p1a: Tauros Happening|Body Slam|p2a: Snorlax\n|-damage|p2a: Snorlax|27/100\n|move|p2a: Snorlax|Reflect|p2a: Snorlax\n|-start|p2a: Snorlax|Reflect\n|\n|upkeep\n|turn|122\n|\n|t:|1781902573\n|move|p1a: Tauros Happening|Blizzard|p2a: Snorlax\n|-damage|p2a: Snorlax|7/100\n|-status|p2a: Snorlax|frz\n|cant|p2a: Snorlax|frz\n|\n|upkeep\n|turn|123\n|\n|t:|1781902589\n|move|p1a: Tauros Happening|Body Slam|p2a: Snorlax\n|-crit|p2a: Snorlax\n|-damage|p2a: Snorlax|0 fnt\n|faint|p2a: Snorlax\n|\n|t:|1781902592\n|switch|p2a: Tauros|Tauros|100/100\n|turn|124\n|\n|t:|1781902607\n|switch|p1a: Gen 1 Overflow|Zapdos|100/100 slp\n|move|p2a: Tauros|Body Slam|p1a: Gen 1 Overflow\n|-damage|p1a: Gen 1 Overflow|72/100 slp\n|\n|upkeep\n|turn|125\n|\n|t:|1781902610\n|move|p2a: Tauros|Body Slam|p1a: Gen 1 Overflow\n|-damage|p1a: Gen 1 Overflow|45/100 slp\n|cant|p1a: Gen 1 Overflow|slp\n|\n|upkeep\n|turn|126\n|\n|t:|1781902613\n|move|p2a: Tauros|Body Slam|p1a: Gen 1 Overflow\n|-damage|p1a: Gen 1 Overflow|17/100 slp\n|cant|p1a: Gen 1 Overflow|slp\n|\n|upkeep\n|turn|127\n|\n|t:|1781902621\n|move|p2a: Tauros|Body Slam|p1a: Gen 1 Overflow\n|-damage|p1a: Gen 1 Overflow|0 fnt\n|faint|p1a: Gen 1 Overflow\n|\n|t:|1781902625\n|switch|p1a: Master Freeze|Cloyster|63/100\n|turn|128\n|\n|t:|1781902637\n|switch|p2a: Chansey|Chansey|86/100 par\n|move|p1a: Master Freeze|Blizzard|p2a: Chansey\n|-damage|p2a: Chansey|68/100 par\n|\n|upkeep\n|turn|129\n|\n|t:|1781902661\n|switch|p1a: Wrap Summer|Alakazam|100/100 par\n|move|p2a: Chansey|Thunderbolt|p1a: Wrap Summer\n|-damage|p1a: Wrap Summer|80/100 par\n|\n|upkeep\n|turn|130\n|\n|t:|1781902667\n|cant|p1a: Wrap Summer|par\n|move|p2a: Chansey|Soft-Boiled|p2a: Chansey\n|-heal|p2a: Chansey|100/100 par\n|\n|upkeep\n|turn|131\n|\n|t:|1781902672\n|move|p1a: Wrap Summer|Psychic|p2a: Chansey\n|-damage|p2a: Chansey|83/100 par\n|move|p2a: Chansey|Thunderbolt|p1a: Wrap Summer\n|-damage|p1a: Wrap Summer|60/100 par\n|\n|upkeep\n|turn|132\n|\n|t:|1781902675\n|move|p1a: Wrap Summer|Recover|p1a: Wrap Summer\n|-heal|p1a: Wrap Summer|100/100 par\n|move|p2a: Chansey|Thunderbolt|p1a: Wrap Summer\n|-damage|p1a: Wrap Summer|81/100 par\n|\n|upkeep\n|turn|133\n|\n|t:|1781902677\n|cant|p1a: Wrap Summer|par\n|cant|p2a: Chansey|par\n|\n|upkeep\n|turn|134\n|\n|t:|1781902680\n|move|p1a: Wrap Summer|Psychic|p2a: Chansey\n|-damage|p2a: Chansey|64/100 par\n|move|p2a: Chansey|Ice Beam|p1a: Wrap Summer\n|-damage|p1a: Wrap Summer|61/100 par\n|\n|upkeep\n|turn|135\n|inactive|Gilgeous has 270 seconds left.\n|inactive|Deezcastforms has 270 seconds left.\n|c|☆Deezcastforms|fucking\n|c|☆Deezcastforms|reco fail\n|c|☆Deezcastforms|fuck\n|c|☆Deezcastforms|bruh\n|c|☆Gilgeous|xd\n|inactive|Deezcastforms has 240 seconds left.\n|c|☆Deezcastforms|at least i can see the bold red text\n|c|☆Deezcastforms|unlikee bee\n|\n|t:|1781902759\n|cant|p1a: Wrap Summer|par\n|move|p2a: Chansey|Ice Beam|p1a: Wrap Summer\n|-damage|p1a: Wrap Summer|40/100 par\n|\n|upkeep\n|turn|136\n|c|☆Gilgeous|shoutout \n|inactive|Deezcastforms has 240 seconds left.\n|\n|t:|1781902779\n|switch|p2a: Tauros|Tauros|100/100\n|move|p1a: Wrap Summer|Recover|p1a: Wrap Summer\n|-heal|p1a: Wrap Summer|90/100 par\n|\n|upkeep\n|turn|137\n|\n|t:|1781902796\n|switch|p1a: 6 Turn Sleep Camp|Snorlax|55/100 par\n|move|p2a: Tauros|Hyper Beam|p1a: 6 Turn Sleep Camp\n|-damage|p1a: 6 Turn Sleep Camp|10/100 par\n|-mustrecharge|p2a: Tauros\n|\n|upkeep\n|turn|138\n|\n|t:|1781902801\n|cant|p2a: Tauros|recharge\n|move|p1a: 6 Turn Sleep Camp|Counter|p2a: Tauros\n|-damage|p2a: Tauros|0 fnt\n|faint|p2a: Tauros\n|\n|t:|1781902808\n|switch|p2a: Exeggutor|Exeggutor|49/100 par\n|turn|139\n|\n|t:|1781902811\n|move|p2a: Exeggutor|Psychic|p1a: 6 Turn Sleep Camp\n|-damage|p1a: 6 Turn Sleep Camp|0 fnt\n|faint|p1a: 6 Turn Sleep Camp\n|\n|t:|1781902814\n|switch|p1a: Master Freeze|Cloyster|63/100\n|turn|140\n|inactive|Gilgeous has 270 seconds left.\n|inactive|Deezcastforms has 240 seconds left.\n|\n|t:|1781902844\n|switch|p2a: Chansey|Chansey|64/100 par\n|move|p1a: Master Freeze|Blizzard|p2a: Chansey\n|-damage|p2a: Chansey|47/100 par\n|\n|upkeep\n|turn|141\n|inactive|Deezcastforms has 240 seconds left.\n|\n|t:|1781902853\n|move|p1a: Master Freeze|Explosion|p2a: Chansey\n|-damage|p2a: Chansey|0 fnt\n|faint|p2a: Chansey\n|faint|p1a: Master Freeze\n|\n|t:|1781902858\n|switch|p1a: Wrap Summer|Alakazam|90/100 par\n|switch|p2a: Exeggutor|Exeggutor|49/100 par\n|turn|142\n|\n|t:|1781902861\n|move|p1a: Wrap Summer|Seismic Toss|p2a: Exeggutor\n|-damage|p2a: Exeggutor|24/100 par\n|cant|p2a: Exeggutor|par\n|\n|upkeep\n|turn|143\n|\n|t:|1781902864\n|move|p1a: Wrap Summer|Seismic Toss|p2a: Exeggutor\n|-damage|p2a: Exeggutor|0 fnt\n|faint|p2a: Exeggutor\n|\n|win|Gilgeous\n|c|☆Gilgeous|gg\n|c|☆Deezcastforms|gg\n|c|☆Gilgeous|/log Gilgeous made the replay of this battle unlisted.\n","uploadtime":1781902864,"views":"99","formatid":"gen1ou","rating":null,"private":2,"password":null}